4750 6725
423 533 475 590 tte

927 511 1084 578 etonem
1109 515 1386 607 cmrurmeusts
1412 511 1571 575 uorttcnt

2029 515 2084 572 1211

462 651 544 726 Quod
568 649 706 723 videntes,
733 665 803 709 rane
829 661 879 706 nos
915 648 952 703 ibi
986 645 1131 703 consilinm
1157 644 1226 700 nihil
1238 646 1267 706 A
1281 645 1354 700 hunc
1368 643 1462 699 sedern
1475 643 1635 709 relemntur,
1660 639 1776 698 consilia
1797 648 1824 696 et
1848 640 1958 709 audis,
1982 641 2052 716 sient
2066 657 2085 696 e

426 747 557 808 auxilinm
589 743 691 816 operiri
721 737 914 806 intelleximus,
947 735 1084 808 petitaque
1115 733 1224 796 licentia

425 838 587 911 Lugdunum
620 844 744 887 remeare
774 825 948 883 decrivimus.
975 823 1063 893 Quem
1088 822 1224 880 licentiam

427 945 489 984 cnm
505 923 659 980 nullatenus
677 919 831 988 impetrare,
848 911 1225 984 potuissemus,remansimus

428 1018 522 1074 llornae
537 1025 622 1080 nsque
636 1008 671 1062 nd
686 1003 845 1079 prefinitum
862 1010 968 1074 tempus
992 1001 1106 1070 consilii,
1135 1000 1225 1056 conti-

430 1119 483 1160 nue
497 1102 569 1156 circe
584 1111 685 1168 pepam
699 1094 830 1166 degentes
845 1099 871 1147 et
886 1090 964 1161 quasi
979 1090 1007 1144 in
1025 1104 1168 1146 commune
1182 1089 1225 1144 vi-

427 1199 528 1250 ventes.
543 1189 601 1242 Nec
614 1185 686 1241 enirn
701 1184 774 1250 duee,
790 1181 839 1236 sed
855 1195 908 1235 une
924 1178 1068 1234 videbatur
1082 1178 1224 1234 amborum

427 1280 501 1338 curie
516 1291 585 1333 esse.
602 1273 679 1330 Unde
694 1270 796 1340 etipse
811 1285 882 1340 pepe
897 1267 1052 1339 frequenter
1064 1266 1100 1321 nd
1127 1265 1225 1320 llnsel-

427 1384 502 1426 mum
516 1363 654 1430 veniebat,
670 1360 731 1416 leete
746 1374 810 1415 cum
824 1373 857 1413 eo
871 1373 930 1412 sese
947 1357 1066 1426 egendo,
1078 1364 1104 1411 et
1124 1355 1226 1410 curiam

425 1455 552 1515 leniendo
581 1452 629 1515 εἰς
655 1448 730 1504 dedit
753 1461 861 1520 quoqne
883 1443 923 1500 illi
948 1444 1094 1516 hospitium
1118 1444 1147 1498 in
1173 1458 1226 1514 qno

427 1541 657 1606 conservabemnr
680 1551 713 1593 eo
738 1537 799 1606 jure
828 1543 866 1601 ut,
896 1533 919 1588 si
947 1533 1226 1606 eliquendollomsm

426 1635 542 1701 rediret,
558 1637 652 1688 contra
666 1641 760 1682 omnes
774 1623 897 1680 homines
911 1622 979 1677 illud
993 1622 1045 1678 sibi
1060 1622 1223 1678 vindicaret.

427 1729 489 1796 lpse
511 1725 537 1776 iu
561 1724 694 1776 conventu
718 1713 862 1782 nobilium,
890 1712 919 1766 in
941 1709 1168 1782 processionibus,
1198 1709 1228 1764 in

428 1809 601 1874 stelionibus,
617 1819 726 1876 semper
740 1809 766 1858 et
780 1801 882 1873 ubique
897 1817 913 1856 e
927 1816 1000 1872 pepe
1013 1799 1146 1855 secundus
1159 1805 1226 1866 eret,

1278 731 1520 803 capiteomnium,
1545 731 1727 801 requiruntur.
1750 728 1805 785 Sed
1826 745 1879 800 qno
1902 730 2084 786 terminentur

1279 819 1386 887 effectu,
1404 822 1456 875 heu
1471 828 1542 877 totns
1553 819 1670 876 muudus
1685 819 1762 876 novit
1774 827 1801 874 et
1814 818 1877 874 inde
1890 819 2081 890 conqueriturl

1278 910 1320 964 De
1342 909 1420 978 enjus
1444 908 1537 964 mundi
1560 907 1748 964 remotissimis
1769 907 1891 979 pertibus
1917 924 1988 962 unus
2015 922 2085 963 ecee

1278 998 1349 1052 inter
1384 1013 1435 1053 nos
1470 998 1594 1054 modeste
1621 997 1802 1053 taciturnitate
1838 996 1982 1066 quiescens
2009 996 2086 1052 mitis

1279 1086 1387 1150 residet,
1408 1085 1489 1157 cujus
1507 1086 1642 1140 silentium
1662 1086 1769 1141 clemor
1786 1099 1903 1158 maguus
1931 1093 1984 1154 est,
2003 1085 2085 1154 cujus

1279 1175 1420 1230 humilitas
1435 1183 1462 1230 et
1476 1175 1605 1245 patientie
1619 1191 1673 1245 quo
1688 1174 1820 1230 declivior
1848 1181 1928 1246 atque
1950 1189 2084 1230 meusne-

1279 1264 1340 1331 tior,
1353 1279 1385 1320 eo
1400 1263 1543 1321 sublimior
1557 1270 1599 1320 est
1613 1273 1675 1319 ente
1682 1265 1770 1320 Deum
1779 1262 1843 1323 etin
1857 1278 1909 1319 nos
1924 1262 2083 1331 ferventior,

1279 1352 1331 1408 isle
1356 1367 1435 1420 unus,
1459 1368 1540 1420 nnus,
1564 1352 1687 1423 iuquam,
1712 1352 1773 1420 iste,
1801 1367 1882 1425 quam
1896 1350 2085 1408 crudelissime

1280 1439 1395 1496 sillictus
1410 1457 1491 1512 quem
1505 1439 1683 1510 injustissime
1696 1440 1753 1496 snis
1767 1440 1893 1496 omnibus
1918 1437 2087 1510 exspoliatus

1280 1531 1355 1586 venit
1379 1529 1431 1585 huc
1450 1527 1587 1595 iudicium
1610 1537 1638 1586 et
1655 1529 1809 1601 equitatem
1832 1530 1988 1601 apostolice
2011 1529 2085 1586 sedis

1281 1617 1316 1674 de
1329 1619 1440 1692 negotio
1455 1634 1503 1674 suo
1514 1616 1676 1692 efflagitans.
1688 1618 1748 1674 lem
1759 1618 1987 1675 annussecundus
1997 1618 2084 1689 estis)

1282 1723 1334 1777 quo
1349 1708 1402 1762 huc
1415 1706 1498 1774 venit,
1514 1705 1564 1761 sed
1579 1707 1622 1761 vel
1636 1705 1701 1777 quid
1727 1707 1870 1778 hucusque
1896 1706 2084 1765 subventionis

1281 1795 1407 1852 inveniti
1422 1794 1450 1850 st
1464 1794 1499 1850 de
1514 1810 1568 1867 quo
1582 1795 1644 1852 dico
1656 1811 1711 1851 non
1725 1810 1819 1851 omnes
1841 1794 2001 1868 agnoscitis,
2022 1795 2085 1867 ipse

426 1917 484 1974 prae
518 1895 621 1954 cunctis
651 1895 810 1960 honoratus,
838 1889 1100 1960 cunctisecceptus‚
1122 1887 1228 1958 etipse
1282 1892 1326 1940 est
1352 1883 1496 1940 hnsclmus
1522 1885 1743 1956 archiepiscopus
1770 1883 1887 1956 englieae
1915 1883 2047 1957 regionis.
2071 1908 2083 1932 s

428 1987 531 2050 cunctis
550 1982 665 2056 simplici
681 1979 831 2037 humilitate
846 1978 1004 2034 submissus.
1243 1974 1331 2050 Bllis
1345 1974 1424 2031 dictis
1434 1973 1538 2046 virgam
1553 1973 1729 2045 pastoralem,
1745 1988 1827 2044 quam
1855 1987 1941 2028 menn
1963 1973 2086 2039 tenebat,

466 2075 533 2129 Cum
547 2085 612 2126 vero
627 2067 661 2122 ed
676 2064 818 2122 consilium
834 2072 944 2121 ventum
959 2065 1079 2131 esset,et
1093 2059 1229 2133 episeopis
1285 2063 1363 2118 tertio
1391 2062 1547 2132 pavimento
1562 2061 1648 2128 illisit,
1665 2061 1884 2134 indignationem
1898 2062 2008 2132 spiritus
2031 2062 2088 2132 sui,

428 2163 475 2238 qni
489 2163 524 2217 de
537 2157 614 2214 ltelie
629 2163 656 2210 et
671 2153 761 2210 Gallie
775 2159 904 2208 venerant
924 2167 987 2206 sues
1007 2151 1087 2206 sedes
1110 2159 1137 2206 et
1158 2164 1230 2206 con·
1284 2149 1450 2221 compressis
1477 2150 1592 2220 exploso
1620 2165 1757 2205 murmure
1786 2149 1864 2206 lebiis
1890 2157 1918 2206 et
1944 2150 2087 2220 dentibus,

427 2249 567 2310 suetudine
581 2241 797 2312 vendicantibus,
816 2257 896 2296 nemo
913 2241 1042 2296 existeret
1056 2239 1102 2310 qni
1130 2254 1160 2295 se
1187 2239 1230 2293 vel
1284 2238 1376 2310 palem
1391 2239 1495 2295 cunctis
1507 2238 1664 2295 ostendens.
1679 2238 1721 2292 ild
1735 2240 1793 2295 baec
1807 2254 1878 2310 pepe
1905 2238 1930 2294 ei
1957 2240 2086 2309 innuens,

428 2341 537 2400 audisse
553 2336 596 2392 vel
617 2333 719 2388 vidisse
747 2329 983 2401 ercltiepiscopum
1011 2327 1231 2383 cantuariensem
1285 2327 1348 2383 eit:
1371 2327 1491 2382 «Frater
1506 2327 1651 2400 lteingere,
1667 2325 1777 2396 sufficit,
1793 2326 1898 2384 sufficit.
1919 2329 1962 2384 De
1982 2329 2034 2384 hac
2053 2345 2088 2384 re

428 2432 553 2488 Romeno
569 2421 686 2481 concilio
702 2428 764 2476 ente
781 2420 839 2475 heec
868 2417 1020 2474 interfuisse
1048 2417 1158 2485 diceret,
1187 2411 1232 2472 vel
1285 2415 1390 2473 bonurn
1404 2415 1546 2472 consilinm
1562 2415 1651 2472 erite
1677 2418 1711 2471 nt
1733 2415 1790 2482 ille,
1813 2416 1944 2487 producto
1970 2416 1999 2470 in
2021 2432 2086 2472 euru

427 2519 500 2578 scire
515 2530 569 2590 quo
582 2522 645 2568 tune
658 2511 686 2566 in
701 2509 761 2566 loco
776 2507 872 2564 sedere
896 2507 1018 2574 deberet,
1040 2522 1073 2561 ex
1094 2513 1231 2576 praeoepto
1285 2505 1391 2575 spiritu,
1421 2504 1509 2577 iuquit
1526 2519 1533 2559 τ
1553 2527 1564 2554 s
1582 2505 1616 2561 Et
1630 2505 1756 2576 equidem
1770 2505 1893 2576 expedit.
1907 2506 1978 2562 Nam
2004 2505 2088 2562 aliter

429 2622 509 2680 pepae
523 2605 551 2658 in
565 2615 666 2659 corone
680 2597 738 2671 113)
753 2596 879 2654 sedesilli
892 2596 978 2668 posita
990 2595 1089 2666 est(n),
1100 2593 1145 2666 qui
1155 2593 1231 2648 locus
1284 2609 1348 2649 eum
1362 2592 1408 2663 qui
1426 2594 1499 2665 Juste
1520 2593 1635 2664 judicet,
1663 2608 1718 2649 non
1741 2594 1876 2649 transibit.
1894 2616 1905 2643 a
1922 2594 2029 2651 Deinde
2048 2594 2088 2650 ad
2125 2647 2132 2656 Ι

429 2713 483 2754 non
498 2691 606 2750 obscuri
620 2687 732 2746 honoris
746 2686 773 2741 in
788 2685 835 2742 teli
863 2691 995 2742 conventu
1024 2683 1093 2739 solet
1121 2682 1229 2737 baberi.
1284 2681 1448 2753 perdicenda
1479 2681 1586 2739 concilii
1614 2681 1724 2738 decreto
1756 2681 1884 2751 monitus,
1922 2683 2006 2739 verbs
2034 2699 2087 2740 η.

428 2785 514 2859 Igitur
527 2782 591 2838 dum
606 2778 704 2848 inipso
718 2775 834 2832 concilio
848 2774 934 2829 multe
951 2780 1137 2839 tractarentur,
1143 2771 1231 2826 multa
1283 2770 1398 2842 sumpsit
1411 2785 1445 2826 ac
1459 2770 1487 2825 iu
1500 2769 1552 2826 dne
1566 2770 1686 2840 dicendi,
1702 2787 1737 2826 ne
1750 2770 1831 2842 perri
1851 2770 2017 2843 penderetur
2039 2772 2086 2826 in.

429 2875 650 2946 disponerentur,
663 2865 749 2921 multa
772 2863 914 2920 observari
938 2862 1154 2927 decernerentur,
1179 2875 1230 2915 nec
1280 2860 1355 2931 Jurie
1367 2860 1496 2916 Anselmo
1510 2859 1596 2927 illata,
1610 2860 1718 2932 repetit,
1734 2860 1849 2929 monuit,
1863 2869 1891 2916 et
1904 2876 2011 2917 sessum
2025 2861 2085 2918 ivit,

430 2975 521 3020 tumen
547 2959 582 3014 eb
606 2955 733 3011 omuibus
755 2952 858 3023 partim
879 2958 990 3022 propter
1004 2956 1151 3006 conventus
1173 2947 1228 3002 im·
1283 2950 1348 3005 llaec
1362 2948 1465 3016 omnia,
1478 2965 1540 3004 cnm
1555 2949 1636 3004 Peter
1660 2948 1803 3006 huselmns
1824 2948 1947 3006 audisset
1969 2958 1997 3005 et
2019 2958 2085 3006 teu-

429 3047 611 3114 mensitalem,
627 3042 724 3114 purtim
739 3047 848 3113 propter
862 3039 1018 3094 intrantium
1033 3046 1059 3092 et
1073 3037 1230 3093 exeuntium
1283 3038 1345 3094 dem
1361 3037 1434 3094 circe
1446 3036 1528 3092 linem
1543 3037 1686 3094 rerbomm
1701 3037 1735 3093 de
1749 3053 1780 3094 se
1794 3037 1869 3094 dicte
1895 3037 2084 3109 intellexisset,

429 3151 573 3208 ecorpore
600 3134 631 3190 B.
660 3130 730 3187 Petri
758 3127 899 3200 strepitum
926 3134 954 3183 et
980 3125 1228 3197 concrepationem,
1283 3126 1384 3198 oppido
1396 3125 1509 3182 miratus
1524 3134 1574 3195 est,
1588 3127 1677 3184 sciens
1691 3143 1722 3182 se
1736 3142 1787 3184 nec
1801 3126 1904 3182 homini
1927 3128 1963 3184 de
1985 3145 2016 3184 re
2039 3128 2086 3185 lo-

429 3229 502 3288 clsre
517 3222 739 3294 intelligerentur,
754 3215 883 3289 precepit
897 3217 957 3287 ipse
971 3213 1129 3287 pontificum
1152 3231 1230 3270 sum·
1283 3224 1375 3272 cutum
1403 3214 1496 3283 luisse,
1521 3231 1572 3271 nee.
1594 3230 1611 3270 a
1631 3231 1661 3271 se
1685 3215 1730 3271 vel
1750 3214 1806 3272 ullo
1829 3231 1951 3284 suorum,
1973 3224 2003 3272 nt
2021 3216 2088 3272 talia

427 3311 614 3376 mnshucensi
628 3304 1267 3407 episcopo,lisingero(d)uomine,quatenusc
1283 3304 1395 3374 diceret,
1419 3303 1594 3376 processisse.
1618 3303 1737 3362 Sedabet
1757 3319 1824 3378 ergo
1848 3303 1885 3361 uti
1904 3304 2021 3375 solebat,
2042 3305 2086 3362 si-

427 3408 456 3464 in
469 3405 561 3463 medio
575 3400 681 3460 ceteris
704 3396 868 3455 eminenttor
891 3402 990 3464 staret,
1015 3409 1046 3449 ec
1060 3409 1160 3449 sonore
1175 3408 1229 3466 qua
1281 3394 1369 3451 lenter
1382 3392 1549 3450 auscultans,

429 3495 554 3568 pollebat
567 3506 635 3548 voce
651 3504 711 3560 quas
725 3494 823 3542 statute
837 3491 913 3540 erent
929 3491 1090 3539 cunctorum
1118 3482 1229 3537 auribus
1318 3484 1391 3539 lnter
1406 3483 1497 3538 ultime
1512 3498 1577 3540 vero
1591 3482 1705 3557 synodi,
1715 3483 1773 3553 J'am
1801 3483 1896 3541 recisis
1918 3500 1982 3555 que
2009 3485 2087 3541 reei-

430 3598 560 3656 expresse
575 3580 733 3651 deponeret.
750 3576 828 3629 Peter
842 3574 903 3645 ipse
917 3571 1089 3644 praesidentis
1102 3570 1227 3642 imperio,
1282 3571 1372 3627 dende
1387 3579 1413 3627 et
1426 3571 1531 3627 statutis
1545 3588 1606 3645 quse
1620 3572 1679 3628 vise
1701 3573 1812 3629 suerunt
1839 3573 2029 3630 wngyjyugng,
2056 3572 2086 3627 y„

430 3688 525 3731 vemm
541 3666 678 3726 nonnullis
692 3665 727 3721 eb
742 3679 774 3721 eo
789 3661 914 3735 capitulis
926 3660 954 3716 in
962 3659 1099 3716 audientia
1108 3659 1228 3716 omnium
1283 3660 1451 3717 adversarios
1483 3665 1585 3718 sanctes
1619 3660 1750 3719 Ecclesiee
1793 3661 2087 3721 excommunicacionis

431 3763 533 3819 diserte
574 3754 715 3829 expositis,
764 3752 854 3808 subito
895 3749 1095 3805 admirantibus
1115 3749 1228 3815 cunctis,
1282 3750 1445 3806 seutentiam
1472 3765 1535 3806 eum
1562 3756 1619 3806 toto
1645 3750 1762 3807 coneilio
1791 3766 1860 3823 psps
1888 3751 1996 3807 intorsit
2018 3750 2087 3822 quie

427 3851 513 3919 vultu,
530 3862 607 3914 voce,
624 3861 656 3900 ec
683 3849 761 3915 gestu
789 3838 909 3911 corporis
936 3839 964 3893 in
991 3838 1074 3893 alium
1104 3838 1228 3893 habitum
1283 3838 1416 3895 sententie
1443 3854 1539 3895 omnes
1567 3854 1675 3910 qnoque
1702 3839 1773 3896 laico
1799 3839 1976 3897 ingessum,
1989 3839 2086 3895 gwy&

428 3940 582 3996 demutatus
592 3940 643 3999 est,
659 3930 730 3985 unde
744 3944 854 3985 suorum
870 3926 1003 3982 luminum
1028 3925 1086 3981 ecie
1113 3926 1142 3980 in
1169 3926 1228 3980 cir·
1281 3927 1381 3984 siarum
1403 3928 1508 3998 dentes,
1534 3931 1562 3983 et
1584 3943 1679 3984 omnes
1710 3928 1820 3985 easdem
1848 3928 2022 3985 investium,
2049 3928 2087 3985 ge

427 4024 616 4085 cumsedeutes
650 4019 763 4087 directe,
795 4016 945 4071 vulnerate
976 4015 1075 4069 mentis
1106 4013 1228 4069 dolorem
1282 4017 1409 4073 menibus
1422 4017 1531 4072 illsmm
1545 4016 1720 4089 recipientes,
1746 4032 1834 4074 necne
1856 4033 1952 4075 omnes
1973 4018 2002 4073 in
2021 4016 2086 4073 0ffi.

428 4116 500 4171 ultm
513 4108 684 4166 dissimulare
698 4120 754 4160 uon
770 4104 869 4174 potnit.
888 4103 976 4173 llupte
996 4102 1078 4174 igitur
1104 4102 1224 4159 decreto·
1281 4106 1355 4163 cium
1367 4106 1407 4163 sic
1421 4104 1477 4161 deti
1492 4105 1604 4161 honoris
1618 4106 1778 4176 hujusmodi
1791 4115 1991 4173 consecrantes,
2021 4107 2085 4178 peri

428 4219 488 4259 rum
503 4198 586 4264 serie,
603 4211 663 4267 qnae
678 4192 841 4265 exponenda
864 4198 1032 4261 susceperat,
1062 4189 1159 4259 intulit,
1183 4188 1229 4245 di·
1283 4192 1364 4251 modc
1378 4193 1500 4251 involvit.
1515 4195 1571 4249 Eos
1584 4194 1760 4251 nihilominus
1780 4196 1830 4251 sub
1852 4196 1940 4267 ipsius
1964 4196 2085 4253 ruethe-

429 4306 518 4349 cens:
545 4310 556 4337 u
583 4284 637 4342 Sed
665 4281 790 4339 videlicet
815 4278 879 4351 quid
907 4278 1058 4335 iaciamus‘l
1086 4279 1231 4351 Praeceptis
1282 4282 1485 4340 metisvinculo
1509 4282 1650 4356 colligerit
1663 4284 1710 4357 qui
1736 4299 1785 4356 pro
1812 4283 2002 4341 ecclesiasticis
2028 4285 2085 4341 bo·

428 4378 553 4437 subditos
574 4387 727 4441 oneremus,
744 4377 772 4426 et
800 4368 897 4441 iniquis
913 4376 1089 4439 tyrannorum
1117 4368 1230 4425 sevitiis
1282 4371 1395 4427 noxibus
1421 4370 1551 4428 leicomm
1578 4371 1722 4428 hominum
1749 4373 1878 4430 homines
1904 4371 1973 4428 fiunt
1986 4373 2085 4430 dim,

426 4486 482 4527 non
502 4465 654 4523 obviamus.
682 4458 881 4533 Oppressiones
895 4473 1012 4529 nemque
1030 4473 1097 4527 ques
1112 4456 1163 4529 ipsi
1178 4472 1228 4513 sue
1281 4460 1363 4516 nimis
1379 4459 1549 4517 exsecrabile
1564 4460 1652 4517 videri
1666 4475 1763 4516 menes
1775 4476 1837 4534 que
1851 4461 1881 4516 in
1895 4469 1997 4517 tentem
2014 4463 2085 4518 emi-

430 4554 571 4631 tyrennide
586 4549 715 4610 Ecclesiis
743 4546 872 4615 inierunt,
896 4554 922 4601 et
936 4545 1145 4617 exspoliationes
1159 4562 1225 4617 per·
1280 4548 1403 4606 nendem
1432 4547 1614 4616 excreverint,
1643 4556 1683 4617 ut,
1713 4549 1786 4620 quod
1818 4550 1887 4605 nulli
1924 4550 2084 4624 Anglorum
2181 4567 2182 4616 t

425 4632 553 4705 soneru'm
567 4658 627 4714 que
648 4636 756 4697 tuendis
769 4636 824 4692 illis
839 4634 965 4693 institute
979 4642 1041 4690 sunt
1055 4632 1176 4707 quotidie
1188 4634 1226 4691 ed
1280 4651 1439 4693 concessum
1453 4644 1505 4706 est,
1521 4637 1609 4693 Deum
1619 4643 1716 4695 cuncte
1728 4644 1868 4698 creantem
1881 4653 1931 4695 suo
1959 4638 2085 4695 ministe-

1079 4775 1296 4833 HENSCHENII
1315 4776 1430 4833 NOTAE.

427 4886 491 4946 enni
525 4882 593 4941 1099
617 4878 790 4946 celebrando,
814 4876 977 4934 sententiam
1001 4875 1226 4933 excommunica·
1279 4875 1369 4949 capite
1383 4874 1478 4931 sedeat
1491 4873 1613 4946 pontifex
1629 4891 1691 4932 cum
1705 4876 1761 4932 suis
1775 4885 1821 4933 eut
1834 4876 1915 4951 legeti
1929 4878 2081 4949 pontificii:

427 4959 513 5016 tionis
528 4957 688 5012 celaturum
703 4950 857 5005 minabatur
883 4946 1029 5019 pontilex;
1058 4948 1128 5004 ultre
1154 4947 1227 5017 quod
1280 4963 1313 5003 ex
1328 4955 1443 5019 utroque
1457 4956 1546 5002 eutem
1562 4947 1647 5003 letere
1674 4949 1805 5019 producte
1833 4964 1943 5004 scamna
1970 4950 2083 5007 demum

428 5026 603 5085 nihilominus
630 5022 754 5080 indecies
781 5020 915 5077 concessit
941 5034 1026 5088 usque
1062 5020 1096 5074 ad
1129 5018 1227 5074 testum
1279 5019 1309 5073 in
1322 5017 1501 5089 hemicyclum
1515 5025 1633 5082 coeant;
1651 5020 1696 5091 qui
1711 5018 1878 5090 hemicyclus
1904 5019 2011 5076 ridetur
2037 5023 2085 5079 hic
2181 5015 2182 5092 l

429 5100 458 5156 S.
474 5096 614 5155 blicheelis
630 5112 637 5159 ;
654 5111 688 5150 en
702 5093 831 5163 primum,
850 5104 899 5145 vrn
915 5090 978 5145 lleii
1005 5090 1167 5145 recurrens‘l
1192 5105 1226 5145 en
1280 5105 1387 5147 corona
1400 5089 1544 5159 appellari,
1558 5096 1638 5159 atque
1653 5090 1723 5145 eden
1739 5089 1818 5161 plene
1833 5108 1866 5146 ex
1885 5092 2013 5163 opposito
2027 5110 2083 5165 pe·
2181 5107 2182 5138 1

428 5185 495 5225 vero
510 5166 659 5224 solemnius
672 5166 794 5233 alterum,
811 5177 879 5217 xxtx
893 5160 1060 5232 Septembris
1070 5162 1084 5214 ‘l
1094 5160 1227 5217 Existimo
1280 5176 1323 5232 pae
1338 5159 1441 5215 sedisse
1454 5160 1599 5215 anselmus
1615 5178 1621 5214 ε
1638 5160 1673 5216 de
1687 5177 1740 5231 quo
1755 5162 1851 5218 scribit
1866 5161 2012 5219 Gervasius
2022 5166 2082 5221 Do·

430 5239 602 5297 secundum:
646 5235 689 5291 uie
713 5234 776 5289 licet
790 5233 863 5303 prior
877 5231 1010 5287 terminus
1030 5231 1177 5287 sufficiebat
1199 5240 1228 5287 ut
1281 5230 1457 5287 robernensis
1471 5230 1498 5285 in
1513 5248 1563 5287 ms.
1579 5231 1651 5301 apud
1672 5230 1830 5303 Seldeuum,
1852 5234 1980 5292 Alterius
2005 5237 2083 5293 orbis

427 5310 495 5367 nihil
519 5326 534 5364 a
562 5254 677 5363 concilo
704 5304 793 5361 timeri
821 5304 942 5371 deberet,
973 5302 1044 5358 inire
1071 5310 1160 5358 tamen
1182 5302 1223 5384 ‘de
1274 5318 1314 5375 pa
1334 5318 1381 5357 cm
1395 5309 1521 5383 nocetum
1536 5302 1704 5359 eburnam),

426 5388 514 5439 morte
527 5379 628 5436 Urbani
642 5392 727 5449 egens
752 5382 855 5443 suctor,
883 5389 1002 5445 eumque
1029 5373 1121 5430 dicens
1148 5388 1224 5442 prius
1312 5318 1349 5444 (d)
1363 5373 1523 5444 llemgerns,
1538 5374 1597 5428 aliis
1611 5373 1761 5445 lltnpcrias
1775 5383 1802 5431 et
1816 5378 1858 5433 lla
1897 5376 1985 5444 erius,
2009 5377 2082 5436 vixit

426 5454 531 5511 obitum
546 5463 627 5520 quem
642 5461 805 5517 responsum
819 5461 855 5501 ex
867 5443 964 5517 duglia
974 5450 1160 5515 exspectatum
1175 5458 1224 5500 ve·
1277 5460 1365 5516 usque
1379 5444 1414 5499 ad
1429 5460 1530 5500 annum
1544 5447 1627 5502 lllt.
1646 5446 1761 5503 Exstant
1772 5447 1868 5504 ldathil
1888 5448 2031 5521 isreginae
2044 5452 2081 5507 ad

425 5525 498 5583 niret
523 5520 589 5577 setis
603 5518 714 5585 indicet,
730 5532 762 5573 se
775 5516 817 5571 bis
850 5515 1008 5573 osteriorem
1021 5515 1166 5571 terminum
1178 5515 1223 5569 in·
1279 5532 1340 5570 eum
1355 5530 1370 5571 e
1391 5515 1490 5572 fistolae,

426 5565 568 5667 tellig'ere;
584 5588 803 5663 quandoquidem
817 5532 864 5641 ifle
886 5584 986 5642 obierit
998 5586 1105 5643 duobus
1119 5585 1225 5643 mensi·
1315 5586 1354 5659 (c)
1369 5532 1509 5643 Secundus
1523 5602 1610 5643 annus
1624 5586 1659 5642 ab
1686 5585 1803 5645 adventu
1831 5588 1860 5645 S.
1884 5590 2007 5648 hnsdmi
2022 5591 2084 5649 tto.

423 5668 477 5725 bns
528 5673 553 5721 sl
565 5666 692 5735 primumi
704 5658 805 5715 Svffit'dtl
818 5660 852 5713 29
866 5657 881 5713 J
884 5657 940 5712 ulii·
1279 5672 1352 5712 mam
1379 5672 1433 5713 non
1448 5656 1548 5725 linitus,
1564 5657 1612 5714 sed
1626 5658 1767 5715 inchoatus
1780 5660 1920 5731 duntaxat,
1942 5662 1988 5721 hic
2001 5663 2084 5721 intel·

424 5680 582 5874 afflue
595 5732 709 5807 picture
722 5728 907 5813 tridentinen
921 5736 969 5813 aut
993 5727 1099 5812 similes
1108 5727 1227 5801 synodos
1280 5726 1330 5801 ligi
1342 5697 1442 5794 debet5
1457 5728 1497 5786 nti
1510 5744 1544 5786 ex
1558 5728 1637 5788 dictis
1651 5738 1774 5803 apparet.

482 5810 487 5821 '
511 5812 567 5881 ent,
591 5808 788 5887 representaret
813 5799 909 5859 sedtha
934 5816 976 5858 sac
996 5800 1137 5890 disposite,
1153 5808 1184 5857 nt
1197 5798 1227 5855 ln
