4750 6725
411 498 462 558 tat
927 481 1081 545 stuttttttt
1095 482 1377 541 ctutbttttttusrs
1387 484 1553 545 boussut
2012 496 2073 551 792

412 638 580 702 excellentus
592 637 679 707 sedit,
695 635 720 693 ei
734 632 919 707 presignetus
941 631 984 688 sit.
999 628 1131 686 Nimirum
1147 643 1213 700 per·
1225 609 1255 671 Α
1269 626 1346 700 cujus
1359 629 1491 687 momenti
1506 633 1643 705 reputans,
1672 633 1707 691 ad
1735 635 1788 693 boe
1814 634 1900 695 solum
1928 653 1958 695 se
1979 645 2074 695 totum

417 733 531 789 verbum
547 729 606 798 Dei,
622 727 695 798 quod
708 723 838 795 scriptum
850 720 969 791 suscepit
995 720 1023 774 in
1036 719 1129 791 gladio
1143 718 1212 774 bes-

416 820 513 878 tissimi
531 817 611 885 Petri,
627 814 774 871 secundum
789 811 864 886 quod
879 810 944 865 illud
959 824 1008 865 rex
1021 808 1147 864 Edredus
1160 823 1212 862 ca·

413 909 514 983 posuit,
528 904 637 981 quando
651 903 676 959 ei
690 901 822 959 visionem
845 899 930 971 ipsam
960 898 1020 970 ipse
1046 899 1211 964 Dunstanus,

410 1003 444 1055 ut
458 994 640 1069 praediximus,
656 989 758 1047 retulit.
778 989 879 1062 Sioque
905 988 1014 1061 gladius
1034 986 1104 1042 Petri
1120 985 1211 1043 eecle-

413 1086 482 1142 siam
498 1083 581 1151 Petri,
597 1089 625 1137 et
636 1080 748 1137 verbum
763 1078 812 1134 Dei
828 1077 974 1135 ecelesiam
989 1075 1066 1131 uerbi
1085 1074 1134 1130 bei
1150 1090 1211 1146 quae

411 1172 561 1229 cantuariae
576 1170 626 1226 sita
640 1178 691 1237 est,
707 1166 882 1240 significarit.
894 1165 966 1220 Exin
975 1163 1084 1220 ridetur
1098 1162 1211 1219 rationis

409 1262 500 1319 dicere
514 1260 579 1332 quid
593 1258 700 1332 gladius
710 1255 977 1313 beatidndreaeeum
985 1254 1090 1309 ceteris
1104 1250 1211 1307 oblatus

408 1349 593 1424 protenderit,
609 1345 832 1420 quandoquidem
855 1343 914 1415 ipse
942 1342 970 1397 in
993 1340 1067 1397 nulla
1095 1340 1211 1397 ecclesia

410 1456 471 1510 quae
499 1438 549 1495 sub
573 1436 683 1493 nomine
710 1434 795 1506 ipsius
830 1431 945 1504 apostoli
979 1438 1139 1487 consecrata
1164 1429 1208 1494 sit,

409 1528 479 1584 sicut
492 1528 520 1582 in
549 1524 686 1598 pnrdiotis
714 1523 799 1579 tribus
834 1520 957 1578 ecclesiis
984 1518 1096 1575 sederit.
1129 1517 1209 1587 Quod

410 1616 532 1689 quidem,
549 1622 678 1686 quantum
705 1612 800 1668 attinet
827 1609 861 1666 ad
890 1626 941 1667 nos
968 1609 1084 1682 Anglos,
1112 1606 1210 1678 quibus

1265 720 1392 776 studebat
1403 719 1564 791 impendere
1589 731 1618 778 ut
1645 724 1785 782 Dunstano
1801 725 1917 783 excitare
1944 728 2073 782 scanda-

1266 806 1333 876 lum,
1349 816 1376 863 et
1389 808 1546 867 Christiane
1559 810 1629 883 legis
1641 813 1749 884 jugum,
1779 829 1833 885 quo
1847 830 1862 871 a
1888 831 1937 871 suu
1951 816 2074 872 libidine

1266 898 1448 962 coercebatur,
1465 899 1516 954 sibi
1540 899 1643 955 laceret
1670 902 1800 958 alienum.
1829 904 1947 975 Legatos
1975 904 2073 977 itaque

1266 1000 1332 1041 suos
1347 986 1460 1043 ltomaru
1492 986 1619 1055 destinat,
1635 997 1662 1045 et
1690 990 1790 1047 talibus
1810 1000 1918 1049 amueta
1933 1008 2073 1063 quomm-

1265 1072 1330 1129 dam
1345 1076 1527 1133 Romanorum
1541 1078 1627 1134 eorda
1642 1086 1725 1135 etora
1740 1080 1768 1136 in
1783 1096 1861 1137 suam
1868 1097 1978 1137 causam
1988 1082 2073 1155 largo
2159 1098 2160 1111 ¹

1265 1178 1376 1219 munere
1391 1164 1502 1236 largiori
1518 1167 1666 1237 sponsione
1681 1176 1825 1239 permutet.
1839 1169 1911 1238 Quid
1935 1170 2040 1227 deinde
2056 1174 2072 1225 ‘t

1264 1251 1365 1307 Praesul
1377 1252 1533 1323 apostolicae
1548 1254 1619 1311 sedis
1639 1256 1781 1313 ltunstano
1808 1259 1944 1329 peccatori
1960 1260 2070 1315 bomini
2159 1288 2160 1291 ¹

1264 1338 1483 1399 condescendere
1512 1342 1601 1399 verbis
1616 1361 1648 1401 ac
1676 1345 1771 1401 litteris
1795 1347 1916 1415 mandat,
1946 1356 1974 1404 et
2001 1364 2069 1406 cum
2159 1386 2160 1399 .

1265 1428 1395 1486 Ecclesiae
1408 1432 1513 1502 gremio
1527 1432 1633 1504 integre
1645 1434 1793 1491 conciliare
1807 1444 1910 1503 monet,
1926 1437 2068 1505 bortatur,

1263 1517 1388 1588 imperat.
1404 1520 1449 1574 Ad
1464 1536 1526 1590 quse
1541 1521 1695 1577 Dunstsnus
1710 1522 1748 1579 ita
1761 1524 1920 1595 respoudit:
1944 1548 1957 1573 ο
1974 1527 2066 1599 Equi-
2159 1548 2160 1597 ,

1262 1605 1325 1661 dem
1337 1622 1400 1661 curn
1415 1607 1489 1662 illum
1503 1609 1538 1665 de
1552 1624 1606 1680 quo
1621 1611 1712 1683 agitur
1734 1612 1775 1667 sui
1802 1612 1894 1668 delicti
1909 1614 2065 1684 poenitudi-

408 1704 471 1778 quid
487 1705 542 1761 hoc
556 1704 590 1759 sit
604 1703 663 1758 luce
676 1701 775 1757 clarius
790 1708 872 1772 patet,
880 1699 1047 1770 superfluum
1062 1697 1208 1753 reordicto
1262 1709 1323 1749 nem
1339 1711 1434 1767 gerere
1447 1696 1553 1764 videro,
1582 1700 1726 1769 praeceptis
1755 1701 1858 1757 domini
1880 1717 1962 1775 papae
1978 1702 2066 1759 libens

408 1808 627 1851 commemorare
642 1790 685 1847 rel
697 1792 809 1861 scripto,
825 1791 940 1860 Propter
952 1796 1079 1846 externos
1095 1796 1206 1853 tamem,
1261 1784 1375 1854 parebo.
1392 1785 1446 1841 Sed
1462 1794 1490 1841 ut
1504 1786 1603 1857 ipsein
1624 1797 1738 1857 peceato
1762 1804 1812 1846 suo
1834 1790 1935 1861 jaceat,
1966 1799 1995 1847 et
2008 1793 2066 1847 im-

407 1883 430 1938 si
446 1883 516 1939 forte
530 1881 679 1953 aliquando
694 1880 786 1951 aliquo
801 1895 866 1935 casu
878 1879 930 1934 ista
944 1878 1015 1932 inter
1035 1892 1082 1933 eos
1095 1876 1207 1933 occide·
1262 1872 1350 1927 munis
1365 1873 1400 1928 ab
1423 1874 1616 1933 Ecclesiastico
1643 1876 1786 1948 disciplina
1800 1879 1880 1935 nobis
1907 1880 2019 1936 insultat
2040 1888 2066 1937 et

405 1972 469 2040 rint,
484 1970 606 2026 breviter
617 1969 679 2025 dico
694 1968 769 2024 illum
797 1969 893 2024 merito
921 1982 984 2024 curn
1012 1966 1106 2039 gladio
1134 1965 1206 2021 Petri
1221 1959 1248 2021 B
1264 1961 1506 2034 enindegaudeat,
1532 1965 1600 2020 nolit
1614 1966 1699 2021 Deus.
1732 1968 1847 2023 Avertat
1860 1969 1945 2023 ctiam
1961 1970 2065 2026 Deusa

406 2060 491 2115 verbo
505 2059 555 2114 Dei
583 2057 713 2129 inscripto
740 2056 863 2129 gladium
892 2056 1045 2127 suscepisse
1072 2056 1201 2113 Androm.

406 2148 476 2203 Nam
493 2146 540 2219 qui
566 2146 695 2201 Ecclesia
723 2144 911 2200 Cautuariensi
936 2161 985 2216 per
1021 2144 1206 2215 pontificatum

404 2235 542 2307 presidet,
562 2234 674 2290 ttolensi
689 2232 813 2289 eeclesiae
827 2249 888 2304 quae
902 2233 952 2288 sub
967 2233 1118 2303 patrocinio
1133 2232 1206 2289 beati

402 2324 517 2380 dndreae
540 2322 663 2379 subsistit
690 2338 740 2392 per
769 2321 890 2393 episcopi
919 2322 1128 2390 institutionem,
1157 2338 1208 2392 per

402 2413 501 2467 borum
511 2420 538 2467 et
552 2412 649 2466 bomm
661 2411 733 2466 intus
748 2418 776 2466 et
790 2419 865 2467 estre
880 2426 941 2466 eum
957 2427 1000 2466 res
1010 2410 1095 2483 exigit
1109 2410 1207 2482 dispo-

403 2501 541 2569 sitionem,
557 2507 651 2571 utpote
664 2514 714 2555 suo
728 2498 850 2555 dominio
865 2499 1000 2571 praesidet.

439 2589 505 2659 Quis
520 2589 605 2662 igitur
628 2589 656 2643 in
684 2589 863 2660 cunctisque
891 2586 1019 2660 religioni
1046 2596 1207 2658 competunt

355 2694 361 2704 ·
402 2680 559 2734 Dunstanus
573 2676 662 2745 fuerit,
678 2677 807 2733 videlicet
833 2677 910 2747 eujus
939 2676 1047 2732 virtutis
1062 2676 1095 2732 ad
1110 2690 1206 2733 omnes

402 2765 526 2822 omnium
554 2780 731 2837 personarum
756 2765 901 2837 injustitias
936 2764 1140 2836 deprimendas,
1171 2766 1206 2821 ed

404 2855 478 2911 bona
491 2870 606 2925 queque
619 2869 704 2924 opera
718 2853 835 2909 terenda
850 2860 877 2909 et
889 2854 1035 2911 munienda
1061 2854 1205 2923 exstiterit,

405 2959 493 3015 usque
506 2942 589 2998 bodie
604 2950 660 2998 tota
673 2941 770 3014 Anglia
785 2942 866 3011 canit,
882 2956 934 2999 nco
960 2957 1029 3014 opus
1054 2958 1115 2999 esse
1129 2943 1206 2999 erbi-

1261 2066 1305 2105 me
1319 2059 1349 2106 ut
1363 2065 1415 2123 ego
1430 2068 1511 2107 causa
1525 2052 1641 2125 alicujus
1668 2055 1793 2110 mortalis
1821 2056 1941 2112 hominis
1955 2057 2001 2113 rel
2015 2074 2065 2128 pro
2159 2128 2160 2139 χ

1261 2138 1562 2213 redemptiouecapitis
1591 2142 1643 2197 rnei
1671 2151 1835 2215 postponam
1864 2144 1956 2212 legem
1983 2160 2066 2217 quum

1261 2225 1423 2283 servandam
1439 2229 1534 2284 statuit
1557 2230 1584 2284 in
1611 2246 1659 2285 sua
1683 2230 1803 2287 Ecclesia
1831 2232 1904 2287 idem
1933 2233 2066 2291 Dominus

1262 2316 1645 2374 meuscnrrsuusrunsnu
1670 2320 1790 2377 rause
1818 2322 1870 2376 sibi
1900 2323 1990 2378 retra
2019 2324 2065 2380 rue
2159 2302 2160 2329 ¹

1261 2402 1384 2474 audiens,
1401 2412 1427 2461 et
1440 2406 1609 2462 Dunstanum
1624 2408 1659 2463 ab
1673 2408 1706 2462 iis
1725 2426 1785 2479 quae
1806 2418 1882 2465 certo
1896 2410 2003 2467 diceret
2017 2411 2064 2466 in·

1261 2493 1405 2549 flexibilem
1420 2510 1483 2551 esse
1498 2496 1648 2551 certissime
1675 2498 1775 2565 sciens,
1799 2500 2064 2556 excommunicatio·
2159 2470 2160 2527 3

1261 2583 1303 2636 nis
1317 2598 1373 2638 suae
1388 2599 1469 2654 poena
1484 2600 1545 2639 cum
1560 2585 1699 2640 bominum
1714 2586 1817 2656 pudore
1827 2588 1997 2655 constrictus,
2007 2596 2063 2645 turn

1261 2670 1357 2727 timore
1372 2672 1557 2743 periculorum
1571 2690 1632 2746 qum
1662 2674 1761 2730 talibus
1776 2691 1972 2747 nonuunquam
1992 2678 2064 2733 aeci-

1260 2758 1328 2815 dare
1341 2761 1427 2816 solent
1441 2761 1610 2831 perterritus,
1626 2763 1804 2820 obstinaciam
1825 2780 1881 2820 suae
1895 2764 1995 2821 mentis
2010 2766 2061 2821 dc-

1261 2848 1359 2919 pusuit,
1376 2856 1413 2915 ct,
1428 2850 1554 2907 abdicato
1566 2850 1660 2907 illicito
1675 2852 1814 2924 conjugio,
1829 2853 1996 2923 poenitentiae
2010 2854 2062 2909 sibi

1261 2937 1363 2992 cultum
1379 2938 1519 3009 imposuit.
1542 2940 1683 2996 Dunstano
1696 2955 1815 3012 namque
1838 2942 1968 3014 gencrale
1983 2943 2065 2999 totius
2159 2972 2160 2983 τ

410 3039 468 3085 tror
482 3038 512 3085 ut
526 3046 570 3085 me
585 3030 613 3085 in
623 3029 678 3085 illis
693 3030 846 3085 scribendis
861 3030 958 3102 fatiget
985 3032 1099 3101 grandis
1113 3032 1202 3087 tabor.
1260 3026 1338 3097 regni
1352 3026 1497 3083 concilium
1512 3027 1546 3082 de
1562 3028 1735 3085 observantia
1763 3028 1973 3085 Christianitatis
1986 3031 2062 3087 celc-

408 3118 544 3173 Nonnulla
559 3125 660 3184 tanuen,
675 3133 739 3188 quae
752 3118 787 3172 ab
800 3118 855 3173 illis
882 3120 928 3190 qui
954 3134 989 3173 ex
1010 3121 1069 3190 ejus
1083 3128 1207 3191 ternpore
1259 3112 1364 3181 brasslta
1381 3114 1438 3187 ipse
1453 3114 1551 3171 sulfflel
1578 3116 1688 3187 ⁰b¹l¹t¹⁸2
1718 3117 1806 3185 nudis.
1829 3118 1958 3189 pedibus,
1974 3119 2063 3175 ¹²⁰0ss

405 3221 494 3278 usque
508 3205 543 3261 ad
556 3221 607 3260 nos
620 3222 671 3277 ρετ
684 3221 827 3263 successus
840 3213 952 3263 aetatum
975 3208 1079 3263 tluxere
1093 3208 1206 3279 aceepi-
1260 3202 1424 3258 indumentis
1438 3218 1537 3276 corpus
1551 3205 1675 3275 amictus,
1688 3206 1781 3279 virgas
1792 3206 1985 3275 manuferens,
1997 3224 2060 3263 con-

410 3311 482 3365 mus,
498 3294 695 3365 compendioso
709 3294 795 3350 relatu
808 3295 964 3366 subjiciam,
994 3298 1205 3369 quatanuainde
1219 3308 1245 3373 G
1260 3290 1323 3347 cilio
1338 3306 1397 3347 sese
1413 3292 1531 3348 medium
1548 3293 1674 3367 ingessit,
1689 3302 1714 3349 et
1740 3304 1801 3351 ante
1829 3295 1917 3367 pedes
1931 3296 2062 3352 Dunstani

410 3383 574 3456 percipiatur
604 3384 702 3440 veritas
726 3385 871 3441 verborum
902 3401 963 3456 quoe
993 3388 1201 3458 proposuimus.
1227 3381 1450 3452 &tremebundus
1464 3389 1492 3438 et
1505 3383 1612 3453 ejulans
1627 3384 1741 3440 corruit.
1773 3385 1833 3453 Quo
1847 3385 1906 3442 riso
1920 3387 1988 3444 moti
2002 3395 2064 3441 sunt

407 3474 504 3530 Comes
518 3473 630 3545 quidam
649 3480 804 3544 praepotens
836 3482 981 3545 cognatam
1013 3491 1088 3531 suam
1111 3476 1206 3533 illicito
1260 3471 1415 3540 omnesqui
1431 3471 1594 3526 ederantsd
1610 3472 1751 3543 pietatem,
1779 3473 1879 3545 etipse
1909 3475 1988 3530 Petet·
2002 3491 2065 3530 om·

404 3561 458 3617 sibi
471 3561 644 3618 matrimonio
658 3562 854 3632 copulatarum
870 3569 897 3617 et
911 3578 928 3617 a
941 3563 1085 3620 Dunstano
1108 3566 1205 3634 semel,
1260 3558 1334 3613 nium
1349 3558 1445 3628 majori
1461 3575 1516 3630 prae
1526 3561 1631 3616 caeteris
1643 3561 1746 3631 pietate
1761 3570 1850 3618 motus
1870 3570 1924 3618 est.
1944 3564 1976 3619 ln
1987 3563 2063 3619 vultu

407 3650 527 3707 seeundo
542 3658 569 3705 et
582 3650 661 3706 tertio
677 3651 850 3720 redargutus,
883 3650 1017 3708 incestum
1049 3669 1130 3709 suum
1160 3655 1207 3710 di·
1262 3655 1349 3702 tumen
1363 3654 1472 3704 servato
1496 3647 1646 3720 discipliuae
1673 3649 1775 3723 rigore,
1803 3658 1896 3722 utpote
1926 3652 2064 3708 bominem

408 3740 497 3796 sertio
511 3737 622 3809 expiare
646 3739 768 3795 nolebat.
788 3738 961 3811 Quapmptar
982 3740 1074 3814 gladio
1090 3743 1207 3813 Spiritus
1262 3734 1378 3806 pleniter
1392 3736 1450 3792 Deo
1465 3737 1639 3794 reconciliare
1666 3738 1835 3804 desiderans,
1858 3739 1992 3811 lacrymas
2006 3743 2065 3811 ejus

409 3827 496 3883 mnan
510 3842 527 3882 a
543 3827 600 3883 uro
613 3827 665 3883 net
678 3841 865 3898 percussum
897 3828 1036 3884 uorsibus
1050 3838 1092 3886 est
1105 3840 1207 3889 ancras
1263 3824 1300 3878 aa
1316 3824 1410 3880 noram
1433 3841 1545 3881 severus
1566 3826 1701 3894 sustinuit,
1717 3842 1749 3882 rc
1764 3826 1872 3884 demum
1893 3836 1982 3885 auro
1996 3845 2064 3884 con·
2159 3855 2160 3860 ¹

408 3914 539 3971 Ecclesia
553 3920 707 3984 separatus.
726 3915 778 3983 Qui
793 3923 856 3985 typo
884 3923 1001 3973 attactus
1013 3919 1150 3990 superbiae
1159 3936 1207 3976 η.
1262 3911 1325 3967 cilio
1339 3906 1499 3982 postulatus,
1516 3914 1667 3985 lacrymans
1680 3923 1707 3970 et
1720 3915 1779 3986 ipse
1808 3915 1919 3987 culpam
1934 3917 2060 3973 indulsit.

409 4017 472 4075 gem
488 4002 556 4067 adit,
572 4001 1206 4076 Donatanumimmoderataeetimpiaessveri.
1262 4001 1356 4071 ltaque
1379 4001 1412 4055 ab
1446 4002 1732 4059 excommunicationis
1765 4003 1875 4060 vinculo
1910 4005 2065 4062 absolutum

411 4089 596 4146 tatisaccusat
622 4089 697 4161 regia
729 4090 913 4148 sanctionese
945 4094 980 4149 ab
992 4095 1052 4165 ejus
1066 4097 1208 4166 tyrannide
1263 4089 1449 4145 communioni
1464 4089 1583 4147 fidelium
1612 4091 1795 4164 gaudentibus
1808 4093 1912 4149 eunctis
1940 4111 2002 4149 curn
2017 4111 2063 4150 re·
2159 4119 2160 4160 ff

409 4173 525 4229 liberum
540 4173 664 4230 constitui
678 4174 820 4246 querelosa
834 4190 901 4232 rooe
932 4185 1060 4248 precatur
1084 4188 1110 4235 et
1124 4179 1207 4236 obse·
1263 4177 1357 4233 stituit.

410 4271 477 4319 orat.
494 4262 577 4333 Cujus
591 4262 682 4320 uerbis
695 4280 743 4320 rex
757 4263 944 4338 acquiescens,
973 4268 1112 4324 Dunstano
1126 4285 1207 4325 man·
1297 4266 1357 4322 Alio
1371 4273 1494 4339 tempore
1518 4269 1660 4325 monetarii
1694 4273 1759 4338 tres,
1803 4269 1849 4342 qui
1882 4269 1910 4325 in
1933 4277 2068 4340 potestate

409 4351 457 4407 dat
470 4359 500 4407 ut
513 4351 649 4409 bominem
665 4369 726 4408 curn
741 4369 775 4408 ca
788 4370 870 4424 quam
886 4354 1000 4412 duxerat
1013 4357 1042 4412 in
1061 4372 1131 4427 peoe
1144 4374 1206 4415 ma·
1262 4355 1312 4410 riri
1327 4357 1412 4422 erant,
1428 4371 1490 4413 curm
1507 4356 1572 4412 laiss
1600 4366 1708 4413 moneta
1733 4359 1806 4430 capti
1840 4359 1875 4414 ad
1892 4359 2066 4416 subeundam

408 4455 473 4495 nere
487 4439 570 4506 sinat,
586 4449 642 4497 eta
656 4441 945 4514 quibusauspenderat
965 4443 1106 4502 liminibus
1120 4447 1207 4504 sacris
1259 4461 1369 4515 poenam
1395 4445 1548 4515 hujusmodi
1575 4446 1731 4503 bominibus
1753 4464 1804 4519 per
1830 4456 1915 4503 totum
1950 4465 2066 4522 regnum
2159 4441 2160 4500 i

408 4529 499 4599 ipsum
513 4530 648 4586 restituat.
662 4531 831 4588 Miraturille
845 4531 880 4586 ad
893 4533 994 4602 audita,
1010 4539 1039 4590 et
1051 4535 1126 4591 dolet
1138 4537 1206 4591 reli-
1261 4533 1461 4607 promulgatam
1481 4541 1542 4590 sunt
1553 4534 1678 4605 judicati.
1695 4535 1821 4605 Quaeres
1836 4536 1979 4594 Dunstano
1994 4538 2066 4594 aba·

409 4617 515 4690 gipsum
530 4635 625 4692 regem
641 4635 690 4692 per
703 4619 861 4676 mendacem
876 4621 992 4677 bominis
1008 4622 1129 4695 linguam
1143 4632 1206 4681 ante
1263 4621 1350 4679 condi
1374 4639 1427 4679 non
1457 4623 1554 4694 potuit.
1583 4623 1632 4679 Die
1663 4639 1731 4696 ergo
1771 4623 1947 4682 Pentecostes
1989 4625 2062 4682 idern

407 4707 447 4763 rei
461 4706 661 4778 inquisitionem
676 4716 703 4764 et
730 4708 959 4766 examinationem
973 4725 1032 4767 esse
1047 4713 1203 4768 seductum.
1257 4713 1343 4767 Pater
1375 4711 1518 4767 missarum
1556 4711 1691 4768 solemnia
1721 4712 1907 4769 celebratums
1945 4729 2065 4784 percun-

410 4797 487 4852 Ponit
500 4804 590 4852 tamen
605 4797 742 4854 bominem
770 4797 805 4853 ad
838 4797 980 4867 rationem,
1014 4808 1041 4856 et
1072 4807 1127 4856 tem
1158 4817 1208 4873 pro
1263 4809 1350 4857 otetur
1364 4805 1450 4856 utrum
1465 4800 1514 4856 Dei
1548 4802 1648 4872 populo
1678 4808 1778 4857 statuta
1802 4801 1906 4871 iustitia
1941 4804 1975 4858 de
1991 4803 2059 4873 ipsis

409 4886 556 4942 commisso
571 4885 687 4944 erimine
701 4901 784 4958 quam
808 4894 835 4942 et
861 4895 973 4958 pmpter
1001 4889 1130 4957 injustam
1161 4893 1207 4948 sui
1263 4889 1420 4945 monetariis
1446 4889 1517 4944 lacta
1531 4887 1612 4944 luerit
1626 4905 1659 4944 an
1675 4891 1758 4945 non‘t
1786 4890 1976 4962 Respondetur
2003 4907 2063 4947 eam

408 4973 623 5030 criminationem
637 4975 712 5046 apud
725 4974 874 5046 principem
903 4982 982 5031 terrae
1009 4977 1110 5033 tactam
1124 4979 1208 5049 paulo
1261 4977 1296 5035 ob
1312 4978 1493 5034 reverentiam
1525 4976 1590 5032 tanti
1617 4977 1671 5032 diei
1704 4977 1733 5033 in
1765 4978 1849 5034 alium
1894 4978 1973 5034 diem
2003 4994 2065 5036 esse

407 5061 644 5134 duriusincrepat,
673 5064 787 5135 cupiens
813 5079 846 5120 eo
874 5065 1003 5122 modoad
1018 5067 1206 5136 poenitsntiam
1262 5067 1383 5122 dilatam.
1403 5067 1619 5138 rNequequam,
1642 5065 1741 5140 inquit,
1769 5065 1807 5121 ita
1830 5065 1888 5122 fiet.
1922 5067 2063 5124 blonetarii

409 5157 436 5205 et
463 5152 663 5208 correctionem
692 5169 741 5210 cor
772 5154 844 5210 illius
874 5154 1007 5210 emollire.
1030 5159 1064 5210 tt
1079 5156 1125 5211 ubi
1139 5156 1207 5213 ridit
1262 5171 1368 5226 nempe,
1384 5155 1429 5229 qui
1445 5156 1527 5211 lalsos
1565 5171 1598 5210 ex
1629 5153 1762 5210 industria
1796 5155 1924 5212 denarios
1948 5156 2060 5228 iaciunt,

410 5237 499 5307 ipsum
520 5255 574 5294 non
602 5241 691 5297 solum
706 5242 866 5300 verbissuis
883 5259 939 5299 non
964 5245 1128 5316 consentire,
1157 5247 1206 5300 sed
1261 5247 1418 5314 lurcssunt,
1435 5250 1570 5300 eteorum
1599 5243 1672 5300 furto
1701 5242 1806 5299 nullum
1834 5243 1974 5300 nocentius
2001 5261 2062 5301 esse

406 5326 516 5397 insuper
530 5330 681 5386 contumaci
696 5331 793 5401 spiritu
807 5340 943 5388 contrase
972 5331 1063 5390 furere
1091 5333 1205 5390 ruinari-
1259 5349 1405 5408 cognosco.
1421 5334 1491 5388 Nam
1507 5332 1534 5387 in
1548 5331 1619 5388 falsa
1633 5339 1742 5388 moneta
1763 5347 1847 5403 quarn
1859 5333 1961 5389 iaciunt
1976 5340 2059 5389 totam

405 5430 468 5485 que,
484 5431 565 5485 supra
579 5416 606 5471 id
627 5420 702 5490 quod
730 5435 792 5474 euru
816 5419 851 5474 ab
876 5421 1003 5492 ingressu
1029 5422 1125 5478 domus
1151 5422 1203 5479 Dei
1260 5432 1358 5480 terram
1374 5421 1502 5492 spoliant,
1519 5421 1663 5488 seducunt,
1684 5419 1852 5491 perturbent.
1878 5419 2055 5492 lpsidirites,

403 5502 589 5575 suspenderat,
606 5505 714 5573 utdixi,
744 5509 1202 5568 emnemcieommunionemfide·
1256 5513 1308 5583 ipsi
1322 5511 1483 5576 mediocres,
1500 5510 1552 5582 ipsi
1565 5523 1701 5581 pauperes
1716 5510 1742 5564 iu
1772 5508 2054 5566 cunimunelaedunt:
2159 5553 2160 5584 ,

403 5590 469 5648 lium
484 5594 603 5651 doneca
631 5610 681 5650 sua
708 5596 841 5666 pravitate
867 5597 1020 5655 discederet
1045 5599 1198 5656 interdixit.
1256 5610 1283 5657 et
1295 5617 1399 5667 omnes,
1415 5607 1546 5672 quantum
1562 5613 1609 5653 suu
1624 5597 1745 5666 interest,
1762 5598 1849 5653 autin
1867 5598 2054 5670 opprobrium,

401 5683 545 5750 Tuncille,
561 5682 652 5756 seipso
667 5684 787 5742 deterior
814 5684 935 5754 effeetus,
965 5687 1076 5743 immani
1100 5689 1200 5747 edlu·
1255 5690 1343 5746 autin
1357 5693 1519 5761 egestatem,
1535 5694 1583 5743 aut
1600 5686 1628 5742 in
1651 5685 1766 5742 nibilum
1792 5687 1935 5759 redigunt.
1980 5686 2055 5756 Qua-

397 5785 459 5828 rore
472 5782 620 5846 correptus,
636 5773 745 5856 etuibil
760 5791 858 5832 eorum
875 5793 935 5858 quae
963 5775 1126 5857 possidebat
1139 5778 1193 5836 ati-
1253 5785 1364 5856 propter
1376 5775 1505 5838 noveritis
1519 5775 1581 5854 quia
1594 5789 1648 5854 ego
1673 5775 1756 5835 hodie
1782 5775 1818 5834 ad
1846 5773 2055 5834 sacrificandum
