4750 6725
316 605 366 660 lib
688 601 826 660 secula.
846 631 882 644 -
900 595 1020 655 PASSIO
1040 595 1090 652 SS.
1112 595 1300 670 GUIGNERI,
1320 598 1496 672 uincatis,
1516 601 1595 663 ltro.

314 726 341 782 iu
369 741 484 782 uxorem
509 725 591 782 simul
610 740 671 784 cum
682 743 769 802 regno
784 725 892 784 tradite.
909 727 1006 783 Fuerat
1024 722 1158 786 aulemA
1479 731 1592 789 CAPUT
1616 733 1662 788 tt.

316 814 470 871 clarissime
503 815 581 889 virgo
596 815 685 884 Piala,
705 813 871 873 nobilissimi
899 816 972 890 regis
1002 816 1119 873 Clitonis
1376 821 1518 892 Appuleiae
1533 821 1565 878 ia
1581 820 1766 880 cornubiam.

317 902 381 972 filia,
411 919 491 960 soror
520 905 549 960 S.
579 904 722 978 Guigneri,
750 906 806 978 jam
821 905 932 964 lavacro
946 903 977 934 ”⁸
990 905 1119 979 purifice-
1204 909 1283 966 ‚Socii
1297 909 1446 968 verudatis
1468 909 1538 966 velis
1552 925 1695 982 aequorecs
1720 911 1819 968 lluetus
1838 922 1972 986 secantes,

315 996 398 1053 tionis
409 1002 569 1068 regenerata
585 994 613 1048 in
629 994 746 1052 Christo.
770 994 862 1051 Sancti
881 995 965 1068 igitur
992 996 1120 1067 instructi
1174 1013 1305 1070 prospero
1320 1014 1398 1055 cumo
1422 998 1577 1070 applicuere
1601 1000 1775 1071 cornubiam,
1805 1003 1841 1059 ad
1867 1012 1974 1076 portum

317 1085 431 1143 consilio
454 1084 589 1156 virginem
609 1099 715 1140 sacram
740 1083 915 1157 alloquuntur
942 1085 976 1142 de
1005 1100 1119 1157 sponso.
1175 1087 1220 1156 qui
1236 1096 1346 1144 vocatur
1371 1087 1450 1157 Heni,
1480 1087 1527 1142 uhi
1547 1087 1607 1158 jam
1632 1099 1804 1159 praevenerat
1832 1107 1879 1149 eos
1896 1110 1975 1151 secra

317 1172 426 1242 Quibus
439 1173 497 1242 illu,
513 1181 569 1230 tota
588 1173 616 1228 in
631 1189 723 1230 amore
739 1173 836 1230 Christi
852 1173 976 1251 lundata,
1002 1190 1119 1246 respon·
1174 1175 1257 1249 virgo
1273 1178 1331 1248 Hya
1347 1177 1468 1250 potentia
1482 1176 1531 1233 Dei
1546 1183 1699 1236 transvecta
1721 1187 1748 1236 el
1775 1180 1974 1238 descendentes

316 1263 376 1320 dit:
394 1265 518 1335 Sponsus
529 1279 606 1320 meus
621 1263 742 1318 Christus
755 1270 806 1333 est,
837 1265 885 1334 qui
912 1280 956 1320 me
970 1279 1020 1335 per
1042 1277 1119 1319 suem
1174 1263 1210 1320 de
1225 1265 1287 1323 navi
1301 1266 1437 1338 quoddam
1458 1265 1643 1323 habitaculum
1666 1270 1817 1342 nonlonge
1841 1286 1858 1325 a
1885 1270 1974 1328 littore

316 1352 436 1426 gretiam
464 1352 546 1425 regni
572 1352 614 1408 sui
642 1352 726 1426 elegit
754 1361 916 1410 consortem.
945 1351 1015 1409 Huic
1038 1349 1119 1409 fidem
1174 1352 1343 1422 invenerunt,
1357 1355 1385 1409 in
1413 1370 1467 1428 quo
1493 1356 1573 1428 virgo
1587 1357 1711 1429 quaedam
1725 1369 1818 1416 sancta
1843 1360 1974 1416 manebat

316 1441 430 1514 promisi
460 1457 542 1511 quarn
561 1440 663 1498 violare
690 1457 746 1498 uon
758 1441 846 1499 debeo
876 1461 882 1510 ;
913 1450 938 1499 el
953 1442 1016 1501 idco
1036 1441 1119 1497 alium
1174 1442 1289 1512 inclusa,
1319 1450 1346 1498 et
1371 1442 1468 1500 nolens
1493 1450 1602 1500 sauctus
1617 1444 1770 1517 Guignerus
1783 1464 1844 1504 eam
1862 1448 1973 1522 inquie-

317 1546 458 1601 sponsum,
484 1539 582 1603 praeler
609 1531 708 1602 ipsum,
737 1547 792 1588 non
824 1547 938 1602 possum
966 1530 1118 1604 suscipere.
1175 1538 1240 1600 tare,
1269 1532 1386 1587 salutata
1412 1531 1528 1605 virgine,
1547 1532 1584 1588 ad
1611 1533 1695 1588 alium
1723 1535 1812 1592 locum
1842 1537 1972 1594 transiere

317 1619 407 1690 Regni
422 1617 507 1690 hujus
519 1619 637 1692 gloriam
651 1625 807 1689 contemno,
823 1636 884 1690 quae
898 1635 955 1677 uon
968 1619 1051 1676 debet
1064 1619 1120 1676 dici
1172 1619 1309 1690 pransuri,
1324 1618 1371 1674 uhi
1386 1636 1447 1675 cum
1462 1635 1563 1692 aquarn
1590 1621 1687 1678 deesse
1703 1633 1826 1681 cerneret
1851 1633 1970 1697 sanctus,

318 1707 418 1780 gloria,
431 1705 494 1777 quia
509 1721 564 1763 non
578 1711 670 1779 potest
695 1723 787 1764 carere
801 1707 931 1772 miseria;
962 1716 988 1763 et
1011 1707 1046 1762 ad
1069 1722 1118 1764 re·
1173 1707 1256 1780 plena
1269 1708 1303 1763 dc
1317 1709 1381 1764 lesu
1395 1709 1500 1764 Christo
1516 1708 1617 1766 fiducia
1642 1727 1820 1783 presumens,
1849 1715 1972 1771 oratione

317 1795 494 1869 gnum,quod
508 1795 644 1865 promittit
658 1797 790 1851 Dominus
815 1797 893 1852 lesus
908 1795 1039 1865 Christus,
1069 1813 1118 1852 su·
1171 1795 1311 1866 premissa
1325 1795 1454 1853 haculum
1468 1796 1497 1851 in
1512 1805 1581 1853 terra
1595 1797 1662 1869 lixit,
1683 1803 1710 1856 ct
1737 1797 1877 1856 confestim
1904 1801 1971 1857 lim-

315 1883 399 1953 spiro,
412 1884 460 1940 uhi
475 1899 532 1939 non
559 1891 601 1940 est
615 1884 705 1954 dolor,
719 1885 763 1942 vel
782 1885 897 1955 tristitia,
913 1885 961 1942 sed
988 1893 1118 1958 perpetue
1172 1883 1316 1954 pidissima
1338 1900 1408 1956 aqua
1437 1895 1591 1942 sanctorum
1615 1887 1750 1957 prosilivit
1776 1887 1805 1944 in
1832 1890 1969 1946 baustum.

314 1973 480 2044 jucunditas,
501 1981 529 2030 et
554 1973 648 2030 latitia
675 1974 852 2046 sempiterna.
882 1974 1002 2031 Cernens
1026 1982 1117 2030 autem
1172 1972 1235 2029 Post
1257 1973 1348 2029 cibum
1376 1989 1441 2030 vero
1468 1974 1670 2045 proficiscentes
1701 1977 1774 2047 inde,
1811 1979 1848 2034 ed
1876 1979 1971 2034 villam

316 2070 427 2121 sanctus
446 2062 560 2136 virginis
587 2062 765 2120 intentionem
792 2063 820 2119 in
847 2063 944 2120 Christi
972 2061 1329 2137 robustampquamdam,
1351 2079 1413 2137 quae
1441 2071 1553 2120 vocatur
1580 2063 1754 2135 Conetconia,
1775 2075 1969 2138 pervenerunt,

316 2167 419 2221 amore,
449 2152 488 2208 ila
505 2161 534 2208 ut
561 2151 636 2208 nulla
648 2159 741 2224 posset
754 2151 859 2209 ratione
887 2153 923 2208 ad
951 2169 1115 2210 consensum
1169 2149 1217 2206 uhi
1245 2152 1372 2225 quadam
1399 2151 1499 2208 mulier
1526 2152 1618 2209 fidelis
1643 2161 1671 2209 et
1693 2153 1790 2211 timens
1808 2155 1968 2228 Dominum,

317 2239 441 2316 conjugii
467 2240 548 2310 llecli,
576 2241 614 2297 ait
643 2260 649 2298 :
678 2241 764 2298 Sinite
789 2257 859 2310 eam,
893 2241 1002 2312 iratres,
1030 2242 1115 2300 nolite
1169 2240 1410 2308 nemiueCorurie,
1426 2257 1481 2298 non
1495 2241 1632 2298 modicam
1644 2240 1684 2297 eis
1697 2242 1821 2299 exhihuit
1841 2242 1969 2317 benigni-

316 2337 409 2386 conlra
423 2329 475 2386 Dei
488 2329 690 2402 heneplacitum
705 2330 755 2386 niti
770 2349 778 2398 ς
794 2330 1009 2402 ipsesicvoluit,
1033 2339 1060 2387 el
1074 2332 1115 2390 sio
1170 2337 1266 2385 talem.
1296 2331 1367 2385 Nam
1391 2347 1452 2386 cum
1483 2346 1577 2386 omnes
1603 2328 1760 2387 habitacula
1780 2333 1841 2403 ejus
1868 2349 1969 2404 capere

314 2418 438 2475 futurum
458 2417 586 2490 providit.
614 2418 740 2491 Regnum
767 2419 840 2475 istud
868 2420 918 2477 Dei
936 2419 1115 2492 providentia
1169 2432 1226 2473 uon
1239 2426 1360 2490 possent,
1376 2434 1428 2477 nec
1443 2418 1544 2476 habere
1558 2426 1679 2474 stramen
1692 2418 1721 2474 in
1731 2434 1787 2492 quc
1795 2434 1892 2478 omnes
1904 2438 1968 2495 pos·

315 2507 515 2563 committamus
529 2521 536 2578 ;
551 2505 612 2579 lpse
639 2507 788 2563 seeundum
826 2521 903 2564 suam
945 2508 1113 2564 voluntalem
1168 2514 1231 2564 sent
1258 2523 1383 2579 pausare,
1412 2508 1526 2565 detectis
1561 2507 1699 2578 domibus,
1741 2508 1870 2580 culmum,
1911 2527 1967 2585 quc

313 2595 468 2668 providebit
484 2603 600 2652 tutorem
615 2611 648 2652 ec
663 2595 846 2653 defensorem.
862 2597 896 2651 lit
909 2596 1037 2654 omnibus
1052 2596 1114 2655 vale
1168 2595 1370 2665 operiebantur,
1385 2595 1414 2651 in
1427 2603 1583 2652 sanctornm
1597 2595 1750 2652 accubitum
1770 2600 1965 2671 commodavit,

314 2684 408 2743 dicens
419 2685 535 2758 parabat
548 2683 754 2758 protectionem.
1167 2698 1281 2741 vaccam
1296 2698 1380 2741 unam
1394 2684 1434 2740 eis
1446 2683 1546 2740 mulier
1559 2684 1690 2741 charitate
1710 2685 1793 2758 plena
1819 2686 1847 2742 in
1873 2687 1968 2746 cibum

1167 2772 1244 2828 dedit
1260 2789 1267 2837 ;
1284 2787 1338 2843 qua
1351 2772 1452 2842 occisa,
1468 2773 1569 2844 atejus
1581 2772 1716 2841 carnibus,
1738 2775 1966 2848 proutssoportuit,

628 2837 741 2895 CAPUT
761 2839 795 2894 V·
1167 2860 1313 2934 diligenter
1339 2861 1453 2932 paratis,
1482 2862 1589 2934 pariter
1615 2861 1802 2920 comederunt.
1832 2864 1966 2937 Denique,

313 2937 419 2996 stillim
434 2939 542 3010 Finisti
552 2937 645 2996 solum
656 2937 785 3024 patriam
799 2935 902 2995 ‘simil
916 2953 982 2996 “lm
1003 2937 1114 3010 ²⁶7²th
1141 3011 1144 3016 ,
1167 2966 1245 3008 coena
1261 2951 1290 3005 in
1305 2951 1454 3024 gratiarum
1469 2949 1575 3008 actione
1588 2949 1733 3022 completa,
1757 2951 1838 3022 jubet
1860 2961 1970 3011 sanctus

628 3012 781 3066 mmmm·
1166 3039 1269 3111 Fingar
1282 3039 1383 3095 nudate
1397 3037 1527 3095 carnibus
1550 3052 1613 3095 ossa
1640 3039 1732 3095 omnia
1749 3041 1913 3115 congregari
1941 3042 1970 3099 in

348 3132 514 3194 Secutisunt
529 3151 591 3191 eum
615 3135 779 3207 septingenti
807 3134 983 3207 septuaginta
996 3133 1057 3202 viri,
1086 3139 1113 3190 et
1166 3144 1261 3197 unum,
1288 3135 1315 3184 et
1340 3129 1456 3200 desuper
1484 3127 1607 3198 ejusdem
1631 3142 1723 3184 vacere
1735 3128 1836 3200 pellem
1856 3130 1968 3202 deponi.

312 3232 418 3298 septem
433 3223 566 3295 episcopi,
583 3239 651 3296 quos
665 3231 774 3280 sanetus
794 3223 923 3280 Patricius
936 3239 985 3296 per
1012 3237 1114 3296 aquam
1166 3217 1236 3274 Turn
1249 3217 1417 3274 confessores
1435 3215 1536 3273 Christi
1551 3232 1655 3286 omnes,
1670 3217 1791 3290 quicum
1819 3234 1852 3276 eo
1880 3226 1968 3286 erant,

311 3312 524 3387 incorruptionis
538 3313 643 3369 Christo
657 3320 797 3384 genuerat,
812 3313 888 3385 pleni
904 3312 970 3383 Dec,
986 3311 1113 3371 etdiviua
1167 3307 1202 3363 ad
1217 3306 1367 3363 oraticnem
1378 3304 1482 3376 invitat,
1511 3305 1605 3365 dicens
1623 3323 1631 3362 τ
1648 3305 1775 3375 Oramus,
1800 3307 1910 3378 fratres,
1939 3316 1970 3365 ut

309 3402 374 3475 iege
387 3402 521 3471 instructi,
538 3402 676 3473 cupientes
688 3402 776 3459 hestae
801 3400 1029 3475 peregrinationis
1053 3400 1112 3472 eius
1166 3397 1240 3453 Deus
1267 3410 1318 3467 pro
1350 3394 1426 3465 cujus
1451 3410 1544 3452 amore
1572 3394 1670 3451 mulier
1679 3394 1874 3452 officiosissime
1888 3397 1968 3453 nohis

311 3506 372 3546 esse
381 3499 521 3549 consortes
535 3490 563 3545 in
577 3492 707 3561 Domino,
723 3490 791 3546 inter
807 3506 874 3563 quos
889 3490 941 3546 luit
960 3488 1112 3561 supradicta
1166 3486 1248 3541 istam
1280 3484 1390 3541 servivit
1414 3499 1536 3552 vaccam,
1569 3483 1594 3539 ei
1619 3485 1751 3541 restituat.
1781 3485 1817 3541 Bt
1843 3485 1967 3543 oratione

311 3580 392 3653 virgo
419 3579 504 3649 Piala,
533 3596 611 3637 soror
638 3580 713 3636 beati
742 3580 884 3653 Guigneri.
914 3579 1017 3636 Sancto
1030 3578 1113 3651 igitur
1166 3574 1301 3645 completa
1315 3572 1596 3628 suhomniumoculis
1622 3579 1696 3627 stans
1721 3572 1860 3644 pulchrior
1883 3590 1966 3646 quam

310 3668 449 3726 consertio
476 3685 572 3726 omnes
600 3669 709 3725 adunati
738 3668 766 3723 in
791 3668 919 3738 Domino,
939 3666 1020 3723 simul
1049 3683 1110 3723 eum
1164 3670 1227 3718 ante
1254 3660 1350 3729 iuerat,
1371 3675 1453 3717 vacce
1466 3659 1603 3731 apparuit.
1615 3659 1721 3715 Deinde
1747 3658 1783 3715 de
1807 3659 1877 3716 lacte
1904 3662 1964 3732 ejus

309 3765 424 3830 paucae
444 3758 479 3813 ad
493 3758 566 3813 littus
580 3774 665 3831 usque
683 3758 844 3827 procedunt,
873 3764 1033 3829 repertoque
1061 3768 1110 3828 pro
1164 3750 1217 3806 sibi
1246 3748 1335 3806 offerri
1349 3744 1510 3818 mendavit;
1527 3763 1581 3819 quo
1594 3748 1701 3814 hausto,
1729 3746 1887 3819 simpliciter
1911 3750 1964 3806 de-

308 3852 374 3901 voto
387 3844 510 3920 navigio,
525 3862 624 3902 navem
638 3860 733 3901 omnes
746 3861 801 3901 una
822 3843 1019 3902 conscendunt.
1036 3844 1109 3898 Pnu-
1164 3846 1290 3909 precatus
1304 3844 1345 3893 est
1356 3838 1443 3894 Deum
1462 3838 1492 3891 ut
1505 3850 1574 3893 vena
1587 3835 1665 3891 lectis
1692 3834 1802 3893 uberior
1825 3853 1908 3910 quam
1934 3837 1963 3895 in

308 3932 396 3990 lulum
410 3935 469 4005 jam
498 3934 577 3990 altius
606 3933 764 4004 navigando
792 3942 896 3989 eterra
915 3932 1108 3999 discesserant,
1162 3926 1329 3985 aliisvaccis
1343 3925 1525 3997 triplicaretur
1538 3923 1566 3978 in
1579 3924 1627 3979 illa
1643 3940 1649 3988 ;
1666 3922 1741 3998 quod
1762 3940 1817 3981 non
1831 3925 1920 3982 solum
1934 3926 1962 3982 in

309 4036 372 4079 cum
388 4036 453 4079 ecce
467 4022 546 4095 virgo
561 4023 696 4093 quaedam,
712 4020 823 4079 nomine
846 4022 916 4093 Hya,
931 4019 1016 4077 nobili
1043 4034 1108 4075 sen-
1161 4031 1204 4083 ea,
1232 4016 1280 4071 sed
1305 4015 1334 4069 in
1347 4013 1472 4071 omnihus
1493 4008 1535 4083 ”',
1565 4028 1625 4085 quar
1649 4027 1684 4068 ex
1698 4028 1730 4069 ea
1757 4022 1960 4084 processerunt,

308 4110 392 4181 perine
406 4119 557 4183 procreata,
573 4112 699 4181 pervenit
712 4111 747 4167 ad
759 4110 840 4179 littus,
857 4108 929 4166 felici
953 4116 1108 4166 sauctorum
1161 4103 1265 4159 iactum
1280 4119 1339 4160 esse
1352 4109 1488 4159 narratur.
1500 4102 1580 4158 blane
1607 4108 1698 4157 autem
1714 4101 1796 4173 iacto,
1812 4117 1875 4159 cum
1900 4103 1961 4173 J'aru

309 4200 422 4272 cupieos
436 4200 555 4257 adunari
568 4200 695 4273 collegio,
724 4215 892 4272 cernensque
906 4198 1002 4271 procul
1029 4196 1106 4254 alit-
1160 4190 1213 4247 iter
1226 4208 1308 4266 agere
1321 4190 1433 4261 Vellem»
1445 4189 1618 4262 Nilidem&
1637 4189 1762 4246 lidelmi
1788 4189 1880 4246 ⁰¹¹¹¹¹i⁸
1907 4191 1961 4247 Μ·

308 4292 368 4344 tore
393 4288 453 4359 jem
489 4296 619 4357 remotos,
655 4289 739 4344 nimio
761 4288 921 4345 anxiebatur
947 4287 1051 4357 dolore,
1081 4292 1107 4343 et
1160 4278 1280 4338 bitacula
1300 4288 1400 4337 relecta
1427 4287 1454 4335 et
1480 4285 1603 4350 reparata
1630 4278 1668 4334 ita
1708 4293 1740 4335 ac
1768 4279 1792 4333 si
1821 4295 1960 4351 nunquam

308 4374 369 4431 fiais
384 4376 413 4431 in
428 4384 500 4432 terra
514 4376 640 4450 genibus
655 4392 754 4433 manus
768 4376 902 4433 etcculos
916 4376 951 4431 ad
977 4374 1107 4431 sublimia
1161 4369 1337 4441 discooperta
1354 4367 1475 4423 inissent.
1504 4366 1580 4422 Tunc
1605 4364 1712 4436 fideles,
1741 4365 1786 4441 qui
1808 4367 1912 4438 praevic
1928 4367 1958 4425 S.

307 4466 429 4537 erigens,
444 4474 536 4521 meula
549 4467 695 4524 consilium
711 4482 726 4523 a
740 4466 809 4523 coelo
823 4464 1104 4539 efflagitabatdevotn.
1161 4458 1300 4531 Guignero
1315 4455 1413 4513 Christi
1426 4455 1542 4529 vestigia
1559 4455 1751 4525 sequebantur,
1775 4470 1826 4526 lle?
1848 4456 1960 4528 singul&

305 4554 615 4612 Etmodicuminierius
628 4555 755 4611 relaxans
769 4554 907 4625 obtutum,
934 4554 1105 4625 contempla·
1159 4546 1220 4604 loca
1246 4553 1388 4603 cernentes
1414 4543 1590 4616 multiplicari
1624 4542 1762 4598 mirabilia
1778 4543 1839 4613 Dei,
1868 4544 1958 4617 magis

307 4651 349 4699 tur
362 4658 449 4713 super
464 4658 551 4715 aquus
566 4642 798 4714 tohumpuvum,
814 4651 841 4700 et
867 4650 999 4715 protensa
1016 4642 1104 4715 virga,
1159 4636 1303 4710 magisque
1336 4634 1566 4702 confortabantur,
1608 4641 1635 4687 el
1674 4632 1703 4686 ln
1729 4629 1784 4689 lide
1802 4639 1831 4689 et
1863 4646 1958 4689 amore

306 4748 390 4803 qoem
406 4748 488 4787 mauu
498 4730 637 4805 gaschet,
653 4738 768 4805 tangens
780 4732 849 4789 illud
864 4733 974 4789 volehat
987 4731 1103 4804 probare
1160 4725 1258 4782 Christi
1285 4723 1524 4782 confirmabantur.
1551 4720 1586 4777 El
1613 4720 1682 4777 bene
1714 4719 1836 4777 Chritlus
1862 4720 1957 4778 debuit

306 4836 341 4877 an
364 4828 536 4893 mergeretur
559 4838 567 4888 ς
591 4827 618 4877 et
646 4836 710 4877 ecce
737 4820 788 4876 sub
820 4822 905 4878 oculis
932 4822 994 4893 ejus
1021 4820 1104 4891 coepit
1159 4814 1260 4870 talibus
1284 4812 1515 4870 consolationibus
1541 4824 1606 4866 suos
1633 4806 1795 4908 confirmare
1816 4816 1902 4867 testes
1929 4816 1957 4866 et

306 4924 435 4967 erescere
463 4917 490 4965 et
510 4908 627 4979 dilatari,
643 4909 721 4965 itaut
735 4908 858 4965 dubitare
886 4926 942 4967 uon
968 4917 1060 4982 posset
1087 4923 1105 4963 a
1158 4903 1309 4975 consolari,
1337 4916 1468 4974 quosper
1486 4900 1609 4973 palmam
1636 4896 1758 4970 martyrii
1777 4896 1805 4953 in
1827 4897 1956 4971 proximo

305 4998 365 5055 Dec
380 4996 433 5055 sibi
458 4997 526 5055 illud
553 4996 713 5071 obsequium
727 4997 850 5054 missurn.
875 4998 910 5055 Et
937 4996 991 5055 fide
1016 4998 1102 5067 tortis,
1158 4991 1329 5066 disposuerat
1342 5004 1485 5047 coronare.
1501 4989 1582 5044 Mane
1595 4994 1687 5043 autem
1711 4985 1795 5056 lacto,
1810 4994 1955 5060 pergentes

305 5086 404 5143 iulium
417 5086 547 5144 audacter
561 5088 756 5154 conscendens,
767 5086 929 5143 mirabiliter
942 5087 993 5143 Ilei
1007 5088 1105 5145 virtute
1156 5081 1354 5157 gradiebantur
1366 5093 1417 5152 per
1431 5078 1492 5134 loca
1505 5074 1631 5149 quadam
1645 5073 1790 5132 silvestria.

305 5175 413 5247 perlata
424 5172 456 5204 ”¹
472 5175 585 5231 alterum
598 5175 689 5233 socios
703 5175 833 5247 praevenlt
855 5177 891 5232 ad
904 5174 989 5233 littus.
1018 5178 1105 5235 Haesi·
1462 5165 1573 5223 CAPUT
1589 5164 1647 5222 Vll·

306 5265 420 5320 tandum
447 5279 503 5320 non
517 5270 558 5320 est
578 5264 612 5319 de
625 5263 752 5335 operibus
763 5264 813 5321 Dei
830 5283 836 5321 :
852 5280 916 5321 nam
944 5266 989 5338 qui
1013 5274 1104 5323 trans·
1298 5252 1812 5332 p„1„r,mrtaperaetrorerem.

199 5370 200 5391 ¹
262 5400 275 5417 .
306 5353 376 5409 ituro
391 5352 495 5424 populo
509 5367 584 5407 mare
597 5352 716 5407 Rubrum
731 5360 856 5422 potenter
877 5352 977 5425 divisit,
995 5362 1022 5413 et
1037 5356 1104 5413 Elisa
1193 5350 1329 5407 Sonuerat
1364 5348 1434 5419 jam,
1458 5343 1637 5417 pervulgante
1665 5341 1750 5412 tama,
1778 5343 1807 5399 in
1845 5342 1956 5404 auribus

305 5443 453 5499 Iordanem
467 5441 584 5514 aperuit,
600 5448 626 5497 et
652 5441 757 5496 Petrum
777 5457 861 5513 supra
887 5458 972 5515 aquas
997 5460 1105 5501 currere
1157 5438 1320 5497 Theoderici
1341 5434 1416 5509 regis
1443 5432 1600 5501 Comuhiae,
1621 5431 1651 5487 in
1679 5440 1749 5490 terra
1775 5428 1879 5491 scilicet
1906 5452 1957 5493 sua

306 5532 380 5601 iecit,
410 5532 469 5603 ipse
496 5529 634 5603 quomodo
648 5529 743 5597 voluit,
773 5531 908 5603 virginem
923 5548 999 5589 suem
1015 5540 1103 5589 trans-
1158 5528 1339 5586 Christianam
1366 5523 1566 5580 multitudinem
1601 5520 1743 5578 advenisse
1771 5541 1779 5591 3
1805 5532 1832 5579 el
1859 5522 1957 5580 timeus

292 5621 387 5677 rvexit.
1160 5616 1272 5677 odibilis
1295 5616 1354 5673 Deo
1369 5619 1498 5686 tyrannus
1517 5627 1552 5667 ne
1573 5606 1705 5684 populum
1722 5628 1801 5668 suum
1824 5612 1860 5669 ad
1874 5612 1956 5670 iidem

956 5717 1070 5778 VblilAE
1088 5713 1301 5780 LECPIONES.

339 5841 560 5905 ”bermone
573 5842 632 5917 jam
647 5844 767 5905 lavacro.
810 5841 1146 5922 ”tesolatamcperlatu
1182 5836 1410 5903 ”Sedamnibus
1423 5851 1477 5897 aas.
1493 5832 1732 5895 sediucmnibns.

481 6044 605 6107 Parnon.
626 6050 717 6110 CLIX.
