4750 6725
416 580 445 637 li
580 559 585 570 x
692 576 721 635 S.
737 575 890 634 sustituit
908 572 1085 631 cumben.
1101 570 1260 629 ancittae.
1277 572 1352 629 OPP.
1368 572 1455 631 tuns
1469 573 1517 629 lll.
1532 604 1568 615 -
1581 570 1769 632 aristote.
2029 578 2063 635 ta

382 733 387 749 ·
417 702 507 759 dicam
516 698 1211 772 Deoi'erumtumerruosrsicutepovoivo,redsicut
1228 700 1253 762 Α
1268 694 1464 770 archiepiscopi
1484 702 1627 771 lasese,
1643 719 1708 761 suus
1723 706 1796 776 quod
1821 722 1931 778 semper
1953 716 2020 773 erat,
2037 716 2064 764 et

419 796 451 847 iss
465 794 515 849 uis.
527 793 594 847 Cum
608 792 682 847 enim
696 807 731 847 ex
747 799 860 864 utraque
875 798 955 860 parte
977 788 1066 843 Deum
1082 786 1191 842 timeam
1203 806 1212 853 ;

353 934 356 939 .
417 895 468 937 uec
482 878 584 951 aliquid
598 879 652 935 nisi
667 879 765 945 Deum,
781 888 809 935 et
831 877 956 933 homiues
979 884 1091 948 propter
1112 874 1211 943 Deum,

418 970 542 1040 utrinque
555 984 576 1039 ⁸,
592 967 716 1041 diligam,
732 967 801 1023 nibil
814 967 880 1021 mibi
896 974 961 1036 putu
975 965 1057 1020 tutius
1071 963 1099 1019 iu
1113 980 1143 1020 re
1158 972 1213 1019 tam

417 1057 569 1128 periculosa
576 1073 656 1129 quum
665 1065 702 1117 ut,
712 1071 801 1112 mcum
812 1070 924 1111 sensum
932 1063 958 1110 et
967 1054 1132 1110 voluntatem
1141 1060 1214 1121 post-

418 1160 534 1219 ponens,
545 1145 686 1201 mesensui
694 1152 721 1199 et
731 1144 861 1200 voluntati
869 1131 918 1198 bei
926 1144 1031 1215 penitus
1036 1143 1213 1198 committam.

454 1236 490 1290 Et
502 1234 628 1307 quamvis
640 1233 670 1288 in
686 1235 738 1289 bac
751 1248 780 1289 rc
793 1233 860 1288 mibi
883 1232 966 1288 nimis
987 1232 1023 1287 sit
1042 1247 1126 1304 graue
1149 1229 1215 1285 dare

420 1332 447 1380 et
460 1323 540 1380 robis
553 1322 678 1394 accipere
691 1320 701 1349 ⁸
716 1320 862 1378 consilium
877 1321 1051 1395 quodcoutre
1062 1311 1216 1375 meum¹⁶et

419 1416 539 1470 restrum
555 1409 684 1468 uiieotum
698 1410 742 1478 sit,
757 1418 848 1468 tamea
863 1410 927 1481 quia
940 1424 993 1483 ego
1008 1416 1035 1464 et
1053 1423 1103 1464 tos
1125 1406 1215 1480 magis

419 1516 514 1558 sumus
528 1500 577 1557 Dei
593 1515 674 1572 quam
688 1516 741 1573 ego
756 1507 910 1566 vester,aut
922 1514 972 1555 vus
986 1498 1039 1554 mei
1050 1515 1058 1553 z
1068 1498 1214 1554 siueerrt'm

418 1588 604 1646 uiuimusriue
614 1590 763 1658 morimur,
776 1589 890 1645 Domini
904 1586 1099 1658 sumasliiom.
1108 1602 1162 1650 xiv,
1174 1586 1214 1657 8),

418 1694 473 1734 nou
488 1677 576 1733 audeo
590 1678 619 1732 iu
633 1692 716 1733 causa
731 1676 790 1744 bei,
807 1686 833 1732 et
846 1678 874 1731 in
888 1684 964 1731 tauta
978 1676 1140 1732 necessitate
1148 1674 1214 1729 mibi

418 1766 572 1823 commissis
585 1766 620 1821 ad
633 1765 839 1833 consulendum,
854 1764 986 1837 quidquid
1002 1764 1127 1821 homines
1149 1780 1213 1819 sus·

416 1856 549 1929 picentur,
570 1870 660 1911 meum
678 1870 773 1912 eorem
794 1854 853 1911 Deo
874 1855 1031 1911 subtrahere
1054 1852 1211 1910 consilium.

416 1944 536 2002 Consule
550 1943 825 2016 igiturdilectissimis
839 1942 1016 1999 dilectoribus
1023 1942 1091 1997 meis
1100 1952 1129 1997 ut
1139 1942 1211 1997 nulla

1268 802 1374 857 semper
1388 798 1450 843 esse·
1461 787 1594 845 desiderat
1608 808 1712 861 servus,
1728 803 1755 850 et
1768 794 1849 863 filius,
1860 794 1943 852 frater
1957 796 2064 853 Ostrea-

1267 889 1341 942 nus;
1357 875 1395 930 itu
1409 876 1488 931 rectis
1502 879 1625 935 consiliis
1639 880 1694 953 api,
1712 889 1741 937 ut
1763 884 1848 939 Deum
1864 893 1936 940 recta
1949 884 2063 941 consilia

1267 963 1378 1019 dantem
1395 964 1483 1020 valeat
1498 968 1654 1036 promereri.

1304 1052 1422 1121 Cum'te,
1438 1054 1598 1111 charissime
1612 1056 1731 1126 domiue,
1748 1058 1863 1117 inomni
1879 1060 1998 1117 veritatis
2013 1076 2064 1119 co-

1268 1140 1389 1212 gnitione
1420 1141 1629 1199 scientissimum
1662 1162 1724 1203 esse
1745 1148 1840 1215 seiam,
1863 1151 1963 1205 mirum
1985 1151 2064 1207 valde

1269 1228 1342 1301 quod
1356 1228 1384 1283 iu
1401 1231 1451 1287 bae
1466 1231 1524 1287 sola
1539 1248 1568 1287 re
1582 1234 1621 1289 sic
1637 1236 1795 1293 omnimoda
1811 1238 1869 1292 veri
1878 1239 2064 1312 cognoscendi

1268 1316 1383 1373 scientia
1397 1318 1542 1391 aufugerit,
1559 1329 1590 1376 ut
1605 1323 1677 1393 quod
1692 1325 1750 1380 Deo
1764 1324 1891 1395 placituro
1911 1328 1946 1381 sit
1968 1326 1995 1382 iu
2020 1342 2064 1395 eo,

1269 1406 1341 1477 quod
1357 1408 1511 1463 communis
1525 1409 1559 1464 de
1574 1418 1600 1466 te
1614 1420 1714 1469 ssuetae
1722 1414 1844 1470 ecclesie
1851 1416 1984 1471 sentemia
1994 1416 2064 1488 tulit,

1268 1496 1394 1566 ignorare
1409 1496 1506 1567 possis.
1523 1499 1579 1554 Aut
1593 1499 1614 1554 si
1629 1500 1738 1556 animus
1753 1509 1812 1557 tuus
1826 1502 1852 1557 iu
1867 1503 1937 1560 banc
1950 1504 2063 1575 potissi-

1267 1599 1344 1639 mum
1355 1585 1514 1641 seutentiam
1525 1588 1626 1661 vergit,
1639 1597 1666 1644 ut
1676 1590 1748 1661 quod
1759 1591 1896 1661 generalis
1906 1590 2063 1661 electio,rel

1267 1674 1400 1741 cronium,
1423 1673 1466 1729 uel
1489 1682 1561 1731 certe
1585 1692 1666 1747 quum
1686 1677 1773 1733 multu
1793 1679 1910 1736 maxime
1934 1680 2062 1752 plurium,

1267 1769 1407 1817 eteorum
1431 1763 1702 1833 sapientissimorum,
1729 1767 1785 1823 Deo
1814 1768 1922 1839 placere
1951 1769 2062 1837 clamat,

1266 1849 1340 1904 solus
1348 1857 1375 1905 tu
1383 1849 1525 1921 displicere
1533 1854 1691 1922 contendas,
1702 1855 1860 1917 verentium,
1867 1855 2064 1926 pretiosissime

1265 1939 1384 2005 domine,
1401 1956 1435 1995 ne
1450 1956 1505 2010 prae
1519 1941 1645 1997 omnibus
1659 1943 1814 1999 homiuibus
1828 1944 2062 2002 meliorsanctior·

415 2051 462 2091 res
477 2034 557 2091 facist
577 2048 626 2089 ros
649 2032 821 2103 pertinaciter
841 2031 1006 2087 ordinationi
1017 2031 1066 2085 Dei
1087 2030 1209 2097 obviare,
1225 2052 1252 2113 Β
1267 2043 1320 2097 que
1336 2028 1421 2082 videri
1437 2028 1506 2084 relic
1526 2030 1656 2098 videaris,
1672 2031 1735 2087 dum
1760 2032 1832 2102 quod
1851 2033 1890 2087 ilii
1909 2035 2062 2091 rectissime

415 2123 569 2197 quisquerat
573 2126 721 2194 peccatum
730 2119 1211 2191 bertolandiest,rrollcacpuieseere
1266 2116 1431 2188 intelligunt,
1446 2118 1547 2174 rectius
1563 2120 1642 2192 quasi
1656 2136 1673 2176 a
1688 2129 1713 2177 te
1727 2121 1896 2178 intellectum
1912 2123 2062 2180 defendere

413 2212 512 2284 (iflep.
523 2226 569 2276 xv,
579 2211 639 2281 ib);
655 2218 682 2265 et
694 2226 701 2263 ε
711 2211 819 2266 Durum
830 2209 918 2265 nimis
926 2212 980 2272 cst,
988 2213 1089 2265 contro
1101 2209 1151 2264 Dei
1160 2210 1212 2263 sti·
1264 2206 1383 2261 coneris.

413 2301 526 2356 mulum
536 2300 691 2355 calcitrare
701 2300 772 2368 (Act.
790 2313 827 2363 rx,
844 2298 881 2366 b).
897 2297 938 2353 nd
953 2298 1005 2352 boc
1019 2297 1092 2352 euim
1107 2310 1151 2351 res
1160 2296 1211 2350 ista
1300 2294 1335 2349 Ut
1349 2294 1419 2349 enim
1441 2293 1468 2349 iu
1489 2293 1593 2352 offenso
1616 2295 1780 2354 dulcissimo
1804 2300 1874 2354 mibi
1898 2314 1992 2357 amore
2016 2309 2063 2358 tuo

412 2387 627 2444 indubitabiliter
639 2386 743 2458 judicio
757 2386 807 2441 Dei
829 2385 998 2455 perducitur,
1014 2391 1043 2439 ut
1054 2384 1211 2440 accessesit
1263 2381 1372 2453 loquar,
1388 2390 1433 2437 aut
1456 2384 1569 2451 eunctis,
1585 2386 1658 2455 quod
1680 2402 1734 2441 nou
1757 2388 1904 2455 credimus,
1920 2390 2062 2447 meliorem

412 2493 466 2545 me,
483 2477 505 2531 si
521 2475 585 2548 quid
600 2475 664 2530 boui
679 2475 753 2530 Deus
778 2474 904 2545 dignatur
918 2470 938 2502 ¹¹
953 2489 1003 2546 per
1022 2490 1066 2528 me
1088 2472 1208 2543 operari,
1264 2477 1289 2525 te
1313 2468 1451 2537 fateberis,
1477 2472 1578 2544 quippe
1600 2472 1643 2529 eui
1676 2474 1726 2529 soli
1751 2475 1900 2531 revelatum
1925 2486 1966 2534 est
1989 2478 2063 2552 quod

411 2564 516 2621 seruire
530 2571 558 2620 et
570 2563 698 2633 prodesse
720 2563 809 2629 uobis,
825 2571 852 2618 et
872 2562 965 2617 multis
986 2562 1062 2627 aiiis;
1077 2568 1124 2616 aut
1146 2575 1208 2616 om·
1263 2558 1398 2615 universes·
1412 2560 1563 2632 anglorum
1580 2562 1709 2619 [sceleste
1732 2562 1772 2619 fas
1787 2580 1842 2619 nou
1856 2572 1914 2621 erat
1927 2564 2060 2633 revelari;

411 2654 476 2710 uiuo
491 2668 543 2709 uec
557 2652 633 2721 mibi,
649 2668 700 2708 uec
712 2651 800 2719 robis,
816 2668 867 2707 uec
889 2651 970 2721 aliis;
986 2665 1041 2708 non
1064 2650 1209 2706 deficiente
1263 2655 1308 2701 aut
1323 2644 1405 2703 facias
1430 2664 1543 2705 necesse
1567 2659 1606 2705 est
1630 2651 1703 2722 quod
1726 2652 1887 2709 universalis
1907 2654 2060 2726 duplorum

411 2742 557 2807 voluntate,
572 2741 621 2797 sed
636 2747 780 2812 potestate.
1261 2734 1387 2792 Ecclesia
1410 2731 1429 2763 ¹⁴
1452 2738 1559 2805 suadet,
1584 2740 1636 2795 boc
1659 2748 1708 2807 est,
1734 2749 1763 2796 ut
1784 2740 1948 2811 pontificalis
1968 2742 2061 2799 infulsa

446 2830 525 2901 Quod
540 2830 564 2885 si
577 2830 614 2885 ob
624 2838 741 2885 vestram
752 2828 927 2900 pertinaciam
937 2827 1090 2900 contigerit,
1102 2827 1208 2884 facietis
1260 2824 1443 2896 principatum
1467 2826 1539 2883 iuter
1561 2825 1657 2884 beatos
1678 2830 1816 2900 apostolos
1846 2831 1984 2903 suscipere
2005 2847 2061 2889 uou

407 2926 574 2977 senectutem
589 2932 677 2973 meam
692 2917 720 2971 iu
734 2915 925 2972 inconsolabili
940 2917 1045 2971 tristitia
1071 2915 1209 2973 dedueiet
1262 2929 1372 2969 renuas.

408 3009 492 3078 363
508 3005 637 3073 delicere,
652 3013 767 3077 propter
780 3020 880 3077 magua
903 3014 931 3060 et
951 3005 1112 3060 multimoda
1134 3004 1208 3060 mala
1297 3002 1351 3059 Sed
1368 3002 1436 3059 forie
1452 3013 1592 3075 exspectas
1608 3006 1695 3063 Deum
1710 3007 1869 3076 maioribus,
1879 3009 1952 3081 quod
1965 3010 2059 3081 eoepit,

408 3112 473 3170 quar
491 3094 722 3165 indesequentur,
731 3102 758 3148 et
771 3092 836 3148 mibi
847 3100 873 3148 et
882 3093 960 3149 vobis
966 3093 1208 3161 justesidebuutnr
1259 3088 1366 3146 indiciis
1389 3092 1564 3163 probatus-um
1582 3112 1589 3149 :
1610 3110 1664 3151 uon
1688 3096 1775 3153 ausim
1798 3096 1900 3165 dicere,
1915 3106 2060 3171 propterca

405 3184 543 3256 imputari,
560 3183 640 3238 etiam
655 3183 689 3237 ab
704 3181 738 3237 iis
752 3181 798 3253 qui
813 3182 896 3237 modu
911 3197 943 3238 eu
966 3197 1021 3237 uon
1045 3180 1204 3253 praevident.
1259 3179 1333 3251 quod
1357 3188 1382 3235 ie
1404 3181 1634 3252 sapientissimum
1662 3184 1736 3248 scio;
1762 3184 1811 3240 sed
1834 3184 1917 3242 timeo
1941 3203 1977 3243 ue
1995 3188 2059 3243 talia

407 3274 524 3329 Sieuim
538 3272 644 3327 sciretis
658 3270 718 3341 ipsa
732 3271 790 3326 sola
814 3268 907 3324 dilatio
930 3277 1029 3342 quauta
1052 3269 1125 3325 mula
1145 3269 1204 3339 jam
1259 3270 1393 3340 querenti
1418 3285 1453 3325 ex
1478 3270 1589 3342 obliquo
1612 3272 1825 3343 respondeatur:
1849 3274 1911 3330 Nost
1934 3276 2058 3333 tentabis

405 3363 470 3419 feeit
484 3361 643 3434 corporibus
657 3368 683 3416 et
702 3358 854 3427 animabus,
870 3368 897 3415 et
918 3374 1002 3432 quam
1027 3358 1205 3416 exsecrabilis
1218 3406 1243 3471 G
1258 3356 1413 3414 Dominum
1426 3359 1515 3416 Deum
1528 3365 1610 3418 tuam
1621 3362 1782 3432 (bultten,
1793 3362 1831 3433 i).
1849 3363 1924 3432 Quid
1938 3380 2058 3438 namque

404 3451 454 3506 illa
466 3450 510 3517 sit,
526 3456 554 3506 et
568 3449 610 3503 iili·
621 3449 722 3519 pariter
736 3463 785 3519 per
798 3464 869 3519 quos
883 3446 920 3516 fit,
933 3448 1090 3504 melioribus
1105 3455 1131 3503 et
1138 3464 1203 3519 pru·
1258 3445 1392 3518 insignius
1406 3447 1440 3502 ad
1460 3457 1485 3502 te
1509 3448 1665 3522 eligendum
1694 3451 1848 3507 ostenderet
1870 3453 1952 3519 Deus,
1964 3470 2056 3526 quam,

404 3539 583 3606 deutiuribus,
599 3538 651 3608 ipsi
666 3553 774 3608 quoque
794 3536 896 3608 populo
918 3535 1034 3609 Angliae,
1050 3545 1116 3608 puto
1139 3536 1203 3607 quia
1257 3543 1287 3590 ut
1301 3545 1329 3591 tu
1344 3536 1553 3608 promovereris,
1570 3555 1662 3610 regern
1678 3539 1820 3612 triumphis
1836 3540 1964 3610 nobilem,
1975 3558 2056 3600 seve-

404 3637 432 3685 et
446 3645 495 3686 vos
509 3628 544 3700 (si
566 3627 709 3681 iubumaui
732 3641 786 3680 noa
808 3626 883 3695 estis)
898 3626 1021 3680 eamdem
1045 3625 1203 3680 diletionem

405 3714 619 3775 exsecraremini
636 3712 666 3770 ¹’.
682 3715 781 3770 blisum
796 3713 911 3769 forsitan
927 3713 1120 3770 vobisvidetur
1130 3715 1203 3785 quod

404 3809 464 3864 dico
477 3824 486 3872 ;
501 3805 617 3862 etmulti
632 3804 678 3876 qui
693 3819 737 3858 me
751 3804 824 3858 intus
839 3819 893 3858 non
908 3803 1002 3858 vident
1014 3811 1042 3858 et
1051 3803 1204 3874 praecipites

405 3903 468 3950 suut
489 3894 594 3950 alienas
614 3890 803 3956 conscientias,
820 3906 887 3962 quas
906 3891 1042 3961 ignoraui,
1057 3892 1203 3962 judiearet

405 3983 441 4039 de
455 3998 499 4038 me
513 3996 672 4054 perversum
688 3979 791 4051 aliquid
809 3979 978 4048 judicabunt,
994 3980 1058 4051 quia
1072 3983 1111 4034 sic
1125 3980 1205 4036 uobis

404 4073 440 4128 de
455 4074 505 4127 bae
519 4086 549 4126 re
563 4070 671 4140 loquor.
687 4067 743 4124 Sed
759 4083 852 4124 coram
867 4068 926 4123 Deo
940 4065 1039 4138 loquor
1052 4067 1098 4123 eui
1112 4070 1204 4124 revelo

403 4161 479 4216 aiam
494 4173 596 4226 meam,
612 4165 640 4212 et
652 4171 735 4228 spero
750 4155 777 4209 iu
801 4171 847 4220 eo,
864 4161 891 4210 ut
914 4157 973 4227 ipse
999 4155 1084 4213 faeiat
1106 4157 1199 4226 (Psoi.

403 4266 499 4313 xxxvi,
515 4247 543 4319 5)
558 4247 620 4318 quia
635 4262 689 4301 uon
701 4260 746 4301 uie
761 4253 872 4301 accusat
885 4259 976 4300 coram
992 4259 1025 4300 eo
1038 4245 1205 4301 couscientia

406 4353 467 4394 mea
482 4336 555 4408 qnod
571 4351 614 4391 me
628 4333 849 4404 coucupiscentia
864 4340 1028 4389 terrenarum
1037 4334 1203 4404 divitiarum,

406 4435 454 4483 aut
467 4423 647 4492 celsitudinis,
663 4424 697 4478 ad
713 4423 772 4478 baec
786 4421 856 4479 dicta
872 4422 971 4478 trabat.

443 4517 470 4572 st
486 4513 546 4585 quis
561 4512 692 4583 deinceps
706 4511 783 4566 aliter
796 4510 831 4566 de
846 4526 890 4566 mc
913 4510 1035 4579 senserit,
1052 4519 1116 4582 puto
1139 4512 1204 4584 peria

406 4605 536 4661 adversus
550 4602 693 4658 ueritatem
709 4601 771 4664 erit,
786 4607 813 4655 et
827 4600 901 4654 Deus
915 4600 980 4653 mibi
991 4599 1203 4656 testisadrersus

405 4693 484 4748 iilum
508 4694 570 4747 crit.
596 4689 705 4756 Valete3
731 4696 758 4744 et
782 4688 923 4756 Dominus,
945 4688 990 4760 qui
1005 4689 1097 4761 dirigit
1120 4703 1202 4744 mau-

1257 3623 1336 3679 ritate
1359 3623 1463 3680 cunctis
1487 3624 1697 3695 formidabilem,
1722 3628 1792 3685 lecto
1822 3628 1996 3698 decubuisse,
2020 3631 2057 3686 ad

1260 3723 1372 3768 mortem
1381 3729 1466 3784 usque
1474 3717 1652 3785 aegmtsrisse
1665 3723 1708 3786 ,te
1717 3725 1805 3773 autem
1816 3727 1956 3788 provecto,
1967 3718 2056 3774 stetim

1258 3801 1383 3857 eumdem
1398 3801 1589 3873 respiravisse,
1605 3804 1787 3870 conualuisse,
1803 3816 1886 3876 atque
1901 3823 1935 3861 ex
1957 3805 2016 3862 feru
2030 3815 2058 3864 et

1257 3889 1367 3945 immuni
1400 3891 1570 3947 mitissimum
1604 3892 1704 3964 pariter
1740 3909 1772 3950 ac
1810 3895 2056 3952 mansuetissimum

1258 3980 1393 4035 redditum
1408 3979 1513 4035 fuissef
1523 3979 1603 4050 Quid,
1615 3981 1735 4052 iuquam,
1748 3981 1927 4038 antefieetum
1939 3984 2057 4052 dulcius,

1259 4075 1304 4122 aut
1314 4068 1347 4121 ari
1360 4067 1541 4123 innocentiam
1552 4071 1733 4140 prestantius,
1742 4086 1826 4141 quam
1841 4078 1868 4127 te
1878 4081 1940 4129 aute
1957 4073 2058 4130 lectum

1258 4156 1417 4226 aegrutautis
1435 4154 1572 4212 violenter
1593 4165 1756 4228 pertractum
1771 4177 1779 4225 3
1795 4158 1918 4215 dextram
1941 4159 2056 4217 aliorum

1259 4243 1362 4298 dextris
1376 4243 1549 4314 impudenter
1564 4245 1598 4300 de
1616 4246 1677 4300 sinu
1698 4254 1848 4302 extr-aetam
1872 4248 2008 4304 sinistram
2023 4245 2054 4318 ²⁸,

1259 4348 1294 4388 ne
1308 4347 1429 4388 sororem
1437 4331 1554 4402 juvaret,
1565 4334 1671 4390 fortiter
1680 4342 1811 4391 retentam
1821 4337 1939 4406 virgam,
1951 4337 2056 4394 coeteria

1258 4420 1378 4493 digitulis
1400 4420 1573 4492 pertinaciter
1601 4422 1726 4484 occlusis,
1751 4421 1843 4494 pollici
1867 4432 1948 4497 etqua
1971 4425 2055 4482 indici

1258 4507 1405 4564 crudeliter
1418 4509 1575 4581 impactam,
1592 4519 1651 4582 post
1666 4512 1724 4567 brec
1738 4519 1794 4568 toto
1808 4528 1923 4584 corpore
1947 4531 1962 4570 e
1983 4521 2056 4572 terre

1259 4605 1284 4653 te
1312 4597 1455 4664 elevatum,
1472 4597 1672 4670 episcopalibus
1700 4599 1815 4656 bracbiis
1843 4601 1877 4657 ad
1910 4602 2055 4659 ecclesiam

1258 4687 1438 4756 deportatum,
1454 4686 1558 4758 ibique,
1573 4688 1662 4744 adbuc
1677 4693 1705 4744 te
1721 4689 1897 4759 reclamante,
1913 4698 1940 4746 et
1953 4691 2056 4762 impor-

407 4788 499 4837 suetos
513 4780 541 4834 iu
552 4778 667 4849 judicio,
682 4785 710 4833 et
732 4778 811 4834 docet
833 4792 888 4832 uon
912 4775 1016 4847 rigidos
1029 4772 1060 4844 ¹⁸,
1076 4778 1125 4833 sed
1146 4778 1201 4832 mi·
1215 4759 1241 4820 D
1258 4775 1328 4831 tuuis
1345 4774 1428 4831 nimis
1442 4776 1597 4843 obsistente,
1611 4777 1741 4834 felicum
1759 4777 1976 4838 laudamusesse
1984 4796 2054 4839 eau-

406 4878 459 4934 tes,
482 4868 541 4925 uias
562 4884 624 4922 suas
645 4868 734 4938 (Psoi.
759 4882 834 4934 xxxa,
850 4866 889 4936 b),
911 4865 1012 4939 diriget
1032 4882 1130 4923 sensus
1152 4883 1201 4923 ve-

407 4969 478 5015 stros
493 4966 520 5014 et
534 4957 686 5013 voluntates
700 4956 726 5010 iu
742 4954 825 5026 liujus
836 4954 937 5027 negotii
949 4954 1063 5025 judicio.

688 5060 862 5117 aristosa
884 5061 917 5116 ll.

633 5164 751 5206 ossanna
766 5164 802 5203 nu
816 5163 975 5207 ausaausa.

425 5246 459 5304 bt
469 5241 595 5301 consulit
611 5240 761 5297 lumiliter
774 5238 867 5294 subire
882 5255 953 5295 onus
969 5238 1185 5296 Cantauriensir

693 5310 917 5381 archiepiscopi..
1098 5374 1102 5382 ς

442 5404 560 5462 Domino
574 5399 753 5465 mestissime,
769 5397 927 5454 charissimo
948 5397 1036 5454 eleeto
1049 5399 1203 5472 nuptorum

1256 4871 1341 4919 tatum
1351 4865 1365 4918 ‘f

1293 4951 1374 5020 Quid,
1389 4953 1511 5024 iuquam,
1528 4951 1570 5009 vel
1584 4951 1619 5008 ad
1633 4951 1742 5010 divinas
1761 4953 1856 5010 laudes
1870 4955 2052 5027 magnificen-

1256 5040 1320 5108 tius,
1343 5039 1386 5096 sel
1409 5040 1445 5096 ad
1469 5041 1586 5096 bumana
1606 5042 1761 5112 spectacula
1781 5043 1955 5116 gaudentius,
1972 5061 2053 5116 quam

1258 5131 1375 5206 quodie
1397 5138 1441 5185 tua
1460 5129 1601 5195 electione,
1617 5127 1734 5185 exclusis
1758 5131 1884 5187 omnibus
1908 5140 2052 5189 transacta

1257 5217 1425 5292 tempestatis
1447 5216 1645 5287 afflictionibus,
1670 5219 1761 5274 omnia
1785 5219 1819 5274 ad
1852 5221 1955 5292 proprii
1982 5222 2052 5292 juris

1257 5310 1458 5382 possessionem
1475 5306 1557 5362 ueluti
1568 5305 1674 5375 jubileo
1695 5307 1811 5364 termino
1833 5320 2004 5365 cucurrerunt
2020 5306 2051 5382 ¹¹,

1256 5399 1319 5455 dum
1334 5396 1418 5456 vincti
1432 5396 1466 5452 ad
1482 5394 1691 5466 expeditionem,
1707 5397 1836 5454 careermi
1850 5397 1885 5453 ad
1898 5397 1997 5468 lucem,
2009 5415 2053 5456 ca-

1058 5549 1173 5604 vante*
1193 5547 1400 5606 Lectiones.

440 5676 600 5744 sursumque
613 5689 667 5728 mr.
682 5671 820 5744 utrinque.
843 5671 890 5726 sEs
903 5670 1025 5741 accipere
1038 5689 1092 5729 ms.
1109 5681 1135 5728 et
1149 5671 1229 5730 robis
1243 5674 1378 5742 accipere.
1402 5669 1502 5728 ¹‘Circa
1517 5685 1605 5727 meum
1620 5686 1673 5728 mr.
1688 5677 1787 5725 eontra
1800 5685 1905 5728 meum.
1929 5670 2053 5745 ”Digna-

403 5753 447 5802 tur
459 5763 513 5803 ms.
530 5747 602 5801 Deus
621 5745 759 5815 dignatur.
779 5739 973 5799 ¹’Execramini
993 5760 1046 5799 sus.
1063 5745 1273 5801 exerraremini.
1291 5743 1423 5816 ¹'liigidas
1446 5760 1498 5799 ors.
1515 5743 1627 5826 rigidos.
1643 5741 1833 5798 1‘lJnirrersaIis
1853 5744 1976 5801 Ecclesia
1995 5761 2050 5800 ms.

402 5817 564 5874 universalis
587 5819 734 5888 ‚angiorum
762 5817 895 5872 Ecclesia.
914 5813 1098 5882 ¹⁸Estractam,
1115 5819 1222 5888 virgam
1246 5832 1300 5872 ms.
1316 5822 1462 5870 extractam
1476 5832 1482 5879 ;
1498 5815 1641 5880 sinistram,
1658 5827 1693 5868 ne
1712 5827 1837 5870 sororem
1856 5815 1975 5884 iuraret,
1991 5815 2050 5871 fur-

401 5889 463 5945 iiter
476 5897 628 5959 retentam
644 5887 758 5958 virgam.
789 5885 1010 5944 ¹‘Concurrerunt
1024 5901 1077 5942 urs.
1093 5893 1282 5944 cucurrerunt.
1370 5932 1372 5938 .
1597 5907 1598 5912 ¹
