4750 6725
408 600 460 657 963
962 596 992 653 S.
1010 595 1168 655 boeotus
1182 596 1326 653 neotus
1340 597 1498 656 etudine.
2007 607 2060 664 stt

404 722 519 799 quilibet
532 720 567 779 da
589 718 781 795 presentibus,
797 734 830 775 oc
843 719 878 776 de
892 718 991 777 fotuns
1003 721 1091 777 nostri
1106 735 1202 778 omno·
1216 722 1246 785 Α
1260 720 1344 777 vitute
1358 729 1386 777 at
1399 722 1529 779 ditionem
1543 722 1571 779 in
1586 738 1708 795 munem,
1727 739 1791 782 eum
1805 727 1933 784 omnibus
1946 730 2059 788 omuino

406 813 517 869 biorum
539 808 669 867 iratribus
689 807 724 863 da
748 813 793 863 tua
815 806 960 879 disciplina
983 809 1069 883 (quod
1092 809 1203 883 quidem
1257 808 1293 863 ad
1314 824 1374 865 aem
1396 811 1473 881 juste
1495 810 1702 883 pertinentibus,
1725 812 1819 883 idest,
1835 815 1913 872 terris
1935 818 2015 873 mritis
2030 828 2058 875 er

406 899 510 973 obsiti)
542 897 704 969 quandoque
727 894 830 967 aliquid
851 895 1015 953 defraudare
1029 898 1203 965 tentaverint,
1257 896 1374 965 incultis,
1403 899 1499 969 pratis,
1528 900 1615 968 sitris,
1630 900 1709 973 aquia
1724 916 1908 975 aquarumque
1932 906 2054 963 excurs-

403 998 452 1047 tuo
480 995 565 1043 totam
578 1000 630 1056 par
657 983 731 1057 quod
746 984 781 1040 ab
808 983 856 1041 illa
873 986 1088 1057 presumptione
1101 985 1204 1059 resipi-
1256 984 1307 1041 bus
1319 985 1531 1061 circumquaque
1545 988 1653 1059 dejure
1673 990 1757 1063 ipsius
1771 992 1915 1063 potestatis
1930 996 2054 1051 existen.

403 1083 490 1147 went,
503 1073 699 1131 committimus
720 1072 850 1128 examini.
867 1072 985 1143 Quodsi
999 1073 1090 1131 iacere
1103 1089 1204 1130 renue-
1257 1074 1350 1143 tibus;
1379 1077 1463 1132 servis
1488 1092 1597 1149 quoque
1624 1085 1651 1135 et
1674 1079 1790 1147 ancillis,
1807 1080 1996 1156 capitecensis,
2011 1084 2056 1141 vei

401 1166 466 1233 rint,
495 1163 565 1218 sicut
591 1167 621 1217 tc
651 1168 736 1217 temet
758 1161 941 1217 decrevisti...
970 1178 1004 1218 ac
1030 1162 1054 1218 si
1069 1162 1206 1219 sancimus
1257 1161 1377 1219 aliteree
1391 1164 1564 1235 habentibus,
1593 1166 1753 1240 caetedsque
1773 1170 1926 1227 redditibus
1939 1174 2055 1239 cuncus,

401 1250 566 1326 perenniter,
594 1265 648 1320 qno
661 1248 721 1319 jam
748 1248 885 1321 praedicta
912 1250 984 1305 iliius
1005 1248 1083 1307 celia
1095 1250 1203 1317 iratres,
1258 1259 1338 1323 atque
1363 1252 1605 1311 consuetudinibus
1629 1255 1709 1327 justis
1734 1260 1762 1311 et
1789 1258 1951 1326 redonibus,
1978 1262 2054 1319 nulio

402 1348 449 1397 aut
461 1338 569 1412 priores
582 1336 678 1409 aliqui,
702 1337 860 1393 Romanum
879 1337 978 1394 adeant
990 1337 1157 1409 ponbfioem,
1175 1346 1205 1394 ut
1257 1354 1368 1411 prorsus
1390 1340 1425 1398 ed
1453 1356 1503 1397 nos
1531 1351 1656 1414 respectu
1685 1346 1913 1405 mnsnemdinere
1940 1356 2055 1417 mmmm,

403 1428 477 1502 quod
491 1443 541 1499 per
554 1433 582 1482 te
596 1440 837 1497 successoremque
850 1434 925 1483 tuum
939 1424 1097 1484 charitative
1111 1442 1206 1483 amen·
1257 1435 1304 1483 aut
1316 1428 1409 1485 debita
1422 1430 1558 1487 servitutis
1573 1430 1665 1505 eliqua
1678 1432 1809 1505 pensione
1825 1434 1885 1493 sire
1898 1438 2053 1506 exacuone,

403 1518 471 1577 dare
497 1513 644 1580 voluerint,
667 1512 730 1569 licet
754 1512 845 1584 inriti,
860 1529 912 1571 suo
931 1514 1035 1586 judicio
1054 1514 1205 1572 emendare
1257 1517 1340 1573 modo
1354 1516 1476 1588 quolibet
1488 1518 1654 1587 exhibenda,
1670 1527 1803 1592 quatenus
1816 1522 1954 1595 universa,
1970 1532 2054 1583 tama

406 1622 461 1663 non
476 1603 612 1661 ommam.
634 1601 709 1658 ilale.
725 1602 804 1657 Vale.

760 1717 848 1773 XVII.

571 1820 733 1863 ramatum
746 1820 860 1862 comma
873 1820 1031 1863 emamus.

406 1896 498 1972 offeri
513 1895 683 1953 Thaoonldus
701 1910 795 1953 corma
809 1895 903 1963 fitium
916 1899 950 1953 ut
966 1898 1047 1969 cquis
1060 1896 1203 1955 salutnrr'·

1258 1604 1338 1661 nobis
1349 1621 1430 1675 quam
1445 1621 1462 1661 a
1483 1606 1704 1663 ministerialibus
1719 1616 1746 1665 et
1760 1610 1942 1669 servientibus
1954 1616 2055 1671 nostrm

1256 1698 1285 1753 in
1299 1706 1354 1755 tote
1371 1698 1416 1756 iiia
1437 1690 1619 1769 possessione,
1644 1701 1792 1771 utriuslibet
1813 1707 1997 1775 oppressionis
2010 1716 2055 1765 snt

1257 1786 1451 1859 inquietudinis
1479 1789 1585 1845 comsio
1613 1790 1703 1846 modis
1730 1790 1856 1847 omuibus
1873 1803 2053 1867 amputeturr

1257 1874 1314 1930 Deo
1330 1882 1418 1931 autem
1434 1874 1501 1931 inibi
1523 1876 1669 1933 militantes
1683 1894 1745 1934 curn
1760 1880 1834 1937 omni
1857 1896 1927 1953 paca
1940 1891 1968 1940 et
1982 1892 2056 1941 tran·

652 1966 954 2038 birrhllugocblrrot.
1257 1963 1379 2033 quiiitate
1394 1964 1481 2020 libers
1506 1964 1614 2021 Domini
1637 1966 1769 2024 servitute
1792 1966 1929 2029 fruantur.
1953 1971 2057 2043 Quibus

649 2053 757 2127 (spicit.
779 2061 800 2109 t.
826 2054 871 2123 vt,
888 2054 963 2122 tto.)
1217 2050 1370 2133 Binsupar
1389 2052 1554 2109 auxiliarem
1576 2068 1687 2109 menum
1711 2064 1831 2113 cosham
1856 2058 2010 2133 ubicunqne
2033 2070 2059 2118 et

441 2176 472 2231 1„
484 2170 595 2230 nomin,
608 2178 708 2227 ,mm
726 2180 753 2227 θ,
767 2168 918 2226 individua,
931 2169 1079 2242 waimis,
1093 2178 1121 2228 οἱ
1135 2185 1203 2227 m,
1259 2140 1391 2197 adrersus
1407 2156 1584 2213 quoscunque
1606 2141 1763 2215 indigeriot,
1779 2145 1823 2201 rel
1848 2147 1918 2206 ratio
1933 2150 2059 2220 postula-

405 2272 512 2323 otornm
525 2259 710 2333 apostolorum
730 2258 803 2315 Pein'
817 2265 843 2315 ai
856 2257 943 2327 Penii,
958 2259 1070 2316 lineorc
1085 2274 1205 2317 venera-
1258 2236 1337 2297 ‘'⁰³‘’
1368 2236 1422 2284 ¹²⁰¹
1437 2229 1659 2329 ‚mmmm
1678 2246 1762 2304 ΨΜ
1776 2234 2059 2295 mmmmm·

404 2351 453 2408 nor
468 2348 572 2417 aunan,
589 2355 617 2405 er
627 2346 931 2404 ctunrrmmonmseo
945 2354 1027 2419 arque
1041 2347 1203 2419 conserenti,
1258 2332 1308 2389 1)ΘΓ
1324 2325 1507 2389 pmmrnmns
1521 2316 1674 2376 eneruem.

406 2439 563 2509 domnoque
575 2436 738 2493 &musmo
752 2434 981 2492 reverendissimo
991 2435 1052 2505 ejm
1065 2436 1119 2492 loci
1132 2452 1205 2507 prte-
1606 2434 1704 2492 Xillii.

406 2526 506 2602 posito,
535 2538 685 2595 eorumque
720 2522 932 2593 comessoribus,
961 2523 1126 2579 Tarracone
1152 2524 1203 2581 Dei
1312 2536 1455 2579 urracam
1468 2536 1623 2579 utrumuis
1637 2538 2005 2588 mnanarcrroarcctrru

406 2614 495 2689 gretia
522 2614 690 2670 Vmerorum
715 2626 817 2681 comes,
833 2619 860 2667 et
884 2612 1027 2683 uxorejus
1039 2614 1202 2681 doasamra,
1583 2626 1721 2669 corrrrurr.

405 2720 468 2763 cum
481 2700 545 2758 liliis
557 2701 614 2757 suis
627 2701 843 2773 inperpetuum.
1258 2699 1379 2757 iiiitorrt
1393 2697 1543 2771 exemplar
1551 2700 1808 2771 soehriromiottioe
1819 2708 1899 2762 trater
1919 2723 1949 2765 ss
1962 2708 2058 2779 irritae,

440 2791 555 2863 Quoties
567 2790 746 2861 omnipotenti
760 2791 819 2847 Deo
833 2789 966 2847 bonorum
980 2790 1102 2847 omnium
1117 2790 1203 2864 largi-
1294 2776 1323 2827 0²
1335 2774 1484 2843 immin
1500 2770 1699 2898 difflrli'mii,
1710 2778 1888 2859 liifssmlotw
1902 2783 1992 2837 Soceri
2007 2783 2057 2837 atti

406 2880 458 2939 tori
471 2879 610 2953 quaedam,
627 2879 692 2936 lieet
704 2893 803 2951 pauca,
825 2878 914 2937 laudis
927 2896 987 2936 sum
1001 2879 1096 2935 usibus
1106 2880 1204 2950 proin·
1293 2842 1432 2915 ΛΜΝ
1442 2842 1535 2983 σαὲθι
1548 2858 1573 2945 ‘f
1587 2857 1621 2900 ⁰⁰
1630 2844 1763 2985 '‘Imm‘'
1777 2862 1861 2918 '⁶⁹⁸⁸‘

404 2978 469 3027 tura
483 2968 662 3034 conferimus,
686 2984 736 3025 sos
750 2966 803 3023 sibi
817 2967 964 3035 reddimus,
980 2984 1036 3024 nort
1049 2967 1205 3025 nostralar-
1470 2930 1481 3002 (
1507 2931 1588 3003 ΡΜ·
1614 2938 1633 2985 ‘¹
1664 2931 1747 3004 1¹⁸9·
1765 2934 1842 3006 Μ’)

405 3059 506 3132 gisum,
522 3064 657 3129 queram.
680 3056 739 3112 ha
752 3062 867 3128 agenr&
880 3055 966 3112 ,imur
988 3072 1044 3112 „011
1056 3055 1091 3113 de
1104 3057 1205 3113 nostri,
1294 3043 1411 3101 Domino
1435 3049 1515 3114 etque
1538 3044 1759 3102 reverentissimo
1777 3046 1950 3106 cluniacensi
1965 3051 2061 3109 abbati

407 3144 568 3201 muneribus
581 3143 655 3211 elati,
670 3142 719 3198 seri
741 3144 859 3213 acceptis
870 3158 887 3198 a
900 3144 959 3199 Deo
980 3144 1205 3201 muneribueoon
1258 3131 2060 3207 fl⁰G⁰Nb0ffl¹¹iti¹¹0Wllpellifflssssfflgififflbssmnous

407 3232 526 3306 ingrati:
542 3230 610 3286 nibil
624 3229 733 3301 quidem
747 3230 837 3303 magis
850 3231 987 3302 ingratum
998 3238 1048 3298 est,
1063 3240 1091 3287 et
1103 3248 1118 3287 a
1132 3232 1205 3288 Cirri-
1258 3236 1352 3279 eomes
1362 3220 1474 3292 ejttsque
1488 3218 1575 3288 filius,
1595 3228 1621 3277 et
1633 3222 1778 3278 flammeus
1792 3238 1884 3281 comae
1899 3228 1959 3298 ejus
1976 3228 2058 3285 iami-

403 3321 494 3380 stiana
506 3319 609 3392 pietate
622 3324 729 3376 coneht
751 3320 862 3390 penitus
876 3317 994 3376 alienum
1014 3334 1096 3392 quam
1110 3320 1136 3377 ei
1149 3335 1204 3377 non
1258 3308 1346 3376 liiiio
1362 3322 1423 3366 0⁰¹⁰
1439 3305 1582 3364 dilesslifflle
1603 3308 1717 3366 satutem
1732 3310 1761 3367 in
1775 3310 1894 3371 Christe.

403 3411 501 3467 saltem
511 3411 540 3466 in
554 3407 673 3463 minimis
686 3422 737 3477 pro
746 3414 823 3478 parte
836 3405 928 3479 eliqua
942 3407 1106 3476 ministrare,
1120 3424 1135 3463 a
1148 3424 1203 3479 qno
1217 3436 1243 3502 G
1293 3397 1400 3468 Sciatis,
1416 3396 1575 3453 charissime
1589 3397 1676 3468 Peter,
1689 3400 1761 3470 quod
1775 3409 1918 3476 postquam
1933 3417 2056 3466 restrum

405 3515 462 3556 non
475 3499 562 3555 solum
576 3496 758 3568 presentibus
780 3495 970 3568 temporalium
983 3512 1074 3553 rerum
1088 3512 1203 3568 corpore
1256 3487 1373 3546 vidimus
1392 3485 1522 3558 legatum.
1539 3501 1590 3557 pro
1604 3486 1655 3542 Dei
1675 3487 1868 3559 omnipotentis
1881 3501 1966 3566 atque
1980 3495 2054 3553 besti

406 3604 501 3645 sumus
523 3584 613 3643 eiiecd
627 3583 768 3657 sublimes,
794 3601 890 3642 rerum
905 3586 1056 3642 futurorum
1070 3586 1202 3642 bonorum
1258 3577 1327 3634 Petri
1348 3572 1462 3647 apostoli
1478 3574 1572 3631 timore
1587 3583 1745 3648 veslroe‘iili
1766 3577 1911 3648 dirnirstis
1923 3597 2055 3641 reneren-

403 3692 456 3750 per
481 3675 568 3747 ipsius
588 3673 772 3747 largissimam
792 3673 1011 3731 misericordiam
1029 3674 1058 3730 irr
1071 3682 1201 3731 retarnum
1255 3667 1303 3733 list,
1320 3661 1487 3736 moinonis
1505 3662 1656 3720 mandastis
1677 3664 1705 3720 in
1720 3679 1803 3723 manu
1818 3667 1911 3725 domni
1924 3671 2056 3730 humaui

402 3773 528 3837 optamus
540 3763 600 3820 iieri
626 3763 760 3820 heredes.
1256 3755 1340 3811 Gcret
1354 3752 1481 3808 lecimus.

438 3853 560 3910 Scientes
574 3866 642 3923 ergo
658 3849 722 3921 quia
748 3849 846 3907 fiducie
859 3865 961 3924 magna
974 3857 1014 3906 est
1027 3851 1099 3923 apud
1113 3852 1202 3909 Deum
1292 3842 1443 3900 inormior
1449 3839 1662 3898 Potrisetd'ilr'r'
1667 3845 1697 3898 et
1706 3839 1837 3915 Spiritus
1844 3849 2056 3924 accendimus

404 3944 578 4012 eleemosyna
606 3937 769 3994 iacientibus
792 3952 863 4004 aem,
879 3953 913 3994 eo
939 3937 1088 4010 inspirante
1109 3944 1136 3996 et
1150 3940 1200 3997 do·
1254 3930 1369 4003 inlesi?
1393 3927 1556 3995 dilfflfifflib
1589 3943 1646 4001 ‘1¹¹0
1669 3931 1809 4001 00ὓὶὓῦοΠ
1830 3941 1892 3991 suni
1909 3935 1938 3992 in
1960 3953 2055 3996 amota

403 4036 496 4096 nanta,
520 4026 626 4082 amicos
639 4025 720 4082 nobis
742 4025 912 4096 inpraesenti
927 4025 1017 4083 iacere
1034 4027 1199 4100 cogitamus,
1254 4015 1423 4075 Riimundus
1437 4031 1542 4087 comes,
1556 4030 1702 4090 ecmmqna
1716 4018 1859 4092 Henrious,
1880 4031 1906 4080 et
1920 4025 1972 4082 boc
1982 4027 2055 4096 jura-

404 4133 421 4173 s
448 4114 622 4187 qnibuspost
648 4111 719 4168 hanc
744 4111 829 4169 eitam
857 4112 885 4168 in
905 4116 1007 4170 reterns
1030 4115 1201 4172 tabemacula
1255 4113 1356 4164 mettio·

404 4202 488 4276 recipi
497 4216 660 4258 mereamur.
674 4199 849 4273 Quapropter
861 4217 913 4275 ego
928 4201 1082 4268 letbaldus,
1092 4208 1120 4260 ei
1130 4219 1202 4260 uror
1290 4195 1349 4268 Ego
1364 4193 1474 4267 quidam
1487 4193 1620 4250 trendens
1631 4194 1733 4269 absque
1747 4197 1803 4252 ulia
1817 4198 1924 4256 divortii
1940 4201 2056 4260 ielsitete

405 4307 467 4351 mea
492 4289 640 4360 ddelsidis,
662 4289 817 4370 spectitatie
832 4295 861 4347 et
873 4290 1026 4364 religionis,
1041 4308 1102 4363 quae
1117 4309 1202 4365 peaes

406 4387 532 4439 sanctum
555 4385 674 4436 restmm
697 4377 844 4450 collegium
858 4379 957 4435 nostris
971 4379 1140 4452 temporibus
1155 4381 1201 4436 di-

404 4470 471 4529 vine
501 4467 589 4541 gratia
602 4467 736 4540 largiente
758 4466 1050 4539 poticroelebrr'orrpre
1077 4468 1201 4536 habetur,

406 4558 460 4614 fide
473 4565 499 4614 et
509 4555 654 4614 devotione
665 4555 792 4627 permoti,
808 4555 863 4612 imo
872 4555 923 4612 Dei
936 4555 1113 4628 inspiratione
1124 4573 1203 4613 com·

407 4645 512 4713 moniti,
527 4643 652 4701 Odorem
674 4642 760 4700 illium
775 4651 898 4700 nostrum
918 4659 1001 4700 sacra
1015 4645 1203 4717 regeneratio·

1254 4285 1304 4341 tibi
1318 4283 1410 4340 comiti
1431 4283 1594 4353 Raymundo
1611 4285 1795 4341 membrorum
1820 4295 1926 4345 tuomum
1949 4293 2054 4350 sanita·

1256 4383 1320 4439 tem,
1350 4379 1459 4444 tumque
1487 4369 1549 4425 vitm
1586 4369 1723 4444 integram
1749 4373 1931 4447 dilectionem,
1961 4381 2056 4454 tuique

1256 4460 1373 4518 carceris
1387 4459 1499 4515 inritam
1514 4457 1583 4514 mihi
1599 4461 1788 4517 occursionem
1799 4463 1872 4534 juro.
1887 4464 1953 4524 Jnro
1971 4471 2054 4524 etism

1255 4548 1340 4621 quod,
1354 4556 1415 4618 post
1428 4547 1530 4604 obitum
1543 4547 1618 4619 regis
1637 4547 1806 4622 ildephonsi,
1821 4551 1871 4608 tibi
1885 4555 1960 4611 omni
1974 4558 2057 4614 modo

1256 4644 1350 4694 contra
1361 4651 1469 4692 omnem
1479 4635 1619 4692 hominem
1634 4644 1714 4708 atque
1729 4637 1872 4696 mulierem
1886 4642 1958 4700 banc
1972 4649 2056 4702 iotam

405 4735 449 4792 oie
462 4731 600 4806 mysteriis
621 4731 836 4788 innovanduma
864 4739 956 4788 vestre
975 4733 1136 4804 paternitate
1150 4732 1203 4789 dp·
1256 4730 1357 4781 terram
1380 4724 1455 4798 regie
1478 4723 1636 4796 ildephonsi
1658 4725 1805 4785 defendere
1824 4727 1941 4788 fideliter
1959 4739 1991 4788 ut
2004 4733 2057 4790 do·

406 4823 576 4892 adnavimus,
591 4820 654 4888 rati,
669 4835 787 4891 snperua
794 4819 971 4892 dispensante
984 4821 1140 4885 clementis,
1152 4820 1204 4876 sibi
1218 4789 1245 4850 D
1259 4813 1334 4870 mino
1348 4811 1476 4886 singulari
1502 4821 1584 4884 atque
1607 4813 1750 4886 acquirere
1777 4827 1948 4889 praeperetus
1961 4837 2057 4880 oocnr-

404 4927 461 4969 aon
485 4910 564 4966 inane
585 4908 706 4963 loturum
729 4905 915 4979 religiosiores
938 4921 1019 4977 qnam
1041 4906 1152 4962 ditiores
1174 4907 1204 4961 in
1256 4917 1324 4958 ram.
1352 4902 1416 4958 Juro
1431 4901 1512 4958 etiam
1541 4901 1738 4958 sitbessurnm
1753 4905 1839 4962 Toleti
1867 4907 1946 4978 prins
1962 4917 1988 4965 te
2002 4912 2057 4966 ha·

405 4998 512 5054 Christo
538 4996 668 5053 habuisse
694 5002 831 5067 parentes,
860 4993 983 5064 adcujns
997 4995 1095 5067 gratim
1109 4998 1136 5050 et
1151 4994 1203 5050 da·
1257 4989 1351 5059 buero,
1376 4989 1443 5046 duas
1457 4998 1549 5060 pariae
1572 4989 1622 5046 tibi
1645 4989 1728 5061 dubo,
1744 4993 1890 5051 eitertiam
1904 4997 1971 5053 mibi
1985 5000 2054 5055 reti-

405 5085 536 5144 lensionis
559 5092 660 5141 nostre
684 5083 891 5156 propensiorem
913 5081 1049 5153 effectum,
1064 5081 1203 5140 efficacio-
1255 5079 1339 5136 oebc.
1358 5079 1456 5134 Amen.
2158 5135 2159 5158 Ξ

405 5188 519 5243 remque
533 5171 697 5242 proiectum,
721 5177 874 5227 uerborum
895 5171 975 5226 etiam
989 5170 1204 5242 redemptionem
1292 5167 1328 5223 Et
1341 5181 1394 5240 ego
1408 5167 1686 5238 ecmeeilapmuudus
1701 5168 1747 5225 tibi
1759 5169 1851 5228 comiti
1865 5171 1984 5233 Henrico
1997 5183 2056 5233 iuo-

404 5265 591 5334 peccaiorum,
613 5260 642 5316 in
661 5259 802 5316 servitium
822 5267 849 5315 et
862 5258 979 5332 gloriam
993 5258 1102 5316 Domini
1116 5258 1204 5316 nostri
1256 5272 1317 5312 rum
1339 5253 1527 5312 membrorum
1551 5255 1703 5324 sanimtcm,
1720 5265 1827 5330 tnaequc
1849 5261 2056 5338 ritaeintegram

406 5350 470 5406 Jesn
495 5347 608 5416 christi,
633 5353 843 5420 uectorumque
871 5346 1059 5418 apostolorum
1083 5347 1154 5404 i’etri
1177 5353 1205 5405 ei
1256 5343 1439 5411 dilectionem,
1470 5343 1562 5414 tuique
1574 5345 1689 5401 cmcerie
1703 5345 1821 5404 inritam
1839 5349 1905 5406 mibi
1920 5355 2056 5410 occursio
2157 5359 2158 5362 ’

405 5436 493 5506 Pauli,
520 5441 622 5492 mnetae
649 5435 804 5507 paternitati
838 5441 945 5502 eastre.
974 5440 1002 5495 ai
1039 5435 1204 5493 monasterio
1257 5431 1410 5503 nemjuro.
1428 5432 1492 5490 Juro
1507 5431 1682 5506 etiamqnod,
1698 5443 1887 5507 postmortem
1900 5441 1973 5513 rag's
1986 5441 2058 5500 lide·

404 5524 545 5594 cluoieco,
568 5530 632 5580 roto
654 5536 688 5578 ac
707 5523 852 5580 traditione
874 5523 990 5580 solemni
1012 5525 1205 5597 perpetualiter
1257 5521 1368 5595 phonsi,
1393 5536 1437 5578 me
1452 5520 1501 5576 tibi
1515 5521 1641 5578 datorum
1661 5522 1785 5581 Toletum
1801 5529 1959 5600 lanamque
1971 5537 2058 5588 totam

404 5612 581 5673 concedimus
593 5618 621 5668 et
634 5610 771 5666 donamus
788 5610 934 5682 quamdam
948 5611 976 5667 iu
990 5620 1085 5670 nostro
1099 5613 1204 5672 allodio
1257 5610 1440 5684 subjacentem
1466 5609 1502 5679 ei,
1533 5616 1671 5684 mumque
1706 5619 1814 5682 terram
1842 5631 1924 5687 quam
1952 5597 2057 5676 obdures

405 5703 510 5772 ailiam,
527 5715 588 5775 que
601 5697 745 5756 metram
765 5698 875 5768 dicitnr,
889 5713 951 5754 curn
965 5699 1024 5772 ipsc
1038 5700 1155 5770 allodio,
1169 5717 1204 5760 eo
1257 5699 1341 5756 modo
1365 5714 1382 5754 a
1409 5711 1454 5755 me
1480 5713 1650 5769 conessum,
1678 5700 1781 5758 babeas
1804 5703 1851 5759 teli
1866 5714 1947 5778 pacto
1974 5708 2054 5764 uisis

403 5790 560 5864 peremnia
574 5803 629 5860 quo
648 5801 701 5844 nos
723 5800 786 5843 eam
807 5786 939 5843 hacteuus
950 5788 1013 5859 jure
1026 5791 1053 5843 et
1071 5796 1205 5862 potestate
1257 5787 1321 5846 inda
1336 5787 1522 5851 maushomo,
1537 5795 1565 5844 at
1582 5787 1750 5846 damasum
1765 5790 1998 5866 habessdomino,
2030 5805 2059 5852 et

406 5878 554 5949 tenuimus,
569 5875 606 5934 ab
618 5873 808 5936 omniseilioet
821 5871 975 5948 aliquorum
988 5875 1128 5934 homiuum
1141 5891 1203 5936 ser·
1256 5883 1400 5952 postquam
1426 5875 1488 5933 illes
1514 5874 1565 5934 tibi
1592 5874 1705 5950 dedero,
1721 5877 1842 5939 dmum
1868 5881 1936 5940 mihi
1962 5897 2058 5946 omnes
