4750 6725
205 593 207 600 ¹
303 627 352 679 tra

845 619 1005 678 HISTORIA
1020 621 1203 682 NOVORUM.
1219 622 1328 679 -tttt
1346 623 1396 683 tlt.

1898 639 1948 691 ιιι

301 747 391 806 oflicio
407 747 529 803 iunctus.
548 743 661 814 Exinde,
678 761 738 802 eum
754 744 788 800 ad
803 753 907 815 tempus
931 745 1100 802 induciarum
1114 750 1233 811 Aversa
1259 751 1403 820 permovit.
1432 751 1743 825 Renigiturprincipes,
1766 765 1793 813 et
1813 759 1950 835 principes

300 838 407 894 Pascha
414 837 452 908 (o)
470 841 671 903 reclamasset,
689 838 715 889 ιι
728 833 772 904 qui
781 833 895 889 Romam
903 833 977 888 missi
992 835 1098 890 luerunt

299 926 388 982 nuntii
401 942 452 982 neo
466 926 532 982 dum
545 923 691 992 redissent,
709 939 794 994 usque
809 923 844 978 ad
861 923 1005 979 adventum
1033 923 1097 980 illo·

299 1031 363 1070 rum
377 1013 493 1070 inducia
508 1012 598 1068 dilate
610 1015 684 1071 sunt.

335 1105 368 1160 ln
396 1102 570 1176 subsequenti
591 1109 683 1157 autem
706 1097 877 1156 solemnitate
916 1101 1096 1169 Pentecostes,

298 1194 434 1249 adventus
448 1191 555 1248 comitis
568 1188 689 1258 Roberti,
716 1187 806 1244 fratris
831 1187 913 1262 rogis,
930 1189 956 1244 in
971 1191 1098 1262 Angliam

297 1279 490 1352 praeviaiama
504 1285 589 1335 totam
606 1277 729 1351 regalem
753 1273 859 1332 curiam
888 1279 1044 1347 commovit,
1074 1286 1101 1334 et

299 1367 480 1440 quorumdam
495 1367 610 1436 animos,
628 1373 656 1422 ιιι
678 1365 853 1436 postmodum
876 1367 974 1436 patuit,
1000 1367 1027 1422 in
1054 1367 1099 1424 di-

1151 853 1246 910 regem
1259 847 1412 910 suspectum
1427 840 1576 900 habentes:
1592 842 1640 900 ille
1654 845 1757 902 scilieet
1777 848 1854 918 istos,
1869 865 1906 907 ne
1933 869 1950 908 a

1152 942 1180 981 se
1194 924 1320 993 instabili,
1337 937 1367 983 ut
1381 927 1419 995 iit,
1435 928 1488 984 lide
1501 931 1658 999 dissilirent,
1675 943 1699 988 et
1714 935 1758 990 isti
1784 935 1862 994 illum
1890 939 1949 997 ior-

1152 1013 1290 1082 midando,
1304 1033 1338 1070 ue
1352 1019 1471 1089 undique
1483 1035 1551 1088 pace
1564 1021 1675 1090 potitus,
1686 1023 1715 1078 in
1724 1039 1753 1080 se
1767 1025 1876 1098 legibus
1884 1029 1949 1087 elie·

1152 1103 1219 1158 ratis
1232 1103 1387 1173 ‹lesaeviret,
1403 1115 1493 1162 aetum
1515 1123 1547 1163 ex
1571 1111 1696 1167 consulto
1712 1120 1752 1168 est
1774 1123 1804 1169 ιιι
1817 1117 1950 1178 certitudo

1152 1191 1213 1246 talis
1228 1193 1293 1249 hinc
1307 1192 1371 1248 inde
1385 1192 1470 1262 fieret,
1488 1211 1548 1265 quae
1561 1198 1685 1271 utrinque
1709 1202 1783 1272 quod
1810 1206 1953 1264 verebatur

1153 1279 1319 1336 excluderet.
1336 1282 1390 1337 Sed
1405 1282 1453 1338 ubi
1468 1284 1502 1339 ad
1517 1286 1690 1355 sponsionem
1705 1287 1769 1345 fidei
1784 1293 1860 1364 regis
1881 1310 1950 1352 ven-

1153 1376 1210 1424 tum
1226 1379 1276 1438 est,
1290 1378 1346 1426 tota
1356 1373 1434 1443 regni
1449 1372 1576 1430 nobilitas
1591 1390 1653 1432 cum
1682 1379 1778 1450 populi
1792 1385 1949 1441 numerosi·

961 1491 1176 1548 HENSCHENII
1189 1492 1306 1551 NOTAE.

301 1591 369 1662 quia
389 1587 554 1648 montionem
578 1587 630 1645 leci
647 1595 677 1643 ot
700 1589 768 1645 alius
791 1587 925 1644 referendi
947 1588 1022 1646 locus
1045 1606 1100 1648 non

300 1663 363 1730 erit,
385 1661 607 1718 licetmultuma
629 1663 720 1730 eoepta
741 1659 897 1716 narratione
923 1659 1027 1732 digredi
1053 1660 1100 1716 vi-

299 1735 379 1804 dear,
392 1732 523 1804 quiddam
538 1739 628 1787 tamen
642 1730 755 1802 dignum
775 1729 906 1786 memoria
920 1729 1019 1787 dicam.
1050 1731 1100 1788 llio

298 1820 366 1877 ergo
380 1801 555 1860 confirmatus
567 1803 594 1857 in
610 1818 696 1874 regno
721 1801 807 1859 voluit
830 1800 977 1873 conjugem
999 1802 1100 1858 habere

297 1874 418 2002 puellam
440 1873 598 1945 quamdam,
621 1871 707 1927 liliam
730 1873 803 1944 regis
825 1871 944 1927 Scotiae:
977 1871 1099 1946 dixitque

329 1945 494 2014 .Anselmo,
512 1951 574 2000 tunc
590 1944 717 2014 temporis
732 1944 934 2000 cantuariensis
953 1943 1027 1999 urbis
1053 1961 1098 2002 ve·

1154 1591 1306 1717 ggisoopurn¹
1323 1591 1422 1663 siquid
1436 1593 1465 1648 in
1479 1608 1512 1649 eo
1526 1593 1607 1650 vellet
1616 1595 1785 1660 calumniari.
1801 1602 1951 1678 Respondit

1183 1704 1189 1716 .
1205 1663 1349 1718 Anselmus
1363 1681 1392 1719 se
1407 1680 1460 1720 non
1474 1664 1541 1721 illud
1555 1667 1793 1740 calumniaturum,
1823 1691 1885 1732 oum
1912 1695 1952 1736 re

1154 1748 1219 1790 vera
1232 1735 1380 1788 seeundum
1395 1751 1528 1792 canonum
1553 1738 1660 1794 decreta
1675 1739 1852 1810 judicassent.
1877 1750 1951 1808 Tunc

1153 1819 1212 1870 tex,
1226 1827 1238 1852 ι
1260 1804 1496 1875 Quandoquidem,
1525 1809 1622 1878 inquit,
1647 1810 1782 1880 judicium
1817 1817 1949 1891 laudaris,

1153 1876 1216 1930 velo
1229 1883 1258 1930 ut
1272 1877 1339 1931 mibi
1352 1878 1469 1948 puellam
1483 1878 1664 1949 desponsetis.
1682 1905 1693 1930 n
1709 1883 1764 1940 Sed
1792 1887 1826 1942 b.
1852 1893 1950 1948 sinsel-

1153 1961 1231 2000 mus:
1246 1970 1257 1996 ι
1273 1947 1420 2017 iudicium,
1444 1949 1539 2020 inquit,
1554 1966 1609 2006 non
1635 1955 1823 2023 reprehend03
1853 1963 1902 2018 sed
1928 1965 1951 2021 si

299 2016 416 2073 acrabili
431 2016 646 2086 archiepiscopo,
662 2022 691 2070 ιιι
705 2031 766 2070 eam
795 2014 846 2069 sibi
874 2012 1055 2081 benediceret,
1072 2024 1098 2072 et
1113 2017 1137 2080 Β
1152 2018 1282 2088 majestas
1297 2028 1384 2075 vestra
1398 2017 1465 2073 mihi
1483 2021 1596 2077 credere
1606 2022 1695 2093 vellet,
1711 2033 1739 2080 ut
1762 2042 1823 2082 eam
1839 2046 1892 2086 non
1906 2033 1951 2091 du·

301 2086 469 2144 solemnibus
483 2084 583 2158 nuptiis
596 2084 764 2141 benedictam
778 2085 807 2140 in
829 2085 986 2158 conjugium
1014 2087 1099 2142 socia-

301 2167 353 2214 ret.
369 2156 518 2230 Respondit
533 2155 751 2228 archiepiscopus
765 2171 793 2211 se
809 2155 880 2210 nolle
897 2172 959 2210 earn
989 2155 1098 2213 benedi·

301 2245 373 2298 cere,
390 2245 439 2284 nee
453 2243 502 2283 suo
517 2227 629 2284 consilio
644 2243 736 2300 regem
752 2225 779 2280 in
793 2226 949 2298 eonjugium
962 2242 1023 2282 eam
1046 2229 1097 2283 sihi

301 2301 475 2366 sociaturum,
491 2313 553 2352 eum
566 2298 655 2354 velum
670 2297 924 2362 sanctimonialium,
949 2299 1017 2353 sieut
1041 2301 1098 2370 ipse

301 2387 351 2444 pro
366 2385 432 2427 vero
446 2370 597 2436 audiverat,
611 2378 742 2442 gestasset
756 2385 838 2450 super·
851 2377 931 2440 cttput
944 2387 1032 2437 suurn,
1043 2387 1097 2443 quo

301 2459 331 2498 se
344 2441 461 2498 otelestis
481 2441 570 2511 potius
591 2457 672 2512 qnam
696 2451 794 2494 terrem
818 2441 892 2512 regis
922 2445 1098 2496 utonstrassel

302 2513 360 2569 lore
374 2527 510 2596 sponsam.
527 2511 585 2566 Rex
600 2520 710 2566 econtra
738 2511 805 2564 dixit
829 2527 857 2566 se
882 2511 1037 2580 promisisse
1066 2529 1097 2568 ac

301 2585 383 2640 etiam
389 2581 564 2654 jurejurando
579 2582 752 2638 confirmasse
766 2581 836 2652 patri
851 2580 919 2649 ejas,
940 2582 1014 2653 quod
1037 2597 1097 2637 eam

300 2657 446 2727 conjugem
461 2654 587 2709 duceret:
603 2653 719 2723 ideoque
739 2667 790 2722 pro
810 2653 996 2709 conservando
1019 2654 1096 2722 jnra-

299 2733 458 2782 mentosuo
472 2739 571 2780 secam
594 2739 649 2779 non
677 2724 861 2789 dimissurum,
890 2723 941 2778 nisi
964 2725 1097 2780 canonico

297 2797 401 2868 jndicio
416 2793 508 2850 luisset
523 2794 745 2850 determinatum:
761 2793 943 2866 precepitque
958 2801 986 2848 ut
1014 2796 1097 2850 ascito

300 2865 464 2924 Eboracensi
487 2864 692 2935 archiepiscopo
714 2873 927 2936 congregaretur
953 2865 1095 2920 concilium

299 2939 499 3010 episcoporum,
515 2935 644 2991 ahbatum
656 2943 684 2990 et
697 2935 940 2991 ecclesiasticarum
964 2951 1095 3007 persona-

299 3025 359 3066 rum
374 3009 455 3064 totius
468 3007 585 3079 Angliae,
600 3007 635 3062 ad
651 3005 833 3062 deliniendum
847 3005 1096 3063 ecclesiastieaoen-

299 3095 362 3136 sura
374 3087 476 3135 tantum
490 3081 639 3149 negotium.
655 3079 686 3132 ln
700 3079 821 3148 generali
835 3093 902 3150 ergo
920 3078 1036 3134 concilio
1049 3095 1095 3135 re·

318 3151 399 3207 uisita
413 3153 454 3205 est
468 3148 603 3205 abbatissa
617 3148 673 3215 illa,
689 3149 716 3203 in
731 3148 808 3222 eujus
826 3149 989 3204 monasterio
1004 3149 1095 3219 puella

299 3169 345 3278 illa
361 3221 448 3276 luerat
459 3221 569 3288 nutrita,
585 3227 709 3275 utrumne
725 3234 818 3275 revera
840 3235 917 3275 more
945 3219 1093 3276 sanctimo-

300 3291 487 3358 nialium,velo
501 3290 581 3363 capiti
595 3291 734 3361 imposito,
748 3289 934 3346 benedictione
949 3291 1094 3363 episcopali

300 3364 396 3421 luisset
410 3370 577 3420 consecrata.
589 3362 734 3433 Respondit
748 3362 886 3417 abbatissa
913 3362 1021 3434 publice
1047 3378 1094 3420 co·

300 3452 357 3491 ram
372 3434 516 3491 omnibus:
527 3456 538 3483 ι
555 3433 659 3489 Revera
673 3440 753 3503 pater
764 3434 825 3503 ejus
839 3434 904 3488 mibi
931 3449 993 3489 eam
1020 3448 1094 3491 corn·

300 3505 448 3572 mesdavit,
464 3520 519 3561 non
540 3512 569 3559 ut
584 3504 799 3560 sanctimonialis
813 3502 899 3571 fieret,
916 3505 965 3559 sed
993 3505 1093 3561 solum-

301 3578 383 3633 modo
396 3584 427 3631 ut
439 3576 467 3631 in
481 3572 595 3631 ecclesia
609 3582 702 3631 nostra
727 3582 837 3646 propter
860 3574 1003 3645 cautelam,
1030 3590 1092 3631 cum

299 3648 403 3705 oaeteris
414 3646 512 3728 puellis
532 3646 631 3701 nostris
644 3648 787 3713 extraneis,
803 3646 948 3701 nutriretur
970 3652 997 3701 et
1025 3647 1093 3702 litte-

297 3720 333 3776 ris
342 3718 510 3776 erudiretur.
533 3717 601 3774 Cum
621 3724 711 3773 autem
739 3716 911 3783 adolevisset,
941 3716 1091 3773 nuntiatum

298 3798 337 3847 est
351 3789 419 3845 mihi
433 3789 549 3871 quodam
576 3788 630 3855 die,
658 3802 754 3860 regem
779 3787 964 3855 Guilielmum,
989 3788 1092 3843 domini

298 3860 349 3918 mei
365 3859 474 3917 Hennei
491 3874 661 3929 germanum,
675 3859 722 3930 qui
750 3867 813 3915 tune
840 3858 960 3925 vivebat,
982 3866 1092 3931 propter

298 3948 356 3989 eam
371 3930 521 3988 videndam
534 3930 654 3999 venisse,
667 3930 779 3999 jamque
794 3944 855 3985 cum
878 3928 1007 3984 militibus
1035 3929 1091 3985 suis

298 4012 359 4060 ante
383 4003 495 4075 januam
517 4001 640 4057 ecclesia
666 4007 767 4056 nostra
795 4000 980 4066 descendisse,
1009 4008 1091 4072 utque

295 4073 388 4144 janua
402 4070 453 4127 sibi
465 4071 560 4128 orandi
573 4071 661 4143 gratia
671 4070 840 4142 aperirentur
848 4072 1016 4141 precepisse.
1028 4072 1091 4129 lieo

298 4145 410 4200 audiens
425 4142 591 4213 nimiumque
605 4142 756 4213 perterrita,
772 4158 806 4197 ns
820 4142 890 4198 forte
912 4142 967 4209 illa,
988 4148 1017 4197 ut
1043 4145 1091 4210 jn·

298 4216 384 4285 venis,
399 4214 456 4297 regi
472 4213 608 4285 placeret;
625 4221 652 4268 ιι
673 4228 721 4269 rex
748 4212 905 4281 indomitus,
931 4213 976 4285 qui
1009 4228 1090 4269 omne

298 4286 370 4357 quod
386 4284 437 4340 sibi
451 4284 613 4340 occurrisset
626 4282 699 4339 illico
715 4283 802 4338 faeere
819 4283 934 4351 volebat,
951 4283 1008 4337 visa
1029 4292 1090 4354 pul-

298 4355 452 4414 chritudine
465 4354 563 4426 puella
574 4354 694 4424 aliquam
709 4353 733 4409 ei
747 4354 868 4409 illicitam
880 4354 1035 4410 violentiam
1045 4354 1089 4409 la-

297 4436 380 4493 ceret,
392 4426 437 4498 qui
453 4430 509 4481 tam
524 4426 687 4496 improvisus
700 4432 726 4479 et
740 4424 891 4497 insperatus
904 4438 1016 4496 propter
1029 4440 1089 4481 eam

297 4497 444 4557 videndam
458 4496 615 4553 advenisset
629 4511 636 4565 ;
656 4496 820 4552 insacratus
847 4495 1001 4553 cubiculum
1029 4512 1089 4552 eam

295 4568 456 4625 introduxi:
472 4583 530 4625 rem
544 4568 612 4624 sicut
627 4574 686 4623 erat
706 4574 733 4623 et
747 4566 851 4637 aperui,
868 4582 955 4639 eaque
982 4565 1089 4624 volente

297 4640 386 4697 velum
402 4653 485 4695 unum
504 4638 585 4710 capiti
598 4638 658 4709 ejus
672 4638 797 4707 imposui,
813 4646 944 4708 quatenus
971 4653 1003 4693 ιο
1030 4639 1089 4693 viso

1154 2088 1253 2143 ceretis
1268 2091 1458 2145 consulerum:
1475 2107 1535 2145 cum
1552 2094 1798 2168 quomodocunque
1825 2104 1949 2176 contigit,

1153 2165 1242 2214 tamen
1257 2161 1347 2215 velum
1361 2175 1445 2231 super
1459 2169 1540 2231 caput
1554 2166 1685 2232 portavit:
1702 2177 1729 2221 et
1743 2168 1905 2230 sufficienter
1917 2177 1952 2233 ds

1152 2229 1259 2284 hliabus
1273 2247 1368 2302 regum
1382 2239 1428 2286 aut
1442 2233 1571 2287 comitum
1582 2235 1659 2290 vobis
1673 2236 1792 2293 invenire
1808 2246 1948 2310 possetis.»

1152 2301 1227 2371 Rege
1240 2318 1304 2356 vero
1318 2304 1346 2356 in
1361 2302 1474 2372 eoquod
1489 2314 1649 2375 conceperat
1665 2321 1866 2378 perseverante,
1883 2318 1951 2372 sub-

1151 2373 1241 2440 junxit
1255 2373 1300 2426 ille
1315 2375 1359 2429 vir
1371 2374 1574 2428 sacratissimus:
1602 2398 1613 2423 ι
1629 2378 1681 2430 llos
1696 2381 1815 2447 quidem,
1837 2385 1949 2444 domins

1152 2443 1621 2514 1¹er,consiliorneopraetormisso,
1648 2447 1748 2503 iacietis
1772 2453 1843 2520 quod
1872 2457 1950 2515 vobis

1151 2513 1303 2581 placuerit:
1318 2515 1366 2568 sed
1382 2514 1427 2583 qui
1443 2515 1542 2570 diutius
1557 2517 1664 2581 viserit,
1679 2527 1747 2588 puto
1759 2524 1832 2590 quod
1843 2526 1950 2584 videbit

1151 2584 1278 2655 angliam
1292 2601 1346 2640 non
1361 2585 1407 2639 diu
1421 2587 1577 2654 gavisuram
1587 2587 1621 2642 de
1636 2589 1713 2659 prole
1727 2608 1788 2662 quat
1797 2593 1832 2648 de
1845 2610 1877 2653 ιι
1887 2610 1951 2656 nata

1152 2655 1236 2709 erit.»
1253 2656 1317 2710 llaec
1331 2671 1383 2728 ego
1398 2655 1556 2712 adolescens
1571 2674 1630 2712 eum
1646 2659 1747 2716 dixisse
1763 2665 1862 2734 audivi,
1876 2686 1951 2728 nuuc

1151 2741 1216 2781 vero
1231 2742 1331 2797 magna
1344 2735 1461 2796 exparte
1477 2727 1555 2782 video
1568 2729 1623 2797 iam
1639 2733 1800 2802 contigisse.
1821 2736 1878 2792 Rex
1904 2741 1951 2797 ita·

1151 2812 1204 2864 que
1218 2796 1252 2850 de
1267 2813 1299 2852 ea
1313 2796 1381 2851 duos
1393 2796 1463 2851 filios
1477 2806 1503 2853 et
1513 2813 1594 2852 unam
1603 2799 1687 2854 liliam
1698 2804 1802 2873 genuit,
1815 2807 1839 2861 ei
1850 2810 1950 2880 quibus

1150 2867 1197 2920 lilii
1210 2867 1267 2936 jam
1283 2868 1481 2932 adolescentes,
1497 2869 1562 2923 dum
1576 2885 1610 2924 ex
1625 2871 1824 2931 Northmannia
1848 2879 1876 2934 in
1899 2885 1949 2938 hn-

1150 2938 1234 3015 gliam
1245 2938 1373 3007 redirent,
1388 2937 1473 2994 fracta
1487 2955 1556 2995 nave
1570 2957 1632 2996 cum
1647 2942 1706 2997 aliis
1721 2945 1813 3000 multis
1837 2949 1864 3003 in
1878 2955 1948 3010 mari

1151 3009 1287 3078 perierunt
1297 3027 1305 3076 ;
1317 3009 1400 3064 liliam
1416 3025 1481 3064 vero
1495 3027 1557 3066 cum
1567 3012 1660 3066 multis
1669 3014 1770 3086 opibus
1783 3018 1863 3076 sibis
1874 3031 1949 3092 patre

1151 3080 1337 3136 transmissam
1357 3080 1489 3136 ilenrieus
1516 3081 1663 3152 imperator
1689 3085 1837 3158 conjugem
1860 3091 1946 3159 duxit,

1149 3152 1325 3223 nuptiasques
1338 3151 1430 3207 Leodii
1445 3167 1505 3207 cum
1517 3168 1617 3224 magna
1626 3154 1715 3225 gloria
1729 3157 1885 3217 celebravit:
1897 3168 1947 3222 sed

1148 3237 1203 3276 uno
1217 3221 1273 3277 tilio
1288 3238 1320 3277 ex
1335 3237 1367 3276 ea
1382 3222 1483 3294 genito,
1499 3223 1581 3278 celeri
1596 3234 1682 3280 morte
1703 3236 1859 3296 praeventus
1881 3249 1945 3294 earn

1148 3293 1259 3348 viduam
1274 3293 1395 3365 reliquit,
1410 3309 1470 3363 quae
1486 3294 1596 3351 viduata
1623 3311 1715 3351 rursus
1743 3300 1837 3356 comiti
1861 3306 1947 3364 hade

1109 3374 1133 3439 C
1148 3365 1263 3431 gerensi
1276 3366 1376 3446 nupsit.
1394 3365 1461 3420 Cum
1475 3365 1563 3421 subito
1578 3374 1654 3437 putre
1668 3368 1726 3437 ejus
1740 3369 1768 3425 in
1793 3373 1859 3430 urbe
1887 3378 1945 3434 Ro.

1148 3438 1322 3507 thomagenss
1349 3435 1488 3504 defuncto,
1505 3438 1652 3509 Anglornm
1675 3454 1803 3508 proceres
1830 3445 1876 3501 Ste
1897 3449 1944 3505 ha·

1145 3520 1211 3562 num
1232 3509 1358 3562 comitem
1374 3506 1573 3571 boloniensem,
1584 3506 1734 3564 Theobaldi
1747 3513 1853 3570 comitis
1868 3464 1943 3575 Sam·

1146 3576 1283 3645 paniensis
1304 3592 1475 3649 germanum,
1492 3592 1574 3647 super
1599 3594 1629 3633 se
1643 3594 1738 3650 regern
1766 3587 1941 3647 constituunt.

1145 3648 1224 3703 Unde
1238 3647 1380 3714 Robertus,
1395 3647 1503 3703 llenrioi
1523 3647 1596 3719 regis
1623 3663 1657 3703 ιιι
1684 3651 1832 3711 concubina
1858 3656 1931 3715 iilius

1144 3720 1266 3789 graviter
1278 3718 1445 3799 indignatus,
1461 3724 1555 3774 contm
1575 3733 1637 3772 eum
1660 3719 1751 3789 palam
1779 3703 1942 3785 rebellavit¹

1144 3805 1262 3861 eumque
1278 3790 1370 3861 praeho
1384 3796 1491 3913 captum
1518 3788 1546 3843 in
1570 3788 1688 3859 quodam
1714 3794 1836 3861 castello,
1867 3773 1941 3869 quod

1144 3860 1197 3915 sibi
1211 3869 1288 3931 pater
1302 3876 1365 3915 suus
1380 3858 1413 3913 de
1433 3860 1629 3925 erat,viuctum
1644 3860 1772 3928 reclusit;
1798 3872 1825 3921 et
1852 3872 1941 3929 sorori

1144 3946 1211 3993 suae.
1226 3938 1255 3985 ιιι
1267 3946 1329 3985 eum
1343 3929 1398 3985 lilio
1413 3945 1463 3986 suo
1477 3929 1555 3985 citius
1569 3929 1597 3984 in
1612 3930 1739 4003 hngliam
1758 3937 1885 3997 transiret
1912 3950 1940 4001 et

1144 4016 1257 4073 regnum
1270 4010 1417 4071 paternum
1430 4002 1592 4071 susciperet,
1603 4003 1755 4058 mandevit.
1766 4006 1825 4077 illa,
1840 4020 1940 4081 putans

1143 4081 1280 4127 seeuncta
1315 4086 1428 4143 rosperu
1453 4080 1629 4141 repedarent,
1657 4073 1782 4132 celeriter
1798 4091 1940 4159 pertrans.

1143 4143 1220 4197 ivit:
1259 4090 1315 4199 seil
1329 4159 1408 4199 secus
1427 4159 1507 4214 quam
1529 4144 1691 4210 crediderat,
1714 4145 1844 4207 invenit:
1876 4172 1939 4213 nam

1143 4213 1243 4283 conjux
1257 4214 1398 4283 Stephani,
1412 4214 1577 4283 principibus
1591 4215 1643 4269 sibi
1654 4215 1768 4284 junctis,
1785 4220 1891 4281 sortiter
1913 4230 1939 4285 ei

1142 4285 1249 4340 restitit.
1274 4287 1334 4354 lpse
1348 4300 1455 4357 quoque
1483 4284 1648 4353 Stephanos,
1663 4297 1725 4356 post
1750 4306 1853 4362 paucos
1879 4297 1940 4356 dies

1143 4356 1303 4426 quibusdam
1318 4356 1489 4424 pactionibus
1501 4356 1620 4411 Roberto
1640 4360 1832 4417 reconciliatus
1851 4375 1880 4422 et
1904 4371 1939 4427 de

1142 4427 1259 4483 vinculis
1271 4427 1396 4489 eductus,
1412 4442 1505 4481 rursus
1517 4427 1669 4497 anglorum
1682 4443 1797 4501 regnum
1812 4434 1936 4495 obtinuit:

1142 4496 1235 4568 sieque
1251 4495 1306 4552 filia
1320 4498 1393 4580 regis
1406 4496 1513 4552 llennci
1536 4512 1606 4551 vena
1619 4514 1667 4578 spe
1694 4515 1725 4554 se
1738 4502 1863 4561 delusam
1878 4508 1938 4567 iore

1142 4568 1285 4639 ingemuit.
1303 4568 1336 4621 Et
1349 4571 1499 4622 interorum
1514 4566 1621 4636 quidem
1635 4569 1731 4623 incerti
1745 4588 1857 4630 sumus:
1887 4580 1940 4637 hoe

1143 4654 1299 4694 verounum
1314 4648 1409 4707 aperte
1424 4636 1557 4703 videmus,
1586 4639 1737 4693 seeundum
1766 4648 1936 4716 prophetiam

296 4726 344 4767 rex
359 4709 396 4766 ab
409 4708 502 4765 illicito
514 4710 660 4781 complexu
672 4717 854 4765 revocaretur.
871 4710 927 4765 Nec
943 4723 985 4763 me
995 4708 1090 4765 fefellit
1104 4726 1130 4786 Ι)
1145 4710 1182 4765 D.
1201 4709 1336 4777 Anaelmi,
1346 4724 1401 4764 non
1416 4707 1461 4763 diu
1476 4710 1599 4781 gavisam
1611 4724 1669 4764 esse
1683 4710 1808 4784 Angliam
1819 4718 1855 4773 de
1863 4721 1942 4791 prola

295 4796 358 4853 spes
373 4796 442 4837 mea.
456 4780 515 4835 Rex
530 4780 551 4835 si
591 4780 675 4849 idem,
691 4788 801 4850 propter
816 4780 1001 4850 inspiciendas
1015 4794 1090 4835 rosas

294 4860 321 4909 et
334 4852 405 4909 alias
416 4851 546 4907 lloreates
580 4850 669 4918 erbas,
682 4850 827 4907 claustrum
842 4859 962 4907 nostrum
990 4851 1093 4923 ingres·

294 4939 361 4989 sust
377 4938 441 4979 mox
456 4927 485 4977 ul
499 4938 559 4977 eam
573 4922 652 4987 vidit,
667 4937 727 4977 oum
743 4922 848 4979 oaeteris
891 4920 968 4977 uallis
995 4920 1093 4977 nostris

294 4994 387 5051 velum
415 4992 505 5063 capito
519 5000 681 5064 gestantem,
697 4992 790 5059 exivit,
805 5001 831 5048 ιι
853 4938 888 5048 ag
907 4992 1022 5049 ecclesia
1047 5008 1092 5047 re·

297 5064 398 5131 cessit;
414 5070 505 5134 aperte
520 5062 666 5120 ostendens
690 5078 719 5119 ss
742 5062 867 5119 nonnisi
895 5069 1006 5135 propter
1032 5078 1093 5119 earn

299 5135 416 5193 venisse.
428 5134 495 5189 Cum
521 5142 611 5191 autem
640 5142 716 5207 pater
743 5133 842 5205 puellae
869 5134 940 5190 inira
968 5134 1093 5191 eamdem

295 5204 498 5263 hebdomadam
512 5205 547 5261 ad
563 5204 704 5263 ecclesiam
719 5212 838 5261 nostram
852 5204 978 5274 venisset,
993 5205 1094 5264 velum·

295 5292 352 5348 que
366 5292 397 5333 su
434 5292 448 5331 r
472 5283 554 5347 eaput
575 5274 638 5333 tiliae
658 5292 713 5331 suaa
739 5276 860 5341 vidisset,
890 5276 973 5332 iratus
1001 5276 1092 5334 velum

297 5346 389 5405 consol
412 5346 442 5415 it,
453 5354 479 5403 et
493 5346 528 5403 ad
542 5354 641 5403 terram
655 5346 805 5419 projectum
820 5346 934 5417 pedibus
948 5347 1005 5403 suis
1031 5362 1094 5402 cou-

297 5418 424 5489 culeavit,
441 5416 579 5490 filiamque
592 5432 669 5473 suam
690 5432 783 5474 seeum
801 5419 940 5474 reduxitl
966 5418 1095 5489 Inquisita

297 5489 398 5545 deinde
412 5488 550 5545 abbatissa
564 5488 636 5560 quod
651 5504 782 5545 annorum
797 5488 964 5545 innotuisset
983 5487 1092 5559 puelle;

295 5560 604 5633 responditduodenum
619 5576 677 5616 esse
691 5560 819 5631 potuisse.
845 5562 920 5615 Tunc
942 5574 1009 5632 rege
1036 5574 1095 5613 mo-

295 5638 378 5687 nente
393 5630 630 5702 arehiepiscopum
646 5638 674 5686 ιιι
684 5630 791 5702 juberet
804 5631 878 5699 juxta
901 5632 952 5686 boo
963 5628 1096 5697 judicium

295 5700 368 5771 lieri,
385 5702 506 5783 episcopi
520 5709 546 5757 et
559 5702 683 5765 abbates,
699 5701 811 5758 oonsilio
835 5708 945 5772 accepto
968 5700 1097 5773 lectisque

295 5770 414 5829 diversis
428 5772 554 5843 capitulis
571 5788 715 5837 canonum,
731 5773 759 5827 in
784 5787 928 5829 commune
952 5768 1097 5840 judicave-

1146 4780 1219 4835 illins
1234 4780 1351 4853 reginae,
1375 4794 1439 4905 guae
1460 4787 1523 4852 post
1545 4779 1639 4835 velum
1662 4789 1800 4851 portatum
1823 4788 1942 4850 ilenrico

1145 4860 1289 4921 nupserat:
1305 4852 1360 4906 imo
1393 4850 1478 4906 intina
1492 4850 1626 4907 seditione
1640 4859 1771 4909 vastatam
1784 4870 1816 4913 ae
1832 4874 1941 4933 oppres

1146 4938 1216 4991 sam,
1232 4922 1266 4977 de
1278 4920 1400 4993 pristinis
1414 4920 1515 4977 divitiis
1540 4922 1574 4976 ad
1600 4938 1645 4976 ma
1685 4936 1730 4977 am
1756 4940 1941 5010 paupertatem

1147 4993 1305 5049 devenisse.
1323 4993 1386 5047 Nori
1400 5007 1465 5063 ergo
1479 4996 1644 5047 contemnes
1663 5007 1688 5064 a,
1705 4994 1754 5049 sed
1768 5007 1856 5067 potius
1869 5018 1942 5063 reve·

1146 5065 1233 5120 rende
1243 5072 1270 5119 et
1283 5062 1403 5119 timenda
1416 5070 1481 5118 sunt
1490 5062 1574 5119 verba
1588 5062 1751 5134 sapientium
1765 5076 1793 5123 et
1809 5072 1943 5134 &alesin

1147 5135 1339 5206 praelatorum
1356 5150 1417 5188 cum
1432 5140 1459 5189 ιι
1473 5133 1656 5204 supradictam
1671 5137 1843 5206 prophetiam
1868 5147 1943 5206 Lao.

1147 5204 1189 5261 nis
1204 5221 1282 5289 papas
1296 5206 1330 5261 de
1344 5204 1476 5259 balduino
1497 5201 1595 5261 comite
1611 5204 1780 5280 Flandrensi,
1807 5215 1853 5287 qui
1881 5234 1943 5276 con·

1147 5292 1324 5348 sanguineam
1337 5290 1414 5329 suam
1429 5273 1515 5341 duait,
1525 5282 1552 5330 et
1561 5284 1718 5346 sequentem
1728 5279 1765 5335 D.
1779 5284 1898 5344 anselmi
1909 5291 1944 5347 da

1147 5362 1214 5419 rege
1228 5346 1386 5418 anglorum,
1402 5360 1481 5401 veras
1494 5345 1574 5401 luisse
1588 5346 1766 5405 manifestum
1780 5365 1848 5411 est.»
1865 5360 1942 5419 ileo.

1147 5424 1226 5473 tenus
1250 5418 1430 5481 llermannus,
1454 5417 1546 5487 utique
1569 5427 1630 5473 anta
1654 5434 1756 5476 anuum
1786 5430 1865 5491 troc.
1889 5449 1945 5505 quo

1149 5489 1303 5559 Stephanus
1316 5504 1362 5544 res
1377 5488 1463 5544 obiit:
1479 5488 1557 5557 cujus
1570 5488 1663 5545 verbis
1673 5490 1840 5555 illustrandis
1850 5500 1945 5561 immo·

1149 5560 1202 5614 rari
1216 5575 1271 5614 non
1285 5567 1382 5621 vacat:
1399 5576 1482 5613 unum
1493 5558 1608 5615 dicimus
1623 5575 1655 5615 ea
1669 5562 1798 5623 habuisse
1809 5586 1863 5626 non
1876 5580 1947 5630 tran·

1150 5630 1251 5701 scripta
1261 5646 1296 5684 ex
1311 5629 1437 5702 originali
1449 5644 1465 5685 ι
1478 5632 1595 5713 lesepho
1609 5630 1715 5701 ignatio
1732 5634 1767 5691 de
1781 5639 1810 5695 S.
1828 5644 1945 5701 Antonio

1151 5701 1294 5757 carmelite
1309 5699 1482 5769 discalceato,
1497 5701 1525 5755 in
1539 5702 1628 5771 risque
1642 5702 1836 5776 corrigendum
1861 5714 1946 5772 tuisse

1151 5786 1281 5840 errorem,
1297 5786 1351 5855 quo
1365 5772 1513 5828 identidem
1525 5780 1604 5853 pater
1615 5772 1715 5854 puelle
1730 5780 1879 5837 vocabatur
1892 5800 1947 5841 rex

294 5850 360 5899 runt
373 5856 425 5927 pro
454 5842 608 5913 hujusmodi
636 5844 707 5927 lacto
721 5858 785 5925 'non
811 5858 870 5899 esse
898 5840 1097 5913 prohibendum
1149 5842 1249 5910 Deru,
1265 5858 1313 5925 qur
1325 5842 1408 5899 irater
1421 5842 1490 5925 tuin
1505 5859 1557 5899 nec
1570 5858 1623 5925 nrar
1636 5858 1708 5925 anno
1723 5846 1759 5901 ab
1772 5850 1849 5907 obitu
1863 5854 1947 5923 patris

294 5912 458 5987 eonjugium
471 5926 478 5983 ;
492 5930 557 5997 cnm
571 5915 698 5997 quandiu·
719 5914 790 5998 inira
813 5913 962 5988 legitimam
989 5922 1097 5997 aetatem
1149 5928 1226 5998 arry,
1242 5913 1277 5997 ab
1288 5916 1363 5998 hasce
1376 5924 1475 5996 nuptos
1492 5930 1543 5977 xx.
1555 5914 1656 5969 Cht¹⁸¹¹
1670 5930 1735 5997 {8¹0
1752 5920 1817 5977 ¹¹21
1830 5938 1947 6005 {egnum

294 5988 349 6041 gua
366 5985 447 6067 spreta
462 5993 546 6069 patris
560 5984 710 6069 inensam}
720 6002 744 6041 er
758 6000 817 6067 siae
832 6000 954 6068 amensa,
972 6002 1035 6058 egos
1061 5984 1097 6069 ιι·
1149 5986 1276 6054 obtinuit,
1290 6002 1412 6041 omnium
1426 5984 1542 6041 liliorum
1557 5983 1691 6040 Raleolmr
1715 5996 1780 6070 notu
1808 6010 1945 6057 minimus.

293 6071 359 6117 cero
369 6054 494 6117 honerat.
509 6055 597 6115 Finito
608 6056 715 6133 audacro
730 6072 776 6115 res
789 6062 968 6135 mterrogamt
993 6056 1096 6117 archc-
1184 6058 1226 6132 (¹⁸)
1239 6059 1321 6117 ¹⁰¹⁰
1337 6060 1404 6117 ¹¹⁰¹
1422 6052 1762 6117 9⁸⁸⁶¹¹⁸¹⁰¹0¹³¹⁸¹¹¹m¹⁰¹¹
1775 6074 1825 6121 ¹¹¹
1834 6066 1945 6141 ¹Pf¹fi⁸0
