4750 6725
302 647 352 704 tae
849 621 1339 691 utstoatartotoauu.-tta.
1355 615 1400 679 tt.
1899 622 1950 683 tae

300 771 347 828 ille
373 767 460 826 sciens
486 779 592 823 versam
620 776 681 820 ase
700 757 751 820 tiri
774 756 934 815 sententiam
953 749 1138 825 magnificet,
1157 746 1278 804 bendere
1292 746 1441 803 audeataut
1455 743 1599 803 emendare
1614 741 1786 800 contendat‘l
1800 741 1834 799 Rt
1843 743 1867 800 si
1876 746 1949 801 scri-

300 857 452 916 letabatur.
467 852 590 925 Denique
604 867 685 908 omne
703 849 806 904 malum
829 845 904 918 quod
919 859 979 899 eum
997 855 1099 911 expec-
1155 843 1240 891 utem
1249 834 1330 891 vultis
1344 834 1447 904 audire,
1458 833 1646 890 fateoromnia
1659 831 1720 888 baec
1735 833 1820 890 mutto
1835 833 1952 892 deterius

301 947 385 1016 tabet,
413 958 509 1002 averso
536 941 674 998 dnselmo.
703 939 738 994 ab
766 952 798 992 eo
830 949 938 992 versum
952 939 978 987 et
993 941 1099 986 reverso
1154 923 1213 980 fieri
1241 939 1325 997 qoam
1349 923 1453 996 possint
1480 921 1579 993 scripto
1603 921 1672 977 edici
1687 922 1715 976 in
1729 929 1831 977 tantum
1845 931 1876 979 nt
1895 924 1954 997 ipse

301 1035 329 1092 in
344 1032 490 1091 amicitiam
505 1032 564 1103 ejus
592 1028 731 1085 Auselruo.
767 1027 863 1095 ltaque
883 1029 911 1078 ut
927 1021 1009 1076 homo
1023 1015 1101 1073 citius
1155 1012 1239 1069 etiam
1265 1029 1311 1068 rex
1341 1019 1450 1069 testetur
1477 1027 1614 1082 nunquam
1629 1017 1711 1066 tantae
1726 1010 1890 1068 tortitudinis
1903 1029 1954 1070 ne-

300 1124 329 1181 in
356 1123 546 1194 episcopatum
561 1134 640 1176 suum
656 1117 692 1174 ad
711 1129 824 1172 suorum
848 1107 1055 1167 exsultationem
1070 1119 1102 1160 uc
1155 1101 1269 1175 quitiam
1285 1100 1313 1156 in
1327 1101 1414 1173 patria
1440 1101 1491 1155 ista
1519 1099 1619 1166 inisse,
1633 1099 1800 1155 sicutmodo
1815 1107 1867 1158 est.
1887 1103 1954 1160 Raso
2041 1104 2044 1115 '

301 1213 385 1270 totius
413 1209 510 1282 patriae
543 1206 735 1264 revelationem
772 1200 883 1269 rediret,
912 1195 1049 1270 pollicitus
1062 1199 1102 1250 est
1154 1198 1246 1246 autem
1261 1187 1353 1245 omnia
1365 1186 1459 1260 procul
1486 1187 1571 1242 dubio
1586 1203 1636 1244 vos
1655 1187 1743 1244 solum
1757 1187 1902 1260 respiciunt
1924 1193 1953 1248 et

301 1317 353 1358 rex
380 1299 418 1356 ita
447 1313 476 1354 se
504 1296 598 1352 nuntio
626 1308 689 1350 suos
716 1292 822 1350 Roman
851 1287 1043 1344 destinaturum
1074 1289 1104 1338 ut
1156 1285 1253 1336 vestrae
1271 1277 1405 1333 sanctitati
1420 1276 1598 1347 imputantur.
1630 1274 1726 1331 Videte
1740 1275 1824 1348 igitur
1837 1277 1957 1335 etinten-

299 1391 330 1446 in
355 1387 481 1460 proxima
507 1383 654 1442 Nativitate
681 1379 777 1436 Christi
791 1376 873 1434 curiae
888 1392 945 1431 suae
960 1371 1104 1430 Auselmus
1157 1365 1215 1423 dite
1230 1367 1305 1422 oneri
1318 1366 1395 1436 quod
1409 1364 1575 1436 suscepistis,
1592 1371 1618 1419 et
1632 1363 1674 1419 oui
1690 1379 1780 1419 curam
1796 1364 1856 1434 ejus
1870 1366 1956 1422 vestri

300 1479 330 1536 iu
345 1477 447 1552 duplic
456 1481 548 1548 posset
558 1473 665 1529 adesse.
677 1468 849 1539 Missitsuper
861 1466 921 1522 baec
935 1463 963 1518 in
976 1459 1102 1535 Rugliam
1156 1455 1218 1513 loco
1245 1454 1443 1526 disponendam
1467 1451 1641 1511 commisistis
1668 1452 1777 1523 quando
1790 1467 1840 1509 sos
1853 1455 1897 1525 qui
1913 1463 1956 1512 ta-

300 1567 416 1636 litteras,
429 1562 591 1638 precipiens
618 1568 648 1616 ut
674 1573 769 1616 omnes
782 1571 826 1612 res
840 1558 867 1610 et
894 1550 1018 1610 homiues
1046 1551 1103 1604 du·
1157 1543 1230 1601 libus
1245 1543 1357 1600 obviare
1385 1540 1522 1600 constituti
1550 1540 1626 1610 estis,
1653 1555 1703 1611 pro
1731 1539 1816 1597 nihilo
1839 1549 1894 1598 tam
1909 1543 1957 1600 diu

302 1651 564 1724 scrutantemque
581 1654 682 1716 essem,
710 1646 738 1702 in
765 1658 833 1716 pace
856 1647 946 1699 esseut
963 1647 990 1696 et
1004 1637 1103 1710 quiete,
1157 1648 1246 1705 regno
1269 1632 1297 1688 in
1325 1646 1380 1703 quo
1403 1635 1565 1688 exercentur
1582 1627 1871 1688 abestis.Considernte
1884 1646 1955 1705 quo-

301 1760 354 1803 nec
376 1743 450 1802 ullus
476 1755 523 1798 ecs
550 1743 680 1814 mutaret
707 1742 753 1792 aut
781 1731 971 1806 implacitaret,
996 1726 1054 1794 sed,
1070 1725 1104 1782 ab
1158 1719 1352 1794 questionis
1379 1718 1470 1790 placet
1495 1717 1518 1773 si
1544 1733 1593 1774 cor
1617 1723 1736 1774 restmm
1764 1716 1804 1774 ita
1828 1717 1879 1774 soli
1897 1720 1955 1778 Deo

301 1832 378 1890 omni
394 1829 488 1890 debito
501 1827 590 1898 libem,
607 1841 669 1898 que
691 1821 818 1880 tenebant
832 1835 894 1878 cum
907 1819 1012 1876 honore
1028 1824 1104 1872 tene-
1157 1816 1238 1868 vacat
1255 1817 1282 1865 et
1295 1807 1319 1864 si
1337 1808 1365 1863 in
1380 1814 1454 1864 tauta
1467 1805 1615 1864 securitate
1638 1804 1723 1862 nestri
1734 1806 1794 1876 jam
1809 1821 1957 1866 conserva-

301 1928 372 1992 rent,
390 1935 424 1978 ec
438 1920 467 1976 in
489 1916 592 1976 cunctis
606 1915 641 1971 ed
656 1922 752 1970 nutum
767 1907 888 1968 anselmi
900 1906 1105 1980 jussionemque
1157 1899 1225 1956 mini
1251 1905 1281 1953 ut
1309 1896 1408 1954 talibus
1422 1894 1575 1952 animarum
1603 1893 1724 1949 miseriis
1750 1894 1957 1968 aliarigilantie

300 2009 467 2083 penderent.
482 2007 547 2062 llaec
565 2019 632 2078 erqo
651 2003 717 2060 dum
732 1998 891 2058 ltominibus
918 1996 954 2053 ad
967 1991 1104 2064 archicpi-
1158 1986 1377 2046 condescendere
1390 2001 1445 2043 non
1458 1985 1589 2041 debeatis.
1620 1982 1683 2039 Scio
1707 1982 1833 2053 equidem
1847 1991 1874 2040 et
1886 1985 1958 2044 bene

301 2105 446 2172 scopatum
461 2092 656 2168 pertinentibus
669 2090 865 2164 ,innotuissent
887 2101 952 2143 mox
966 2083 1104 2157 quoddam
1119 2109 1145 2171 B
1160 2077 1217 2134 scio
1232 2093 1282 2133 vos
1309 2075 1412 2147 optime
1441 2074 1510 2130 scire
1543 2071 1610 2146 quid
1626 2070 1698 2144 quod
1713 2071 1810 2139 facitis,
1843 2075 1889 2130 sed
1911 2075 1957 2147 ip-

305 2187 385 2262 qucsi
400 2187 566 2258 insperatum
579 2181 660 2253 jubar
673 2179 738 2236 solis
751 2175 791 2234 illi
815 2174 935 2243 emicuit,
958 2171 1030 2244 quod
1044 2170 1105 2227 illos
1160 2182 1221 2222 sum
1236 2165 1307 2220 scire
1324 2172 1444 2220 vestrum
1473 2176 1622 2233 perparum
1648 2159 1761 2232 prodest
1783 2161 1871 2217 nobis.
1887 2163 1958 2221 Fru-

302 2293 319 2334 a
339 2275 461 2348 pristina
487 2270 676 2346 oppressionis
699 2265 867 2323 immanitate
881 2270 908 2320 et
922 2259 1039 2319 tenebris
1053 2274 1107 2315 non
1161 2260 1235 2312 ctum
1250 2253 1351 2309 etenim
1365 2251 1503 2308 communi
1519 2249 1634 2305 utilitate
1647 2264 1681 2304 ex
1696 2255 1750 2304 tam
1765 2247 1892 2307 diuturno
1905 2267 1958 2309 ne-

303 2365 450 2424 modicom
462 2361 553 2435 ejecit.
1160 2342 1237 2417 gotio
1250 2348 1340 2400 vestro
1354 2339 1458 2395 nullum
1473 2338 1562 2394 adhuc
1576 2337 1724 2409 procedere
1733 2337 1858 2395 videmus
1869 2359 1876 2405 ;
1886 2341 1959 2399 mala

355 2481 423 2536 Cum
438 2477 552 2549 pom,
578 2473 724 2530 ΛΜΝ,
754 2471 887 2527 „eccm
899 2463 1065 2531 ,oenobmm'
1081 2470 1107 2520 θ,
1163 2439 1254 2528 autem
1282 2429 1366 2486 solius
1390 2426 1623 2484 vestrioccasioue
1637 2425 1664 2481 in
1679 2425 1802 2482 Ecclesia
1816 2434 1842 2482 et
1856 2429 1959 2501 populo

1163 2517 1214 2574 Det
1228 2517 1349 2587 undique
1382 2529 1553 2570 succrescere
1568 2513 1643 2568 omui
1667 2511 1711 2568 die
1725 2513 1916 2584 conspicimus.
1943 2538 1956 2565 ι

1199 2605 1234 2661 Et
1261 2606 1322 2662 baec
1349 2603 1460 2677 quidem
1475 2600 1522 2659 illc
1534 2601 1578 2659 rir
1591 2608 1631 2657 tot
1644 2600 1717 2656 mala
1730 2616 1830 2656 exosus
1843 2601 1960 2675 scripsit,

1162 2697 1307 2750 autumans
1321 2692 1479 2750 Anselmnm
1495 2705 1550 2746 non
1572 2689 1625 2744 nisi
1642 2688 1754 2762 propria
1766 2689 1906 2748 voluntate
1925 2691 1960 2748 ab

1161 2782 1286 2856 ingressu
1300 2780 1408 2854 ungris
1422 2778 1568 2836 nemorari.
1584 2776 1639 2834 Sed
1656 2791 1813 2835 scamaros
1830 2777 1961 2837 ilenrious

1162 2871 1238 2927 nullo
1253 2886 1316 2927 eum
1330 2877 1412 2941 pacto
1431 2865 1541 2940 ingredi
1554 2864 1715 2937 patiebatur,
1731 2864 1784 2921 uisi
1798 2868 1958 2940 postposita,

1162 2967 1290 3031 utsupra
1317 2957 1506 3025 meminimus,
1528 2953 1668 3011 obdientia
1681 2967 1773 3026 pnpae,
1788 2955 1922 3028 episcopis
1935 2964 1962 3014 et

1163 3047 1308 3104 abbatibus
1321 3043 1564 3104 excommunicatis
1580 3042 1804 3100 communicaret.
1834 3046 1962 3103 Attamen

1162 3135 1296 3193 dnselmo
1310 3136 1403 3194 Remis
1417 3134 1580 3192 consistente
1595 3131 1670 3198 (illuc
1684 3131 1756 3188 enim
1772 3131 1881 3190 obnixis
1894 3148 1962 3206 pre-

1163 3225 1241 3281 cihus
1256 3225 1387 3282 antistitis
1401 3229 1428 3280 et
1451 3221 1644 3279 canonicorum
1672 3219 1756 3292 ipsius
1769 3220 1821 3277 loci
1835 3221 1961 3280 devictos

303 2584 354 2626 rex
368 2567 493 2642 Angliam
507 2567 661 2630 remeasset,
677 2560 744 2617 ortis
771 2555 933 2631 quibusdam
959 2552 1106 2612 occasiun-

303 2657 384 2726 culis,
400 2653 550 2729 legati,qui
573 2652 687 2708 Romam
698 2648 769 2704 mitti
796 2645 958 2712 debuerunt,
979 2643 1025 2697 diu
1039 2641 1109 2696 ultra

302 2749 435 2804 statutum
464 2741 609 2800 terminum
636 2737 734 2795 morati
761 2738 834 2792 sunt.
862 2733 941 2791 Unde
960 2731 1108 2788 vehemens

303 2833 453 2894 admiratio
466 2831 616 2887 multorum
643 2826 728 2884 corda
754 2822 899 2888 concussit,
919 2819 1108 2877 arbitrantium

303 2931 411 2982 uotam
426 2921 461 2978 de
475 2919 565 2976 reditu
580 2915 632 2974 siri
647 2914 805 2972 dilationem
819 2908 922 2967 diaboli
935 2923 995 2965 ease
1008 2907 1108 2964 seduc·

303 3014 419 3080 tionem,
434 3017 461 3067 et
474 3013 571 3080 aperte
586 3003 740 3064 ridentium
768 3001 915 3056 immanem
931 2995 1011 3052 totius
1026 2996 1107 3052 Chri-

304 3098 455 3159 stianitatis
469 3097 497 3153 in
510 3093 609 3167 duplic
637 3106 697 3149 esse
725 3087 943 3146 desuucticnem.
954 3083 1035 3156 Quod
1049 3099 1109 3141 me·

301 3192 368 3256 lius,
383 3196 412 3246 ut
440 3193 516 3261 puto,
542 3182 665 3256 liquebit,
681 3181 703 3236 si
726 3177 851 3252 quasdam
875 3176 979 3248 scripta
1001 3174 1037 3230 de
1069 3175 1109 3230 bis

306 3295 370 3352 que
385 3273 515 3333 ednosin
526 3274 577 3329 bac
587 3267 820 3341 morasquodam
835 3281 889 3322 non
900 3263 1108 3321 contemnendae
1163 3313 1169 3326 ‚

301 3364 472 3426 auctoritatis
487 3362 547 3419 viro
560 3359 720 3418 transmissa
748 3364 810 3413 sunt
832 3353 912 3413 breri
926 3351 1105 3409 subinferam.

1161 3322 1257 3385 iverat,
1274 3325 1310 3382 et,
1326 3312 1423 3384 majori
1443 3327 1524 3384 quam
1538 3309 1633 3367 litteris
1647 3315 1729 3382 queat
1740 3309 1850 3382 exponi,
1858 3313 1962 3369 bonore

1161 3404 1315 3475 festivoque
1328 3418 1441 3459 occursu
1451 3402 1575 3457 omnium
1585 3399 1613 3455 id
1626 3399 1679 3456 loci
1688 3398 1845 3472 degentium
1868 3418 1962 3460 susm-

302 3454 407 3516 Scribit
424 3454 514 3525 itaque
528 3451 600 3507 inter
612 3449 666 3505 elia
680 3448 719 3503 sic
740 3464 746 3501 ε
1271 3494 1276 3504 Ι
1416 3491 1421 3501 ,

1160 3500 1235 3566 ptus,
1254 3507 1326 3549 cuca
1347 3489 1505 3562 pontificem
1523 3488 1664 3544 Mmassen
1684 3496 1826 3561 magnast
1843 3489 1964 3549 officiosa

344 3569 536 3629 «charissime
559 3566 638 3622 Pater
667 3560 831 3631 etdomine,
861 3557 984 3631 quamuis
1007 3556 1107 3628 optime
1161 3584 1292 3641 ,hm-me
1307 3580 1441 3648 delemus,
1464 3593 1516 3650 pe,
1536 3575 1628 3648 plum
1650 3576 1708 3632 ἀίω
1734 3575 1775 3631 ibi
1793 3578 1962 3651 mmm)

301 3660 399 3721 sciatis
414 3658 480 3733 quid
498 3657 587 3714 lacere
605 3651 729 3710 debeatis
745 3658 771 3707 et
798 3650 863 3723 quid
891 3648 992 3704 iaceret
1008 3646 1107 3716 velitis,
1161 3667 1420 3740 misiwiepismlflm
1439 3680 1522 3722 ,mm
1542 3664 1674 3721 Momm
1704 3679 1787 3737 qum
1807 3680 1872 3723 m
1891 3684 1923 3724 su

305 3750 418 3810 uidetur
433 3756 524 3805 tamen
538 3744 612 3802 omui
628 3738 802 3800 ierehomini
816 3752 883 3795 seno
898 3734 1109 3807 sensusapientl
1159 3759 1297 3832 ponimus·
1676 3705 1684 3734 '
1785 3747 1787 3751 ·
1925 3684 1961 3740 μ’

304 3838 420 3897 omnino
435 3834 503 3893 nihil
517 3833 594 3890 eliud
608 3847 670 3889 csse
688 3828 715 3885 id
731 3827 804 3900 quod
818 3828 888 3882 iuter
902 3840 952 3882 vos
965 3831 990 3881 et
1015 3838 1108 3896 regem
1198 3822 1461 3904 ,queoendioeimo
1478 3845 1506 3899 eq
1528 3840 1714 3899 ,mammo
1736 3842 1809 3899 pam·
1818 3843 1951 3903 Ammo

300 3929 354 3986 sub
369 3936 424 3982 tam
441 3917 769 3993 morosaexspeotatioue
786 3914 942 3989 agituroisi
964 3910 1108 3969 diabolicae
1163 3934 1349 3993 &mummi
1374 3932 1578 4005 ,mhiepiswpo
1612 3930 1745 3988 genricus
1787 3932 1837 3989 Dei
1884 3886 1962 3992 mi:

300 4015 414 4075 frondis
431 4012 521 4070 illusio
536 4018 562 4068 et
589 4008 707 4065 illudens
721 4004 826 4073 dilatio,
846 4011 883 4073 et,
897 4010 928 4058 ut
941 3998 1109 4057 manifestius
1161 4040 1210 4082 m
1230 4023 1380 4099 Anglomm
1419 4019 1534 4079 saluum
1557 3974 1589 4077 οἱ
1608 4018 1690 4076 ΜΠ,
1711 3974 1792 4078 boga
1817 3950 1962 4081 wlfinum}

303 4106 397 4161 dicam
413 4100 495 4161 totius
517 4098 668 4173 Anglorum
696 4093 835 4161 Ecclesia,
864 4106 896 4148 ac
922 4088 1064 4163 religionis
1078 4104 1110 4145 ac
1161 4113 1298 4171 amum·
1384 4063 1391 4093 '

304 4192 378 4267 legis
409 4189 565 4248 Christiane
585 4182 745 4259 quotidiana
777 4178 921 4238 diminutio
949 4186 975 4234 et
1002 4192 1109 4233 summa
1196 4201 1368 4259 Venerabilis
1391 4202 1478 4270 pm„
1505 4214 1560 4255 non
1577 4197 1626 4255 ,ibi
1653 4197 1796 4270 displicet,
1818 4201 1891 4272 quod
1913 4216 1958 4260 eo·

307 4284 469 4339 d⁰⁸¹m⁰¹¹⁰·
480 4365 485 4376 ,
498 4274 680 4376 3⁰⁰¹⁰J¹⁸ffl¹¹¹
707 4285 828 4367 namque.
839 4284 900 4339 ‘¹¹²ae
914 4266 1031 4365 ¹⁸¹‚¹¹,d,¹¹¹
1045 4280 1108 4320 ¹¹¹²·
1160 4308 1222 4349 rum
1231 4290 1292 4360 iter,
1308 4305 1381 4363 quos
1393 4290 1509 4345 Romam
1523 4286 1559 4343 cd
1572 4286 1712 4360 negotium
1725 4302 1817 4344 meum
1828 4304 1960 4363 peragen-

302 4377 370 4429 nent
384 4366 539 4441 pastorrbus
559 4362 680 4422 viduata
711 4370 900 4432 possessiones
929 4354 1102 4425 diripiuntur.
1162 4380 1225 4436 dum
1251 4379 1370 4452 ditium
1390 4376 1510 4446 decrevi,
1532 4374 1626 4431 ,mdiu
1641 4374 1763 4432 detinui,
1783 4376 1863 4447 Quod
1883 4392 1949 4435 mox

301 4458 380 4519 Ordo
394 4463 497 4514 sancta
510 4450 651 4527 religionis
666 4450 694 4505 ia
709 4448 749 4505 eis
764 4444 905 4517 neglectus
931 4441 1106 4499 annihilatur.
1160 4467 1377 4524 utwfflhelmus
1391 4465 1426 4522 de
1439 4463 1603 4521 waram
1620 4464 1657 4518 ad
1670 4466 1859 4535 mmmmm
1880 4420 1961 4536 qued

300 4548 385 4622 ¹⁴2⁸ss
401 4542 570 4647 ‚christiam
598 4548 802 4637 r⁹⁰²⁰fe⁸t¹²⁰¹¹
829 4535 884 4604 5⁸¹⁰
900 4537 1033 4633 {emm}
1053 4529 1107 4630 ,⁸⁸⁶
1161 4558 1197 4613 ad
1211 4558 1263 4612 boc
1285 4556 1429 4627 negotium
1453 4551 1665 4625 peragendum,
1689 4552 1759 4608 sicut
1771 4505 1948 4612 decreiimns

300 4636 521 4713 precipitatores,
552 4623 939 4725 acjnxtaregraenvoluntatrs
968 4620 1107 4675 arbitrium
1161 4642 1447 4716 mmmmm-godwi
1461 4640 1599 4713 expedi„
1621 4639 1659 4695 Te
1676 4640 1889 4713 supplexiqitnr
1909 4595 1963 4700 de]

304 4736 427 4784 etsuum
454 4721 573 4790 libitum,
615 4732 685 4807 pene
707 4730 798 4771 omnis
822 4710 933 4784 justitie
946 4716 1006 4764 sunl
1020 4706 1108 4764 effecti
1161 4731 1440 4805 prew,‚„d0,0,us
1454 4727 1598 4798 ,xomvufi
1612 4743 1672 4784 mm
1686 4727 1785 4784 eodem
1799 4728 1961 4787 Wfflheqmo

302 4814 498 4872 mmmm·
535 4808 576 4863 ΒΘ
595 4804 702 4863 θῙθήθῑθ
717 4802 781 4875 qnid
803 4800 905 4869 dicam’
931 4798 976 4868 ‘¹¹¹³
1000 4795 1108 4853 ‘imm‘
1121 4816 1147 4879 D
1162 4822 1326 4877 Raldninum
1350 4820 1384 4876 de
1399 4819 1516 4875 Tornaio
1530 4818 1646 4873 Romam
1667 4814 1770 4888 dirigas
1792 4817 1827 4873 ad
1843 4826 1964 4877 nostram

306 4917 403 4961 omnes
418 4898 534 4957 revoluti
548 4893 652 4952 suntad
667 4891 835 4963 iniquitatem
849 4882 1107 4959 pristinam‘lQuid
1161 4907 1410 4975 mmmmm.
1426 4904 1643 4963 ,mmmm
1662 4901 1819 4961 finiendm
1849 4904 1915 4963 vale
1948 4930 1960 4958 ”

305 4992 340 5048 de
355 4988 458 5046 hstis?
482 4984 536 5058 Ipsi
565 4983 675 5056 qnippe*
705 4978 753 5035 ⁸⁸d
767 4976 906 5048 principes
920 4971 1046 5041 mmet
1061 4971 1106 5028 *5¹
1197 4998 1237 5053 dd
1247 4999 1319 5055 banc
1334 4996 1441 5067 scripsit
1454 4992 1597 5049 anselmus
1611 4990 1756 5063 epistolam
1770 4992 1867 5049 banc:
1918 4948 1925 4963 ⁶

303 5079 356 5137 nisi
388 5093 423 5135 ⁶¹
437 5074 549 5150 Pffllffl‘
575 5067 717 5144 paemen
744 5064 877 5138 ⁰⁰nj¹¹g⁰⁵
895 5062 945 5119 ⁵ibi
961 5060 1105 5133 aoeipiunt’
1200 5136 1211 5165 s
1229 5112 1285 5169 Suo
1299 5110 1460 5168 charissimo
1470 5106 1580 5163 domino
1591 5105 1706 5163 ilenrico
1717 5106 1899 5181 gloriosoreqi
1909 5114 1962 5168 dn·

303 5170 378 5228 clam
392 5167 569 5237 desponsant,
586 5160 766 5230 desponsatas
793 5160 887 5209 conus
914 5152 1003 5223 legem
1017 5149 1105 5205 eccle·
1526 5195 1531 5205 ,
1571 5194 1576 5206 ,

301 5257 444 5317 siasuccm
458 5254 575 5311 scienter
587 5254 680 5306 tenent
707 5254 734 5303 at
759 5243 810 5299 sibi
825 5240 983 5299 detendunt.
999 5238 1039 5295 De
1052 5238 1106 5294 So·
1161 5202 1282 5302 ⁸¹⁰¹‚ufnt
1297 5195 1679 5296 Afflhmssfffhffil'ssffll'u'
1702 5196 1863 5269 mlum,
1883 5198 1964 5259 fidele

1159 5299 1300 5350 sersumm
1313 5303 1373 5345 cum
1383 5282 1562 5344 orationibus.

299 5346 412 5405 domitis
436 5358 513 5414 vero,
542 5353 609 5413 quos
635 5336 696 5408 ipse
723 5333 751 5389 iu
765 5346 866 5404 magno
881 5328 997 5387 concilio
1013 5338 1099 5397 usque

304 5436 341 5494 cd
356 5430 546 5508 poenitentiem
571 5435 599 5485 ct
620 5422 823 5483 contusionem
838 5413 1105 5483 excommunicastis,
1199 5427 1211 5455 a
1234 5402 1315 5473 Quod
1333 5407 1426 5458 restra
1439 5396 1599 5471 magnitudo
1610 5411 1656 5453 me
1675 5395 1703 5453 in
1717 5399 1773 5457 suis
1796 5401 1894 5460 litteris
1907 5406 1963 5461 lem

298 5532 327 5581 et
343 5522 380 5579 dc
407 5518 521 5587 cuniis,
536 5531 606 5589 qnos
619 5514 649 5571 in
663 5508 785 5569 i’ascbali
812 5504 986 5579 postmodum
1009 5499 1106 5559 solem·
1159 5490 1310 5551 honorilice
1324 5498 1398 5547 tanto
1415 5488 1496 5544 bonae
1519 5483 1666 5543 voluntatis
1697 5487 1795 5547 affectu
1824 5492 1962 5563 salutatat,

299 5610 388 5670 nitate
416 5604 568 5681 pontificali
595 5602 666 5661 stole
691 5597 833 5656 redimitus
860 5607 953 5651 coram
979 5588 1106 5646 universo
1159 5581 1264 5657 maias
1274 5593 1389 5651 magnas
1403 5592 1466 5650 ago,
1490 5573 1563 5630 sicut
1581 5572 1678 5631 debeo.
1699 5575 1782 5646 Quod
1801 5588 1892 5637 antem
1906 5589 1963 5637 tam

298 5696 404 5773 populo
420 5712 436 5754 a
451 5693 590 5753 liminibus
603 5698 704 5749 sanctae
714 5684 848 5745 Ecclesia
862 5677 1026 5746 remomstis,
1042 5676 1106 5749 quid
1160 5668 1321 5743 suppliciter
1330 5683 1374 5725 me
1388 5662 1495 5740 rogatis
1516 5669 1547 5719 ut
1567 5676 1623 5719 non
1636 5663 1703 5721 mibi
1721 5665 1868 5739 displiceat
1890 5668 1963 5740 quod

301 5788 461 5859 dicendum,
477 5800 550 5855 cum,
577 5788 608 5839 ut
634 5776 779 5847 deberetis,
808 5788 862 5829 non
883 5766 1041 5837 subvenitis,
1056 5778 1107 5824 nec
1160 5760 1269 5833 legatus
1286 5763 1376 5815 resmr
1401 5756 1517 5815 Romam
1540 5756 1687 5815 mittendus
1709 5763 1815 5813 tantum
1831 5764 1961 5826 moratur,

303 5878 349 5937 sel
364 5890 437 5934 unus
451 5874 479 5931 in
489 5880 544 5931 toto
552 5884 640 5945 regno
654 5867 761 5933 existat,
773 5862 820 5935 qui
834 5862 929 5919 hecel
943 5856 998 5915 alia
1010 5854 1104 5924 multa,
1160 5849 1256 5921 utique
1269 5852 1389 5903 vacuam
1398 5858 1520 5918 precem,
1531 5854 1662 5917 quantum
1671 5844 1754 5901 inme
1775 5852 1825 5915 cst,
1835 5851 1961 5903 contern-

303 5968 363 6027 Dco
377 5973 406 6025 ct
420 5963 588 6022 oanniscrrc
603 5957 652 6015 oei
666 5953 813 6023 contraria,
830 5951 889 6009 vice
902 5954 995 6006 nosue
1009 5959 1105 6019 repre·
1161 5952 1229 5999 nere
1242 5951 1297 5995 non
1319 5936 1417 6009 debeo,
1442 5936 1491 5995 sed
1513 5950 1595 5994 causa
1621 5933 1713 6009 magis
1737 5932 1789 5991 Ilei
1807 5942 1852 5995 cst
1876 5948 1961 6010 qm
