4750 6725
892 541 1047 598 btbttbttt
1066 541 1345 598 CANTUARIENSIS
1364 540 1524 599 domuerit

494 793 903 940 nanurnar
964 789 1406 1013 nisenam
1460 786 1928 941 novanda

1038 1128 1379 1234 ramberto

424 1323 489 1376 Cum
506 1321 645 1392 praesentis
664 1321 753 1376 attritis
767 1322 849 1390 viros,
867 1321 982 1378 diversis
997 1323 1105 1377 casibus
1120 1323 1186 1377 sub·
1201 1322 1229 1384 A
1243 1322 1424 1378 inanrdita.Ex
1438 1321 2047 1395 eoquippequoWillhelmusNorthmanniae

392 1421 477 1478 actos,
503 1413 608 1466 intucor
632 1419 690 1468 acte
705 1410 911 1482 precedentium
927 1411 1007 1466 anxie
1022 1412 1191 1484 investigare

392 1501 543 1572 (cupientes
566 1499 694 1556 videlicet
717 1500 744 1553 in
768 1501 807 1554 eis
831 1501 902 1556 unde
921 1517 949 1556 se
973 1501 1144 1556 consolentur
1165 1505 1193 1556 et

390 1590 512 1644 muniant
528 1589 729 1658 invenire),noc
746 1598 835 1644 tamen
850 1589 884 1644 ed
899 1591 951 1645 hoc
967 1599 1095 1659 prototo
1111 1605 1192 1662 posse

391 1679 557 1751 pertingere,
587 1679 714 1748 quoniam
744 1678 906 1748 scriptoram
934 1678 1024 1748 iuopia
1048 1678 1130 1748 stagna·
1158 1695 1192 1734 ea

392 1769 493 1822 delerit
518 1767 629 1836 oblivio,
653 1767 748 1822 videor
771 1767 835 1821 mihi
858 1768 950 1822 videro
974 1784 1103 1839 magnum
1125 1769 1191 1839 quid

394 1856 510 1926 posteris
526 1855 684 1924 praestitisse
700 1857 744 1924 qui
761 1856 816 1910 suis
830 1863 906 1925 gesta
921 1856 1098 1926 temporibus,
1115 1857 1189 1910 lutu-

393 1961 484 1998 rorum
500 1944 608 1998 utilitati
625 1945 775 2012 studentes,
801 1945 951 2000 litterarum
978 1945 1118 2000 memoria·
1135 1951 1191 1998 tra-

393 2033 496 2087 didere.
514 2033 588 2100 Quos
602 2034 730 2087 nimirum
747 2033 769 2087 si
785 2033 860 2088 bono
883 2033 992 2103 quidem
1014 2034 1071 2089 zelo
1096 2034 1122 2088 in
1138 2033 1191 2088 bu-

391 2122 510 2191 jusmodi
527 2121 817 2188 desudarunt,bonnrn
841 2123 939 2177 exinde
969 2124 1122 2178 rnerecdem
1145 2139 1192 2178 rc-

394 2219 520 2280 ceptnros
536 2227 550 2264 a
565 2211 625 2266 Deo
641 2211 815 2266 crediderim.
836 2211 894 2267 lloc
909 2211 994 2283 igitur
1008 2211 1192 2277 corrsidemto,

395 2315 479 2371 peaes
493 2317 536 2353 rur
551 2299 632 2354 statui
648 2316 680 2354 ea
696 2317 756 2369 quae
771 2300 821 2353 sub
837 2301 924 2355 oculis
944 2299 1000 2356 virli
1024 2301 1067 2356 vel
1088 2301 1192 2370 audiri,

393 2387 520 2444 brevitati
536 2389 683 2457 studendo,
701 2389 869 2459 styli'otlicio
893 2405 1119 2458 commemorare,
1136 2399 1193 2444 turn

395 2485 421 2531 ut
438 2477 589 2531 anticorum
604 2494 726 2533 meorum
750 2479 842 2533 mend
857 2480 883 2535 td
899 2481 997 2534 obnixe
1026 2479 1194 2534 incitantium

395 2567 525 2622 voluntati
542 2581 646 2622 morem
663 2583 770 2638 geram,
787 2574 842 2622 turn
871 2577 899 2623 ut
926 2577 1096 2640 posterorum
1112 2567 1195 2623 iudu-

1245 1428 1339 1468 comes
1355 1421 1453 1468 terram
1469 1413 1544 1466 illam
1558 1410 1720 1467 debellando
1730 1411 1780 1465 sibi
1796 1411 1914 1483 subegit,
1924 1427 2006 1467 nemo
2016 1413 2047 1467 in

1245 1518 1278 1557 ea
1293 1502 1437 1573 episcopus
1452 1501 1495 1556 vel
1515 1501 1600 1555 abbas
1627 1505 1691 1555 ante
1718 1501 1875 1556 anselmum
1903 1501 1988 1556 sactus
2001 1509 2048 1556 est

1245 1591 1306 1662 (1)ὶῖξ
1319 1591 1365 1662 qui
1379 1607 1433 1646 non
1448 1589 1536 1661 primo
1551 1589 1634 1644 luerit
1656 1589 1738 1645 bomo
1756 1591 1841 1662 regis,
1864 1606 1896 1646 ac
1910 1591 1944 1646 de
1958 1606 2045 1645 manu

1245 1679 1318 1734 illius
1333 1680 1505 1751 episcopatus
1523 1679 1567 1735 vcl
1583 1679 1699 1734 abbatiae
1712 1679 1897 1734 investituram
1919 1695 1969 1750 per
1996 1679 2047 1733 da-

1246 1769 1349 1824 tionem
1377 1768 1462 1840 virgtn
1487 1767 1634 1839 pastoralis
1661 1768 1814 1839 susceperit
1839 1767 1894 1839 '(..),
1924 1769 2049 1838 exeeptis

1247 1857 1354 1913 dnobus
1368 1857 1512 1928 episcopis,
1529 1858 1643 1912 Ernesto
1656 1855 1783 1912 videlicet
1798 1865 1877 1927 atque
1893 1855 2047 1913 Gundulso.

1245 1946 1280 2002 lli
1295 1962 1500 2019 namquc‚onus
1513 1952 1575 2015 post
1587 1962 1669 2000 unum
1684 1943 1805 2000 Roliensi
1816 1945 1944 2002 Ecclesiae
1950 1947 2053 2016 proisi-

1247 2037 1353 2104 dentes,
1369 2051 1408 2089 ex
1421 2049 1498 2091 more
1522 2051 1538 2089 a
1562 2035 1727 2090 remeante
1740 2036 1881 2091 memoriae
1895 2036 2052 2092 musaeum

1247 2124 1453 2196 archiepiscopo
1487 2123 1686 2190 Cantauriensi,
1718 2124 1746 2178 in
1779 2123 1897 2194 capitulo
1930 2125 2052 2180 fratrum

1249 2214 1414 2279 Centaurica,
1437 2211 1495 2284 ipso
1520 2212 1679 2282 episcopatu
1703 2211 1820 2268 investiti
1836 2212 1954 2269 luerunt.
1969 2213 2053 2268 Horae

1248 2318 1315 2373 ergo
1329 2317 1436 2357 morem
1451 2301 1528 2373 quasi
1541 2303 1579 2371 (3)
1594 2301 1653 2357 Deo
1667 2300 1810 2372 sacrisque
1823 2301 1973 2357 canonibus
1979 2319 2057 2358 con·

1249 2390 1361 2446 ararium
1385 2390 1528 2446 anselmus
1554 2389 1676 2456 abolere,
1701 2404 1734 2445 ac
1755 2406 1808 2460 per
1829 2389 1883 2446 hoc
1906 2390 2057 2460 injustitias
2087 2459 2095 2470 ὁ

1247 2481 1310 2534 inde
1324 2485 1467 2535 manantes
1487 2493 1615 2535 resecare
1636 2477 1817 2550 desiderans,
1846 2479 1957 2550 regibus
1982 2479 2057 2550 ipsis

1248 2569 1350 2624 inrisus
1365 2567 1478 2624 effectus
1492 2577 1541 2636 est,
1558 2568 1923 2639 etpatriamexireeoactns.
1933 2569 2059 2624 Fuerunt

398 2654 482 2721 stria,
500 2656 520 2708 si
536 2655 608 2710 sorte
625 2656 688 2726 qnid
704 2657 777 2712 inter
791 2673 839 2712 eos
855 2658 999 2713 emerserit
1011 2657 1083 2729 qnod
1100 2659 1194 2712 borum
1209 2682 1235 2742 B
1250 2666 1276 2713 et
1298 2658 1360 2713 oliae
1383 2658 1456 2729 ipsus
1473 2656 1559 2712 exitus
1582 2673 1683 2724 eeusae,
1713 2656 1781 2712 sicut
1802 2673 1893 2713 rerum
1911 2665 2057 2729 gestarum

397 2745 524 2815 exemplo
544 2743 634 2816 aliquo
649 2745 734 2800 modo
746 2745 836 2816 juvari
853 2755 944 2818 qtrcat,
960 2763 1054 2818 parum
1065 2747 1127 2818 quid
1138 2764 1196 2802 rnu-

396 2833 469 2887 neris
484 2833 654 2902 impendam.
670 2835 703 2888 Et
715 2849 747 2889 ea
757 2835 866 2905 quidem
878 2837 956 2906 bojas
971 2837 1061 2907 operis
1083 2836 1196 2892 intentio

395 2922 536 2992 praecipua
552 2931 601 2992 est,
619 2931 647 2976 ut
668 2923 810 2996 designato
825 2925 942 2998 qualitor
965 2925 1106 2979 ilnselnurs
1122 2925 1197 2982 Bec-

396 3010 486 3066 eensis
502 3011 619 3067 arnobii
644 3011 729 3067 abbas
753 3012 833 3068 luerit
854 3013 1075 3084 archiepiscopus
1098 3013 1195 3082 lactus,

396 3099 564 3154 describatur
578 3101 766 3170 quamobrem,
782 3109 842 3156 orto
858 3100 1019 3173 interreges
1046 3103 1196 3175 anglorum

393 3193 421 3246 el
445 3189 520 3244 illum
545 3190 669 3258 discidio,
695 3191 776 3245 toties
801 3199 828 3246 et
852 3197 905 3244 tarn
931 3191 975 3244 din
1002 3191 1197 3248 exsulaverita

393 3295 481 3351 regno
497 3288 523 3333 et
539 3295 619 3350 quem
634 3285 762 3334 eventum
777 3279 836 3348 ipsa
852 3277 957 3334 discidii
974 3295 1052 3334 causa
1064 3279 1134 3336 iuter
1149 3295 1197 3336 eos

397 3370 490 3425 sortita
505 3370 547 3423 sit.
565 3372 625 3439 lpse
641 3368 758 3439 denique
774 3384 856 3424 causa
871 3385 943 3425 noire
958 3387 1001 3425 res
1018 3370 1081 3425 huic
1101 3376 1196 3427 nostro

395 3458 496 3513 stoculo
523 3474 584 3513 csse
612 3456 728 3526 videtur,
746 3466 770 3513 et
786 3474 801 3513 a
817 3466 939 3528 tempore
960 3474 1013 3529 quo
1043 3460 1071 3513 in
1098 3460 1197 3531 anglia

1251 2747 1334 2802 series
1347 2746 1505 2801 declarabit.
1521 2745 1717 2801 Describentur
1731 2745 1818 2800 etiarn
1833 2745 1888 2800 alia
1909 2747 2055 2814 nonnulla,

1252 2853 1313 2906 qua
1328 2845 1354 2891 et
1368 2841 1441 2901 ante,
1457 2843 1483 2890 et
1496 2833 1568 2890 inter
1583 2841 1686 2904 etpost
1701 2833 1798 2890 bacin
1812 2833 2059 2906 dngliaprovene-

1249 2933 1322 2994 runt,
1352 2941 1466 2995 quorum
1493 2923 1607 2979 seientia
1628 2923 1690 2979 illos
1714 2923 1760 2994 qui
1785 2939 1834 2978 nos
1857 2923 1967 2979 securiti
1987 2933 2055 2980 sunt

1250 3015 1359 3085 penitus
1374 3013 1575 3070 defraudandos
1589 3028 1639 3084 pro
1652 3019 1744 3068 nostro
1758 3026 1840 3082 posse
1862 3011 1912 3067 rati
1935 3027 1991 3068 non
2004 3031 2057 3068 su·

1250 3119 1320 3158 mus.
1337 3103 1392 3158 Sed
1408 3103 1468 3158 boec
1480 3101 1508 3156 in
1521 3102 1638 3172 prologo
1653 3101 1747 3173 paucis
1759 3115 1924 3156 memorasse
1938 3099 2057 3158 suffece-

1250 3193 1293 3246 rit.
1311 3192 1443 3248 Caeternm
1463 3189 1590 3245 narrandi
1605 3189 1729 3246 ordinem
1745 3189 1950 3261 aggredientes,
1970 3191 2055 3262 paulo

1250 3281 1329 3336 altius
1343 3280 1503 3336 ordiendum
1514 3286 1659 3350 putamus;
1675 3279 1743 3334 etab
1758 3277 1828 3348 ipsa,
1841 3286 1870 3333 ut
1881 3277 2052 3348 itadixerim‚

1249 3371 1348 3425 radicis
1362 3369 1514 3442 propagine
1529 3368 1563 3424 de
1574 3385 1628 3440 qna
1642 3384 1737 3425 eorum
1764 3384 1826 3441 quae
1848 3368 1965 3424 dicenda
1989 3378 2055 3425 sunt

1250 3474 1362 3530 germen
1375 3458 1504 3527 excrevit,
1516 3458 1592 3514 brevi
1607 3457 1694 3512 relatu
1708 3456 1952 3529 progrediendum.

395 3547 578 3603 b'ortbmuunl
589 3562 706 3619 regnare
718 3546 999 3619 emperuutlnondico
1006 3548 1092 3618 prius)
1102 3546 1197 3621 buglis

1004 3724 1169 3817 LlBER
1216 3726 1428 3820 PRIMUS

430 3958 572 4027 Regnante
587 3954 613 4009 in
629 3955 725 4026 anglia
740 3954 936 4027 gloriosissimo
951 3971 1016 4029 rego
1032 3956 1150 4029 Eligam,
1167 3964 1194 4011 et
1208 3955 1235 4018 C
1248 3957 1320 4027 quod
1333 3957 1392 4027 ipsc
1407 3956 1532 4011 videlicet
1555 3956 1583 4010 in
1602 3955 1736 4028 sanguine
1749 3955 1878 4023 victuros,
1894 3955 1968 4028 quod
1982 3954 2051 4012 bor-

396 4052 479 4099 totum
495 4059 608 4111 ragnum
624 4045 721 4097 sanetis
750 4044 855 4116 legibus
881 4052 990 4100 strenue
1013 4046 1193 4118 gubernante,
1249 4044 1376 4100 baromm
1391 4046 1516 4101 incursus
1530 4045 1615 4099 atroci
1630 4043 1804 4115 oppressione
1822 4060 1961 4115 passurus,
1977 4046 2052 4117 quod

395 4132 550 4187 Duustnnus
566 4132 776 4187 (lantuariorum
791 4134 911 4203 antistes,
926 4133 969 4189 vir
991 4140 1061 4189 totus
1087 4151 1118 4188 ex
1137 4134 1195 4188 vir·
1248 4132 1337 4203 ipsum
1364 4149 1471 4206 qnoque
1496 4149 1611 4205 reguum
1639 4132 1786 4188 innumeris
1816 4141 1898 4203 atque
1929 4132 2053 4189 cruentis

396 4221 496 4275 tutibus
512 4222 606 4289 lactus,
624 4221 782 4276 Christianae
802 4223 873 4293 legis
897 4223 1084 4277 moderamina
1111 4232 1194 4278 totam
1249 4222 1443 4278 vastationibus
1465 4221 1659 4278 conterendum
1684 4222 1755 4277 soret
1779 4222 1877 4277 edixit.
1902 4221 1971 4291 Quae
1985 4239 2052 4293 pro·

396 4310 563 4365 Britarunnm
578 4310 750 4381 disponebat.
765 4311 851 4381 llujus
866 4310 1196 4383 grauioperetioneatquc
1248 4312 1342 4382 pbetie
1357 4312 1406 4365 viri
1421 4310 1471 4366 Dei
1494 4326 1574 4380 qnam
1589 4324 1653 4365 vera
1668 4311 1810 4378 exstiterit,
1831 4319 1858 4366 et
1880 4311 1910 4366 in
1938 4311 2053 4367 Chroni-

395 4398 508 4455 ronsilio
524 4416 572 4453 rex
589 4400 659 4455 idem
677 4409 700 4454 ct
716 4401 773 4456 Deo
788 4400 900 4455 devotus
915 4400 1023 4469 exstitit,
1036 4408 1062 4456 et
1075 4401 1195 4471 undique
1250 4400 1297 4468 eis,
1315 4400 1360 4470 qui
1374 4400 1465 4471 legere
1478 4399 1582 4470 volout,
1605 4405 1632 4453 et
1653 4399 1681 4453 in
1702 4401 1801 4453 nostris
1824 4398 2053 4456 tribulationibus

395 4488 555 4544 irruentium
573 4489 754 4545 barbarorum
769 4488 886 4559 impetus
900 4490 1000 4545 invicta
1028 4492 1127 4545 virtute
1142 4490 1194 4545 de·
1250 4489 1295 4557 qui
1311 4489 1452 4544 advertere
1466 4488 1562 4551 sciunt,
1574 4486 1667 4542 ridere
1678 4484 1805 4543 facillime
1820 4496 1941 4558 possunt,
1959 4506 1992 4543 ne
2013 4489 2054 4544 di-

395 4578 517 4646 bellavit,
535 4577 629 4643 evicit,
646 4579 815 4648 compressit.
841 4579 937 4634 Parem
966 4579 1058 4647 itaque
1083 4579 1194 4649 eliasque
1249 4594 1308 4632 cam
1321 4576 1349 4630 in
1366 4578 1407 4631 bis
1421 4592 1481 4649 qnae
1496 4577 1572 4630 istius
1586 4576 1676 4647 operis
1689 4578 1773 4634 series
1787 4593 1837 4647 per
1848 4578 1919 4647 loca,
1934 4579 2052 4635 ueritate

396 4669 491 4725 felices
518 4667 615 4737 striglia
637 4666 847 4739 circumquaque
873 4666 1003 4734 obtinuit,
1032 4667 1095 4721 dum
1122 4668 1195 4737 regis
1250 4665 1592 4730 dictante,demonstrabit.

393 4750 469 4811 istius
484 4766 508 4811 et
530 4754 614 4811 l‘utris
629 4757 759 4810 Dunstnni
788 4755 921 4825 corporali
951 4756 1086 4826 presentia
1113 4756 1194 4826 potiri
1284 4752 2052 4824 TramlatoigiturademlestiebeatoDnnstano,ere-

395 4848 552 4917 promerunt.
579 4844 631 4913 Qui
655 4862 702 4900 rex
726 4860 787 4901 curn
810 4844 873 4900 vilae
893 4861 948 4900 stim
971 4844 1044 4899 diem
1069 4844 1192 4899 ultiurum
1247 4842 1339 4915 stigio,
1369 4851 1398 4897 ut
1424 4842 1589 4913 praedixerat
1616 4842 1683 4913 ipse,
1711 4842 1888 4899 barbarorum
1906 4844 2050 4915 irruptioni

394 4936 576 5004 propinquetur
595 4935 650 4988 lore
671 4935 789 5002 sentiret,
806 4932 1012 4989 lielvvrtrrlolrlio
1038 4948 1086 4989 suo
1115 4930 1194 5005 regni
1246 4932 1344 5003 Auglia
1367 4932 1462 5001 patuit.
1474 4932 1558 5000 Regis
1572 4932 1671 4987 etonirn
1698 4932 1803 4988 desidia
1816 4932 1990 4989 circumcirca
2005 4935 2049 4988 in-

395 5024 515 5076 tnbeun-
531 5023 651 5093 reliquit.
665 5022 811 5077 Stteoessor
825 5039 890 5093 ergo
904 5022 1015 5093 gloriosi
1040 5022 1194 5093 petrisglo-
1246 5020 1345 5085 notuit,
1361 5029 1387 5074 et
1402 5020 1464 5075 idco
1480 5028 1631 5075 exterorum
1645 5020 1778 5091 cupiditas
1805 5037 1872 5090 opes
1895 5024 2050 5092 auglorum

396 5112 481 5165 ranan
511 5110 668 5177 liduaulus,
706 5126 719 5163 a
750 5118 845 5165 soracte
876 5112 1015 5165 Drrrrstuuo
1045 5112 1189 5179 institutus,
1246 5124 1434 5178 quemmores
1452 5109 1589 5172 alienans,
1612 5108 1859 5180 bacetillec,per
1884 5125 1971 5176 more,
1996 5120 2051 5167 ter·

395 5215 521 5270 rugrutnr,
553 5214 605 5267 qim
634 5206 757 5266 tempore
786 5200 864 5258 vixit,
899 5200 1084 5252 strenuissime
1112 5200 1189 5253 rexit.
1246 5213 1304 5249 ram
1328 5197 1470 5259 invadere,
1493 5206 1519 5252 et
1540 5198 1628 5266 primo
1654 5198 1818 5267 propinquas
1840 5196 2003 5254 morivillas
2022 5208 2051 5255 et

396 5289 507 5349 Verum,
524 5285 639 5339 inclutis
662 5302 770 5341 coroner
787 5302 840 5338 ιιιιιιι
854 5287 977 5355 particulis
1005 5288 1089 5351 attritis,
1108 5286 1189 5357 impia
1203 5308 1231 5373 D
1245 5285 1336 5347 nrbes,
1352 5285 1629 5351 rlrinderernotiores,
1647 5302 1679 5341 ac
1694 5287 1804 5340 demunt
1829 5291 1913 5340 tolarn
1938 5289 2050 5357 provin-

395 5392 589 5430 suacnovtrren
615 5376 844 5439 liauulnncentns,
863 5376 971 5428 lintrem
993 5393 1079 5440 sittim,
1105 5374 1189 5429 Edel-
1246 5375 1315 5429 ciam
1342 5374 1489 5427 miserabili
1518 5374 1729 5443 depopulatione
1757 5375 1911 5429 devastare.
1943 5374 2049 5441 Quibus

393 5466 487 5521 redum
505 5463 623 5529 nurnine,
641 5462 724 5514 lilimn
750 5462 926 5529 ipsiusnraltc
955 5464 1086 5529 mulieris,
1115 5465 1189 5533 reg-ni
1246 5462 1465 5517 curnilleninrlo
1489 5480 1590 5533 pavore
1610 5463 1928 5533 pererrssus,nonarmis
1946 5480 2048 5518 oecur-

393 5554 467 5625 quidr
478 5569 503 5605 ιιι
520 5553 566 5605 ,ιιι
583 5552 681 5605 nullius
699 5551 842 5619 pullionis
860 5552 994 5605 haeredem
1018 5553 1126 5605 sortitus
1140 5560 1189 5605 est.
1246 5552 1372 5616 rerescd
1389 5551 1451 5605 dnta
1466 5551 1581 5622 pecunia
1594 5568 1692 5621 parent
1703 5551 1738 5605 ab
1752 5552 1791 5606 eis
1806 5559 1899 5622 petere
1911 5566 1966 5605 nou
1981 5569 2048 5607 ero-

393 5644 452 5710 Cni,
468 5642 530 5713 quia
546 5657 594 5711 per
607 5640 764 5711 sanguinem
781 5638 869 5693 fratris
883 5640 917 5692 ud
928 5656 1041 5710 reguum
1053 5640 1191 5710 aspiravit,
1246 5638 1359 5705 buissel,
1376 5640 1427 5709 ipsi
1442 5649 1567 5709 suscepta
1585 5640 1672 5709 pretio
1686 5642 1713 5693 in
1728 5656 1775 5693 sua
1790 5641 2001 5709 revertebantur,
2019 5650 2047 5695 ut

394 5732 473 5803 gravi
497 5729 651 5787 invectione
671 5728 798 5799 praelians
822 5728 932 5783 antistes
960 5729 1193 5784 comminatuscst
1247 5742 1361 5783 numero
1386 5743 1498 5783 snorum
1525 5728 1640 5784 adaucto
1668 5728 1816 5785 ferociores
1850 5729 1981 5798 redirent,
2015 5744 2048 5784 ac

381 5889 384 5895 ·
427 5874 448 5913 i·
462 5874 614 5929 Revoratur
628 5872 723 5927 Lector
737 5871 772 5925 ad
787 5878 864 5925 notas
879 5870 995 5925 fusiores
1008 5868 1117 5925 loannis
1131 5866 1255 5943 Saldeni5
1267 5868 1348 5924 inira.
1364 5868 1443 5924 Enrr.
