4750 6725
682 488 713 544 S.
727 482 880 541 tusrtttt
895 476 1071 536 CANTUAR.
1086 473 1246 531 lacerer.
1262 474 1339 533 OPP.
1358 475 1443 533 etus
1457 476 1505 532 lll.
1520 506 1555 518 -
1568 474 1762 534 EPlSTOLAE.
2002 480 2058 536 tae

399 499 450 553 lib

394 626 493 675 vestrae
507 609 679 670 discretionis
696 610 818 666 insemit.
845 608 905 661 Non
921 603 996 658 enini
1021 599 1194 670 mibijudico
1208 602 1235 661 Α
1250 601 1298 657 illo
1313 617 1367 656 non
1395 598 1534 667 avertatis,
1563 600 1618 655 imo
1645 616 1713 657 raro
1727 602 1784 671 (25)
1813 602 1885 673 apud
1899 601 1987 657 Deum
2003 618 2057 675 pro

396 707 545 780 quidquam
576 702 665 756 facere
693 700 771 754 aliter
797 694 910 761 vestris,
925 692 1005 745 aliter
1018 691 1100 755 meis,
1116 689 1196 743 aliter
1248 690 1308 760 ipso
1323 694 1350 745 et
1363 704 1419 753 me,
1434 698 1461 743 et
1475 688 1612 743 communi
1627 690 1732 755 sobole,
1748 700 1774 743 et
1790 690 1868 763 regni
1884 690 1967 746 nostri
1982 700 2057 747 statu

396 796 502 851 scilicet
515 790 583 847 mais
599 803 680 860 quam
695 788 764 841 meis
777 801 785 852 ;
796 783 879 840 resti-i
891 782 993 853 quippe
1006 793 1111 847 genero
1123 784 1195 841 sunt,
1248 778 1322 849 pium
1334 792 1382 832 ros
1397 777 1605 833 intercessorem
1619 774 1653 805 ‘⁴‘
1664 778 1831 834 exhibeatis.
1852 780 1947 835 Valeat
1961 788 2057 837 vestra

397 883 454 939 mei
470 879 617 950 adoptione
637 883 665 931 et
677 874 841 935 dilectione;
862 878 955 924 vestm
974 881 1040 922 vero
1056 865 1198 935 seripturae
1250 880 1360 937 semper
1374 864 1515 921 sanctitas.

396 970 546 1029 consolatio
566 964 723 1037 patientiam
752 961 818 1015 milii
846 956 1013 1019 corroborat,
1041 971 1118 1024 spem
1134 952 1198 1009 facit

399 1067 427 1115 et
440 1064 539 1121 servat,
555 1069 616 1125 quae
630 1051 736 1106 referat
750 1065 797 1105 me
806 1048 963 1110 cedentem,
977 1044 1091 1097 sustinet
1105 1041 1199 1097 laben·

395 1156 460 1211 tem,
484 1142 601 1199 laetilicat
615 1139 764 1203 dolentem,
788 1137 895 1207 mitigat
922 1135 1087 1187 irascentem
1102 1137 1198 1201 pacat-

399 1250 452 1306 que
466 1232 589 1287 lienam.
601 1229 642 1283 Ea
656 1228 721 1282 mibi
737 1240 855 1293 nemque
866 1222 1025 1292 frequenter
1038 1226 1199 1289 secretoque

401 1320 547 1379 cousulens
562 1315 677 1387 spondet
692 1314 755 1369 filias
770 1312 891 1367 reditum
917 1309 1012 1371 Patris,
1029 1306 1137 1362 ancillae
1149 1307 1200 1361 do-

400 1411 477 1475 mini,
493 1409 537 1464 ori
553 1404 682 1477 pastoris.
709 1402 832 1473 Spondet
847 1407 937 1454 autern
954 1396 1047 1451 itidem
1063 1393 1201 1449 confiden-

399 1500 435 1555 tia
450 1512 531 1570 qoam
547 1496 573 1549 iu
590 1492 758 1548 orationibus
781 1489 915 1543 bonomm
943 1488 1085 1540 bominum
1101 1483 1199 1548 babeo,

400 1597 427 1645 et
441 1582 630 1642 benevolentia
645 1595 727 1652 quam
742 1595 775 1634 ex
790 1578 875 1633 corde
895 1574 997 1630 domini
1013 1572 1067 1626 mei
1085 1571 1202 1626 solerter

401 1675 573 1745 investigans
586 1664 617 1695 ⁴¹⁸
633 1668 783 1739 perpendo.
799 1666 847 1719 Est
861 1663 936 1718 enim
951 1662 1065 1732 illierga
1080 1676 1130 1715 ros
1144 1660 1202 1713 ani·

402 1780 465 1820 mus
480 1759 659 1831 compositior
674 1772 755 1827 quarn
778 1754 901 1823 plerique
916 1750 1041 1805 homines
1054 1749 1201 1815 aestiment,

403 1854 449 1923 qui
463 1850 497 1924 [s.
513 1847 582 1903 odd.
602 1842 671 1917 Deo]
682 1850 826 1907 annuente,
838 1850 864 1895 et
876 1856 919 1893 me
930 1855 982 1910 quo
992 1847 1088 1908 potero
1102 1853 1203 1907 sugge-

1473 953 1643 1010 rrtsrota
1663 953 1761 1009 XCVII
1775 949 1818 1012 ⁴⁸².

1387 1056 1512 1096 nuenarii
1532 1057 1570 1096 an
1590 1058 1757 1097 aarainnssi
1772 1057 1913 1101 assistis.

1427 1131 1571 1185 Proximis
1586 1132 1737 1201 respondet
1753 1132 1871 1188 littaris.

1288 1218 1414 1273 Dominae
1433 1216 1593 1274 reverendae
1608 1217 1670 1273 ti'tiae
1694 1220 1873 1289 charissimae,
1900 1222 2057 1294 flammai,

1252 1306 1339 1376 gratia
1354 1307 1403 1360 Dei
1418 1306 1523 1376 ragiuae
1538 1306 1707 1377 Anglorum,
1723 1311 1888 1376 desanaus,
1904 1310 2060 1382 archiepis·

1253 1411 1336 1466 oopus
1351 1393 1561 1461 cantuariensis,
1577 1394 1658 1449 fidele
1680 1396 1830 1461 servitium,
1846 1403 1874 1453 et
1904 1398 2057 1469 orationes,

1254 1493 1279 1540 et
1292 1483 1510 1537 benedictionem
1526 1484 1587 1548 Dei,
1603 1492 1630 1538 et
1643 1499 1734 1554 suam,
1749 1485 1772 1539 si
1786 1487 1851 1554 quid
1862 1486 1947 1543 valet.

1290 1571 1397 1627 Gratias
1411 1587 1465 1642 ago
1482 1587 1616 1626 immensa
1629 1572 1784 1628 celsitudini
1812 1582 1920 1640 vestrae,
1936 1576 2061 1634 amando

1255 1675 1315 1715 eam
1331 1668 1358 1712 et
1373 1660 1476 1713 orando
1491 1674 1543 1730 pio
1555 1675 1596 1727 ca,
1612 1675 1661 1731 pro
1689 1660 1871 1717 immensitate
1893 1672 1997 1719 sanctae
2012 1664 2061 1719 di·

1255 1748 1378 1802 lectionis
1393 1757 1493 1803 vestrae
1508 1763 1575 1819 erga
1590 1749 1752 1817 parvitatem
1765 1766 1865 1815 meam,
1882 1767 1963 1821 quam
1979 1752 2060 1808 intel·

1254 1835 1347 1891 lexiin
1366 1835 1464 1889 litteris
1491 1834 1598 1889 vestris.
1629 1837 1659 1889 ln
1688 1837 1787 1907 quibus
1815 1840 1884 1893 satis
1912 1841 2060 1897 ostenditis

402 1948 491 2003 rante,
508 1937 587 1991 vobis
600 1933 647 1987 fiet
662 1931 832 1988 commodior
842 1938 923 1999 atque
932 1926 1103 1981 concordior.
1121 1922 1199 1992 Quod
1215 1953 1242 2012 B
1256 1932 1358 1994 quanto
1373 1939 1417 1977 me
1432 1920 1530 1977 olfactu
1554 1924 1688 1995 diligatis,
1718 1942 1780 1979 cum
1796 1924 1951 1983 chartulam
1967 1944 2060 1985 meam

402 2029 483 2087 robis
498 2029 526 2079 in
543 2022 672 2095 praesenti
688 2021 722 2075 de
737 2017 891 2073 redditibus
905 2015 1001 2075 restris
1015 2012 1073 2067 lieri
1089 2014 1201 2084 permit-

404 2122 444 2184 tit,
461 2118 535 2170 idem
551 2119 578 2167 et
591 2110 688 2165 melius
703 2107 875 2178 ampliusque
894 2104 922 2157 in
950 2103 1077 2168 summm,
1094 2116 1155 2156 cum
1170 2116 1203 2154 ex

401 2224 432 2261 re
451 2214 478 2260 et
506 2211 629 2270 tempore
655 2196 869 2269 postulaveritis,
897 2190 956 2247 fieri
983 2191 1128 2259 permittet.
1151 2188 1203 2244 Ubi

406 2292 531 2368 quamvis
546 2289 662 2358 amplius
677 2300 757 2354 quam
771 2297 879 2354 aequum
887 2280 1006 2348 judicem
1019 2275 1202 2350 [pcddecet]

403 2382 456 2439 sibi
471 2391 573 2442 teneat,
588 2391 638 2431 oio
652 2382 742 2427 tamen
758 2378 855 2427 vestiae
863 2370 977 2451 piatatis
987 2366 1152 2421 affluentiam
1163 2376 1202 2433 ut,

401 2470 513 2527 excluso
540 2463 731 2521 amaritudinis
769 2462 896 2514 bumanae
923 2470 1047 2520 rancore,
1065 2453 1110 2525 qni
1127 2454 1204 2508 vobis

400 2561 493 2616 inesse
503 2572 558 2612 non
575 2553 686 2617 assolet,
700 2548 854 2605 dilectionis
868 2555 967 2602 restria
980 2543 1152 2599 dulcedinem
1168 2543 1204 2597 ab

1257 2014 1356 2079 taliter,
1378 2012 1449 2065 sicut
1478 2012 1624 2080 scripsistis
1672 2053 1681 2079 ,
1708 2014 1844 2085 suscipitis
1869 2020 2058 2075 attrectatis:

1258 2100 1305 2154 ubi
1317 2108 1399 2154 etiam
1415 2100 1484 2157 adeo
1496 2116 1540 2155 me
1550 2100 1673 2171 dignatio
1682 2110 1775 2158 vestra
1795 2104 1933 2173 sublimat,
1945 2113 1974 2161 ut
1984 2108 2060 2176 quod

1258 2193 1354 2242 natura
1368 2187 1435 2242 mibi
1451 2196 1543 2260 negat,
1572 2189 1663 2257 gratis
1690 2199 1780 2245 restra
1807 2192 1917 2261 tribuat,
1932 2210 1997 2249 cum
2011 2210 2062 2251 eos

1258 2278 1302 2346 qui
1317 2278 1370 2332 mei
1385 2284 1448 2331 sunt
1461 2293 1576 2349 genere,
1592 2287 1698 2333 vestros
1712 2294 1773 2335 esse
1787 2280 1935 2351 adoptione
1949 2286 1977 2337 et
1992 2284 2063 2340 dile·

1257 2366 1347 2421 ctione
1362 2370 1531 2437 pronuntiat.
1548 2365 1626 2435 Quod
1649 2366 1788 2423 desiderio
1803 2370 1908 2426 reditus
1923 2372 1977 2426 mei
1993 2372 2062 2427 niti-

1257 2455 1322 2509 mini
1337 2453 1501 2509 cordomini
1531 2454 1584 2509 mei
1612 2455 1688 2527 regis
1713 2472 1781 2530 erga
1807 2458 1946 2531 mitigare,
1971 2459 2062 2516 facitis

1258 2543 1329 2613 quod
1346 2557 1395 2598 vos
1407 2544 1487 2599 decet
1500 2539 1531 2569 ‘⁶'
1544 2552 1571 2599 et
1585 2544 1658 2613 quod
1672 2544 1711 2598 illi
1733 2546 1864 2617 expedire
1878 2548 2014 2621 intelligo.
2031 2548 2062 2605 Si

1051 2667 1165 2723 vetite
1183 2666 1393 2721 LECTIONES.

435 2804 570 2862 ⁴⁸'tnresti
591 2803 648 2858 avit
671 2816 728 2855 ms.
769 2797 948 2867 investigans.
989 2793 1099 2851 ⁴⁸⁹Statu
1136 2808 1186 2849 ros
1222 2796 1427 2849 intercessorem
1459 2808 1512 2848 iris.
1547 2800 1615 2848 statu
1651 2792 1725 2866 pium
1751 2810 1801 2851 vos
1835 2796 2059 2857 intercessorem.

402 2880 434 2912 “¹
451 2821 631 2936 comeciam
646 2872 832 2927 mecoltatc.
869 2866 1003 2923 “¹Tnliter
1029 2865 1173 2936 scripsistis
1187 2880 1240 2921 cis.
1268 2868 1366 2934 taliter,
1396 2868 1466 2920 sicut
1487 2865 1651 2937 scripsistis.
1690 2864 2060 2943 “manducassemus

405 2968 456 3010 ros
471 2951 560 3004 decet.

1005 3032 1151 3089 toattrtts
1166 3032 1306 3089 arceant
1320 3031 1432 3088 NOTAE.

438 3170 496 3241 (25)
512 3166 591 3239 Apud
606 3166 694 3220 fleam
708 3177 758 3235 pro
773 3164 845 3235 ipro,
859 3160 1142 3223 atme‚eteommiini
1157 3173 1204 3214 so·
1219 3158 1244 3221 C
1262 3174 1317 3223 mo,
1334 3175 1378 3215 res
1391 3158 1418 3213 iii
1432 3156 1658 3219 disceptationem
1674 3158 1758 3226 venit,
1781 3173 1841 3225 nec,
1865 3159 1917 3217 nisi
1931 3162 2061 3236 legitimis

408 3244 478 3307 bole,
494 3250 546 3293 etc.
566 3238 724 3290 Communis
739 3234 782 3287 illa
802 3250 823 3285 s«
837 3235 913 3285 botes
936 3232 986 3284 fuit
1000 3231 1136 3285 bletliililis
1149 3233 1203 3283 titia

404 3309 576 3385 cognominis
593 3309 674 3377 bojas
682 3305 973 3375 llatbildisdnglorum
984 3318 1085 3374 regmae
1097 3318 1205 3370 suscep-

411 3396 438 3441 ta
451 3401 484 3440 ax
501 3381 630 3452 legitimo
648 3388 673 3431 et
689 3379 790 3446 qiudiro
812 3375 919 3430 ili-urici
934 3377 1016 3440 ltoro,
1032 3389 1086 3427 non
1101 3382 1205 3428 incesto

405 3455 561 3514 concubitu,
578 3459 606 3504 ut
620 3449 761 3502 Matthaeus
775 3448 859 3512 Puris,
884 3445 1043 3516 Polydorus,
1059 3453 1086 3498 et
1100 3444 1204 3499 Amol-

404 3530 456 3584 dus
473 3526 569 3579 Vuion.
585 3522 632 3575 iio.
649 3534 677 3574 rv
696 3521 777 3589 Ligur
794 3519 870 3580 Vitae,
887 3528 976 3586 capite
991 3521 1025 3570 ts
1039 3523 1205 3570 eossecutns

404 3593 665 3668 imprudentissime,
680 3597 852 3645 asserentes
867 3590 971 3644 incerto
986 3588 1148 3656 vulgarique
1165 3604 1206 3640 ru·

404 3672 545 3729 muscuto;
562 3667 663 3720 nullum
687 3663 758 3718 enirn
780 3661 879 3715 babeat
900 3663 1085 3714 testimouium
1105 3658 1204 3712 certius

403 3757 485 3814 qoam
500 3741 601 3793 verbo:
617 3737 698 3789 Aiunt
712 3731 844 3796 nonnulli,
868 3732 1012 3802 perbibent
1032 3743 1095 3794 etc..
1111 3731 1203 3798 sicque

405 3814 479 3867 aiunt
495 3834 506 3858 a
521 3807 679 3863 Mattiildem
695 3809 767 3858 inter
790 3805 939 3857 monaclios
964 3800 1161 3854 Wiltonicnses
1177 3807 1205 3854 ct

404 3883 599 3938 Rumesieuses
626 3877 762 3941 nutritam,
801 3874 954 3938 virginitate
980 3873 1037 3940 jem
1066 3870 1201 3934 dedicata,

404 3961 529 4010 coactam
543 3958 569 4003 et
584 3952 745 4018 agnatorum
771 3945 908 4013 precibus,
938 3951 964 3996 et
979 3941 1044 3995 novi
1058 3942 1132 4011 regis
1145 3943 1201 3993 iin-

406 4032 521 4094 portono
537 4034 640 4079 amore,
657 4014 793 4085 nupsisse,
805 4023 915 4082 tumque
925 4011 1104 4080 diiisprolem
1120 4013 1202 4064 deivo-

406 4097 491 4157 visse,
508 4092 626 4159 siquam
643 4087 758 4151 ederet;
787 4086 972 4155 accidisseqne
1000 4099 1031 4136 eri
1060 4082 1202 4153 genitricis

405 4173 470 4220 roto
484 4160 559 4234 quod
574 4159 743 4213 Willelmum
761 4155 843 4209 lilium
871 4156 898 4208 in
913 4153 1039 4224 angliam
1069 4153 1201 4206 transfre-

407 4244 511 4291 tantem
528 4247 605 4285 more
623 4230 806 4294 absorbuerit,
821 4235 847 4280 et
861 4226 961 4279 sinistri
976 4225 1106 4278 bellorum
1121 4240 1201 4277 even-

408 4317 448 4363 tus
458 4303 607 4374 eripuerint
621 4301 728 4386 Anglrae
740 4314 853 4370 regnum
870 4296 988 4351 llatliildr
1005 4293 1067 4349 liure
1081 4295 1117 4349 ab
1132 4296 1203 4348 llan-

406 4378 462 4433 rico
479 4379 610 4430 relietum.
625 4393 636 4422 a
653 4371 779 4442 ligregiae
803 4369 923 4439 profecto
949 4366 1138 4429 divinationes,
1155 4372 1203 4420 aut

405 4450 495 4578 Boline
510 4445 618 4514 ingenia
634 4455 697 4498 recti
711 4443 802 4495 iteris.
818 4441 873 4494 Sed
888 4438 923 4492 ud
938 4454 1008 4492 rem.
1024 4438 1091 4505 Quis
1106 4438 1201 4491 credat

1260 3232 1372 3285 testibus
1386 3232 1524 3300 productis
1540 3229 1586 3301 qui
1598 3244 1657 3284 eam
1672 3230 1798 3299 jurarent
1813 3232 1872 3287 sine
1884 3236 2061 3313 professione

1259 3316 1341 3357 causa
1357 3317 1498 3373 procerum
1514 3303 1604 3354 velum
1619 3301 1754 3373 gessisse,
1771 3304 1994 3376 archiepiscopus
2007 3308 2061 3363 ad-

1259 3373 1322 3428 duci
1345 3374 1431 3442 potuit
1456 3373 1489 3426 ad
1517 3375 1782 3428 consentiendum.»
1806 3373 1851 3430 Sic
1882 3377 1929 3431 ille
1953 3379 2000 3450 qui
2024 3395 2060 3436 irc

1260 3444 1402 3500 verbulum
1419 3443 1527 3526 quidem
1543 3444 1623 3497 babet
1637 3444 1721 3498 rotie
1749 3445 1877 3502 llatbilde
1893 3447 1996 3516 violati,
2010 3451 2060 3506 scd

1259 3531 1294 3570 ne
1324 3524 1435 3584 praestiti
1463 3515 1585 3584 quidam,
1612 3522 1658 3568 aot
1686 3525 1833 3571 exsecratae
1860 3519 1974 3584 sobolis,
2002 3521 2060 3577 imo

1260 3586 1409 3658 legitimum
1438 3585 1576 3655 appelavit
1600 3586 1775 3648 connubium,
1805 3595 1831 3642 et
1852 3589 1926 3658 pepli
1941 3592 2060 3664 virginei

1258 3657 1415 3728 aliquaiiiliu
1431 3658 1528 3728 gestari
1544 3671 1657 3710 causam
1672 3657 1790 3711 reddens
1817 3674 1928 3731 gmvem
1944 3677 1998 3716 non
2015 3661 2059 3718 la-

1258 3744 1329 3782 mam
1346 3731 1516 3798 popularem.
1535 3727 1651 3781 l'loreiit.
1675 3728 1876 3799 Wigoriiieiis„
1892 3731 2059 3789 Guillelmus

1259 3799 1480 3862 Gamiiieiieans,
1511 3799 1645 3852 Heniicus
1667 3798 1825 3868 tlunudoii,
1843 3806 1963 3872 aquales
1984 3805 2060 3859 Mal-

1258 3871 1436 3925 masberieusi
1452 3885 1486 3924 ne
1500 3871 1534 3924 de
1550 3869 1656 3924 somnio
1671 3872 1779 3938 quidem
1796 3870 1875 3939 bujus
1891 3875 1990 3930 tabula
2004 3891 2060 3930 me·

1254 3941 1370 4010 minere,
1385 3957 1430 4012 qui
1446 3941 1514 3993 alias
1531 3940 1564 3994 de
1580 3940 1709 3996 llatbilde
1737 3942 1855 3997 breviter
1867 3952 1910 3999 est
1925 3948 2057 4014 praeclarc

1256 4013 1423 4066 locutisimt.
1441 4011 1528 4081 Ipsius
1557 4027 1666 4080 quoque
1694 4011 1830 4066 blatliildis
1859 4017 2055 4085 testimonium,

1257 4093 1284 4136 ut
1313 4099 1388 4136 suani
1419 4091 1597 4152 persequetur
1622 4081 1760 4150 injuriam,
1790 4094 1930 4154 preterire
1956 4089 2057 4159 religio

1256 4153 1321 4207 mibi
1337 4163 1392 4216 est:
1409 4153 1505 4222 poterit
1519 4155 1591 4206 enim
1611 4154 1700 4207 audiri
1717 4169 1771 4208 non
1784 4163 1813 4208 ut
1827 4159 1990 4220 accusatrix,
2007 4159 2059 4214 sed

1256 4232 1285 4279 ut
1300 4233 1384 4278 testis.
1401 4227 1445 4278 eii
1460 4239 1526 4295 ergo
1540 4223 1646 4284 epistol.
1660 4228 1694 4278 55
1702 4241 1800 4296 supra:
1820 4249 1832 4274 a
1851 4227 1935 4297 Cujus
1946 4233 2058 4300 (nempe

1256 4295 1391 4366 Anselmr)
1407 4312 1464 4348 sum
1482 4295 1672 4350 benedictione
1691 4295 1716 4348 in
1734 4297 1883 4368 legitimum
1913 4303 2058 4355 matrimo-

1256 4365 1330 4420 nium
1346 4375 1461 4430 sacrata,
1485 4367 1560 4436 cujus
1576 4367 1701 4435 precibus
1715 4365 1741 4419 in
1771 4368 1874 4423 coelesti
1890 4371 1981 4436 gloria
1997 4372 2056 4428 Deo

1256 4446 1391 4492 annuente
1405 4437 1571 4492 coronanda.
1581 4460 1591 4484 a
1610 4438 1667 4492 Nec
1683 4439 1782 4492 borum
1797 4439 1944 4494 verborum
1955 4443 2057 4498 imme·

433 4563 439 4574 .
456 4521 622 4581 Ausetmnm,
645 4515 731 4568 virum
756 4513 872 4566 llattliaei
896 4510 1011 4571 Paridis,
1038 4508 1160 4579 Polydori
1177 4517 1203 4563 et
1217 4513 1242 4573 D
1258 4524 1318 4561 nior
1330 4507 1475 4563 Anseluius
1491 4510 1524 4562 ud
1536 4509 1657 4562 eamdem
1669 4510 1832 4578 rescribens,
1849 4512 1952 4582 inquit:
1972 4515 2057 4570 «Me.

404 4591 521 4648 Vuionis
533 4587 635 4656 iudicio
647 4584 864 4656 integerrimum,
889 4591 943 4635 tam
959 4579 1092 4633 nefandas
1106 4579 1200 4634 conci-

404 4663 487 4719 liasse
502 4659 631 4729 nuptias‘l
646 4657 739 4725 Quare
752 4655 813 4708 idos
828 4670 862 4707 ne
877 4654 925 4721 pili
942 4651 1050 4720 quidem
1067 4652 1158 4705 bacin
1173 4666 1204 4705 re

405 4734 486 4797 facio,
502 4742 558 4787 tum
574 4729 657 4802 quod,
673 4737 702 4781 ut
720 4726 848 4789 diximus,
866 4739 897 4779 ex
915 4722 1021 4792 plebeia
1036 4720 1118 4783 fanin,
1131 4723 1202 4790 (quae

404 4805 502 4861 crebro
516 4805 633 4856 mendax
647 4801 698 4867 est)
713 4798 866 4867 loquantur,
879 4802 933 4847 tum
945 4793 1017 4864 quod
1027 4793 1069 4845 oio
1081 4793 1202 4864 quadra-

426 4879 497 4930 iotos
512 4881 571 4944 post
584 4871 753 4930 ttoselinum,
773 4868 819 4922 illa
832 4873 940 4922 centum
962 4872 989 4917 et
1004 4863 1099 4934 viginti
1114 4878 1203 4917 annos

405 4893 525 5003 ilenrico
540 4945 576 4996 lll
604 4958 670 5013 rege
692 4939 842 5008 scripserit.
872 4937 984 4990 Praestat
999 4935 1082 5006 igitur
1109 4934 1203 5014 audire

405 5019 557 5085 scriptores
586 5027 675 5067 rorum
700 5019 836 5081 gestarum
866 5011 1044 5078 synchronos,
1073 5012 1101 5058 et
1114 5020 1202 5075 primo

405 5083 678 5144 llalmesburiensem
693 5078 926 5135 bibliothecarium
940 5077 1062 5131 italib.v
1077 5076 1115 5129 lle
1131 5077 1201 5148 regi·

407 5160 459 5213 bus
475 5158 628 5227 Anglorum
641 5155 811 5224 loquentem:
831 5171 841 5198 a
852 5149 909 5204 Nec
918 5147 1002 5202 multo
1012 5150 1200 5218 postsuadeu-

406 5230 483 5284 tibus
495 5227 600 5287 aniicis,
626 5240 657 5278 ac
685 5223 802 5276 maxime
831 5219 1013 5290 pontificibus,
1041 5226 1069 5271 ul
1097 5225 1201 5273 remota

406 5301 543 5368 voluptate
557 5295 683 5367 pellicum
706 5293 855 5364 legitimum
870 5291 1080 5360 amplecteretur
1093 5303 1199 5343 conuu-

404 5372 490 5436 bium,
506 5369 551 5424 die
565 5369 652 5421 sancti
679 5363 784 5417 Martini
812 5363 916 5442 accepit
944 5361 1101 5414 ltatbililem
1116 5358 1198 5414 filiam

404 5440 540 5497 llalcolini
556 5440 630 5510 regis
657 5436 812 5498 Scotorum,
841 5448 921 5502 cuyus
935 5433 1019 5487 amori
1031 5432 1199 5502 jampridem

404 5513 524 5567 animum
546 5509 700 5576 impulerat.
730 5505 932 5576 pariipeudens
960 5503 1064 5556 dotales
1079 5503 1197 5570 diritius,

404 5583 552 5640 dummodo
571 5582 620 5634 diu
648 5579 750 5645 cupitis
776 5575 907 5645 potiretur
933 5573 1137 5641 amplexibus·
1164 5573 1199 5628 Et

404 5671 495 5712 rursus
509 5668 570 5722 pag.
588 5653 632 5714 9⁹2,
649 5647 702 5703 iao.
720 5649 738 5701 2
752 5655 780 5698 ct
794 5649 846 5698 93:
867 5667 878 5692 a
895 5645 925 5700 lli
944 5644 1076 5714 ignobiles
1091 5645 1199 5715 nuptias

405 5732 546 5796 respueret
573 5721 710 5791 (videlicet
732 5717 879 5784 diethildis)
906 5714 1047 5785 plusquam
1077 5717 1199 5772 semela

404 5805 480 5870 patre
507 5796 623 5857 oblatas,
649 5790 757 5861 peplum
784 5797 885 5841 sanctae
913 5785 1090 5855 professionis
1117 5787 1199 5841 iudex

404 5866 536 5946 gestavit.
553 5865 728 5937 Quapmpter
738 5873 802 5916 cum
813 5858 1022 5932 raxausoiperat
1035 5873 1097 5915 eain
1111 5857 1199 5915 mela·

1257 4595 1316 4633 mor
1330 4591 1370 4634 est
1384 4579 1503 4650 benigna
1518 4587 1610 4634 vesti-a
1620 4578 1743 4649 dignatio
1753 4582 1780 4635 iu
1794 4581 1912 4651 epistola
1923 4599 1970 4638 aua
1982 4587 2058 4654 quod

1258 4666 1305 4720 per
1320 4666 1363 4705 me
1378 4651 1412 4704 sit
1427 4657 1513 4704 vietm
1538 4650 1668 4705 celsitudo
1683 4653 1709 4704 iri
1729 4652 1888 4723 conjugium
1904 4654 2057 4726 legitimum

1257 4723 1435 4790 desponsata,
1452 4731 1476 4776 et
1493 4721 1525 4775 ad
1548 4721 1624 4792 regni
1648 4721 1838 4777 sublimitatem
1864 4739 1907 4779 me
1929 4736 2057 4784 sacrante

1256 4801 1394 4848 coronata.
1416 4815 1427 4840 r·
1462 4791 1508 4847 Sic
1538 4792 1682 4846 dnselmus
1713 4791 1791 4862 cujus
1821 4796 1915 4850 verbis
1943 4797 1966 4852 si
2000 4815 2058 4855 non

1256 4869 1384 4918 accredat
1399 4863 1469 4935 quis,
1487 4863 1681 4933 impudentiam
1704 4864 1792 4935 ipsam
1809 4865 1885 4921 illum
1898 4867 1961 4938 jure
1976 4873 2058 4928 voci·

1256 4935 1334 4988 toris.

1291 5003 1343 5060 Sed
1360 5019 1410 5060 nac
1429 5004 1455 5058 in
1481 5003 1601 5058 animuin
1629 5003 1760 5061 inducere
1786 5020 1897 5077 possum
1914 5007 2056 5082 virginem

1255 5075 1454 5131 sanctissimam
1469 5083 1495 5130 et
1510 5075 1655 5147 singularis
1675 5076 1825 5146 pudicitiae,
1842 5085 1865 5133 si
1880 5087 1944 5135 voto
1961 5083 2057 5140 luisset

1255 5147 1394 5208 obstricta,
1420 5156 1475 5200 tam
1507 5146 1622 5200 nefando
1650 5161 1844 5203 consensuram
1861 5153 2051 5211 matrimonio.

1254 5217 1312 5271 lam
1325 5233 1388 5273 vero
1403 5219 1448 5288 qui
1464 5217 1556 5272 credat
1573 5232 1633 5272 eam
1662 5219 1734 5272 male
1759 5219 1937 5290 imprecatum
1953 5227 2054 5295 soboli,

1254 5303 1314 5372 curii
1332 5289 1453 5414 Ayiselmi
1464 5303 1559 5360 preces
1574 5287 1722 5344 liislitteris
1736 5287 1887 5362 efflagitent
1900 5309 1950 5363 pro
1965 5297 2055 5355 salute

1254 5375 1340 5430 ipsius

1289 5428 1368 5499 Quod
1384 5429 1492 5485 tandem
1511 5429 1587 5484 l‘aris
1609 5438 1635 5485 et
1657 5429 1807 5502 Polydorus
1832 5431 1990 5504 opinantur,
2014 5438 2052 5494 ad

1253 5517 1312 5554 rem
1329 5517 1405 5556 suam
1419 5501 1508 5556 lacere
1531 5501 1661 5556 Witlelmi
1677 5503 1815 5558 llattiildis
1829 5503 1876 5559 lilii
1891 5509 1990 5562 exitum
2008 5509 2054 5564 in-

1254 5571 1371 5636 felicem,
1396 5583 1422 5626 et
1450 5573 1576 5644 angliam
1604 5573 1726 5628 blatbildi
1755 5573 1817 5630 lilia
1844 5587 1963 5647 ereptam
1981 5581 2051 5637 nibil

1253 5659 1352 5710 moror,
1367 5657 1428 5698 cuin
1445 5661 1487 5712 eu,
1502 5645 1600 5715 quinus
1614 5644 1732 5698 murima
1755 5644 1951 5716 incumberent,
1967 5665 2051 5706 ever·

1252 5717 1339 5778 terim,
1360 5723 1501 5770 contentus
1516 5714 1654 5771 Matbildis
1676 5718 1860 5773 innocentiam
1883 5717 1912 5774 in
1933 5723 2050 5784 beneito

1251 5801 1446 5860 pmpugnasse.
