4750 6725
331 562 385 620 tat

959 572 1024 628 tto.
1045 572 1091 640 lll,
1110 571 1220 628 EPIST.
1241 572 1376 628 LXXXV.

1936 572 1987 632 tta

331 687 437 742 ansila
454 686 576 746 Gerardo
585 691 790 765 archiepiscopo
808 693 975 751 Eboracensi
990 697 1136 753 uoudeheu
1151 697 1178 758 Α
1195 706 1287 752 contra
1304 696 1476 753 adversarios
1489 697 1548 766 ejus
1564 698 1631 753 siout
1646 696 1684 753 illi
1699 697 1855 755 mandatum
1871 706 1922 763 est,
1937 699 1988 755 de-

330 775 360 829 in
376 776 425 831 tali
440 793 469 832 re
482 777 584 848 aliquid
600 780 700 836 absens
714 782 749 837 de
770 783 883 838 absente
898 793 923 839 et
949 786 1069 840 inaudito
1085 788 1136 841 de-

332 864 424 929 finire,
440 868 591 936 praesertim
607 886 669 923 cum
684 871 743 941 ipse
758 873 861 927 crimen
876 874 978 927 illatum
995 881 1096 945 neget,
1113 882 1139 929 et

336 954 402 1008 ideo
417 971 471 1009 nou
486 957 574 1010 audeo
588 958 655 1013 dare
670 960 872 1025 consiliumne
888 962 1030 1017 consilium
1046 979 1137 1017 meum

335 1042 479 1113 abaliquo
501 1060 551 1113 pro
566 1044 724 1103 definitione
739 1050 898 1118 accipiatur.
926 1048 1101 1122 Quapropter
1113 1053 1138 1105 si

332 1131 415 1185 robis
429 1131 545 1199 videtur,
561 1133 596 1189 da
609 1135 663 1191 hoe
676 1136 749 1206 apud
764 1153 870 1207 regem,
888 1139 999 1194 omniuo
1022 1156 1057 1194 ex
1076 1154 1138 1194 mea

335 1227 423 1289 parte,
449 1220 502 1275 nisi
524 1221 585 1292 ipse
611 1225 725 1279 arabis
754 1226 937 1295 requisiverit,
963 1228 1035 1297 quod
1059 1227 1138 1283 robis

333 1306 449 1377 mando,
465 1308 489 1363 si
506 1309 603 1364 melius
619 1326 673 1366 nou
698 1314 822 1383 potestis,
842 1316 1014 1386 respondete.
1032 1316 1071 1369 De
1091 1314 1137 1371 lite

330 1411 396 1466 qare
410 1404 453 1451 est
467 1395 538 1451 inter
552 1408 664 1454 nostros
675 1408 702 1455 et
717 1401 841 1456 homines
855 1403 967 1458 Roborti
982 1404 1015 1457 de
1030 1405 1137 1459 aionie-

329 1484 409 1543 iorti.
418 1501 518 1554 precor
528 1493 555 1540 ut
566 1486 673 1542 iactatis
684 1505 732 1560 per
742 1506 847 1562 regem,
856 1500 884 1544 ut
901 1500 947 1545 aut
955 1508 1009 1562 pax
1020 1492 1136 1565 integra,

327 1580 375 1626 aut
391 1574 486 1629 treriae
497 1573 528 1603 “⁸
544 1575 619 1631 inter
634 1593 692 1643 cos,
706 1580 795 1634 donec
806 1580 926 1646 redeam,
939 1590 1087 1649 ponantur.
1098 1584 1137 1637 De

327 1663 458 1717 omnihus
472 1663 572 1717 nostris
595 1666 676 1719 rebus
701 1666 773 1722 intus
796 1676 822 1722 et
845 1668 923 1734 ioris,
942 1686 1045 1738 curam,
1061 1670 1130 1726 sicut

325 1750 461 1805 hactenus
476 1752 590 1821 lecistis,
606 1752 847 1811 habeatisetsicut
867 1757 942 1812 scitis
953 1774 996 1812 me
1011 1760 1039 1812 iri
1051 1759 1129 1813 vobis

325 1837 479 1905 confidere,
495 1856 605 1909 precor.
626 1842 667 1897 [la
682 1842 762 1897 rebus
776 1860 808 1899 ac
833 1843 936 1900 t'amilia
950 1847 1060 1903 Hoberti
1075 1865 1128 1901 nu·

326 1926 395 1982 tritii
409 1929 505 1997 vestri,
521 1929 568 2000 qui
582 1945 690 1986 mecum
703 1940 755 1998 eat,
767 1932 870 2004 gratias
880 1948 944 2007 ago,
956 1941 1084 2006 quoniam
1095 1951 1128 1991 ea

1191 786 1316 852 lenditis;
1333 796 1358 841 et
1371 786 1565 841 instantissime
1591 803 1687 856 precor
1711 795 1739 840 ut
1760 788 1851 841 omnia
1874 804 1934 856 quae
1953 787 1988 842 ad

1191 874 1266 929 illtim
1295 876 1429 944 pertinent
1450 880 1542 945 quieta
1564 890 1674 929 manere
1697 876 1807 929 omnino
1832 875 1945 937 faciatis,
1962 882 1988 931 et

1191 962 1244 1019 hoc
1258 963 1345 1031 ipsum
1359 963 1505 1017 Giiillelmo
1521 964 1554 1017 de
1571 964 1725 1019 lletestaute
1742 980 1774 1017 ex
1787 980 1845 1017 mea
1860 972 1886 1018 ot
1899 972 1989 1018 vestra

1189 1059 1267 1122 parte
1277 1052 1453 1121 praeripiatis.
1472 1051 1537 1105 Dico
1550 1052 1621 1106 enim
1632 1052 1709 1107 vobis
1720 1054 1785 1121 quia
1798 1052 1870 1107 malo
1881 1052 1908 1106 in
1920 1051 1987 1107 mels

1191 1139 1307 1209 propriis
1322 1156 1402 1211 quam
1418 1141 1443 1193 iii
1459 1140 1519 1209 ejus
1537 1140 1618 1195 rebus
1632 1140 1748 1210 aliquam
1765 1141 1822 1211 pati
1845 1139 1983 1208 injuriam.

1190 1230 1249 1283 Deo
1264 1235 1408 1294 annuente,
1422 1236 1483 1282 ante
1498 1230 1719 1299 assumptionem
1735 1233 1838 1284 sauctae
1849 1228 1986 1284 Harimde

1191 1318 1277 1371 Becco
1291 1316 1427 1387 proticisci
1444 1316 1516 1383 volo,
1533 1325 1557 1371 et
1579 1317 1605 1369 iii
1623 1316 1766 1371 festivitate
1782 1317 1853 1385 apud
1878 1318 1985 1371 Carnu-

1191 1414 1245 1459 tum
1270 1422 1347 1472 esse,
1372 1414 1397 1459 et
1422 1406 1529 1469 deinde,
1547 1405 1616 1459 sicut
1636 1405 1710 1459 Deus
1734 1405 1870 1475 disponet,
1889 1404 1985 1459 vestris

1191 1493 1358 1548 orationibus
1373 1493 1611 1565 prosequentibus,
1627 1494 1677 1547 iter
1691 1498 1814 1547 nostrum
1834 1508 1982 1563 peragere.

1192 1580 1273 1649 Quod
1297 1582 1417 1636 nonnulli
1443 1598 1485 1635 iiie
1514 1581 1716 1650 reprehendunt
1744 1580 1778 1635 de
1807 1580 1986 1635 familiaritate

1184 1686 1266 1741 quam
1286 1670 1377 1724 ‘liabeo
1399 1670 1432 1723 aii
1455 1670 1517 1724 illos
1540 1686 1608 1739 quos
1635 1685 1683 1723 rex
1698 1684 1751 1723 non
1773 1668 1872 1740 diligit,
1890 1671 1987 1724 scitota

1183 1760 1246 1829 quia
1263 1758 1330 1812 nibil
1346 1758 1416 1813 facio
1430 1765 1521 1813 contra
1536 1758 1667 1812 bonorem
1684 1757 1745 1826 ejus
1759 1764 1805 1809 aut
1819 1758 1890 1811 iinda
1899 1756 1975 1825 justa

1182 1846 1347 1916 reprehendi
1362 1847 1487 1901 debeam.
1506 1848 1614 1916 Propter
1629 1862 1703 1899 rixas
1718 1862 1780 1915 quae
1794 1844 1860 1899 fiunt
1874 1844 1909 1899 de
1924 1859 1976 1900 ec·

1182 1934 1267 1990 alesia
1289 1934 1322 1989 de
1344 1936 1459 2009 Hergas,
1473 1933 1568 2003 jubete
1591 1929 1752 1991 aodutto‘t
1775 1932 1923 2004 preposito
1946 1938 1975 1989 ιι

989 2050 1104 2107 VthAE
1123 2050 1328 2107 [ECTlONES.

365 2130 453 2189 “Aut
468 2140 560 2191 tretnae
572 2151 628 2191 mr.
648 2143 694 2191 ant
708 2136 813 2195 trevia.
831 2137 1008 2209 Μιιιιιιοιριιο
1022 2156 1078 2195 mr.
1099 2140 1256 2210 liudulpho.

934 2235 1082 2292 toitttttts
1103 2235 1240 2291 atcaattt
1259 2234 1372 2291 NOTAE.

329 2317 472 2373 Habet-tus
498 2319 607 2392 legatas
634 2330 704 2386 tuus,
739 2323 867 2396 religiose
895 2324 984 2392 Pater,
1018 2325 1052 2379 ad
1087 2324 1172 2387 meB
1224 2323 1477 2393 Hemoscotigitur,
1494 2340 1545 2379 seu
1570 2326 1708 2388 Homscot,
1724 2334 1766 2379 est
1789 2338 1908 2381 annuum
1932 2338 1982 2378 tie·

327 2390 446 2445 veniens
459 2406 493 2445 ex
508 2400 555 2446 tua
588 2403 644 2448 arte
660 2410 702 2449 mc
716 2395 859 2449 admonuit
881 2408 1015 2467 quatenus
1040 2396 1089 2449 tibi
1104 2403 1132 2451 et

329 2463 539 2517 mceessorttins
561 2410 718 2519 afdetitaiern
748 2464 876 2534 iacerem,
903 2476 930 2520 ct
956 2467 992 2521 de
1016 2468 1130 2538 pecunia

329 2549 415 2602 quam
437 2541 624 2589 antecessores
645 2539 699 2590 mei
721 2537 756 2590 ad
780 2536 862 2592 Hom.
889 2538 997 2592 Eccles.
1023 2538 1131 2593 mittere

328 2604 468 2672 solebant,
483 2606 580 2659 melius
596 2607 754 2678 cogitarem.
782 2608 867 2663 Urium
893 2608 999 2670 admisi,
1014 2609 1130 2663 alterum

328 2688 386 2728 non
401 2674 510 2729 admisi.
527 2676 695 2731 fidelitatem
711 2677 800 2733 lacere
814 2678 899 2739 nolui,
916 2695 966 2733 nec
982 2679 1131 2749 coloquio

329 2760 384 2799 nec
397 2761 453 2818 ego
467 2747 593 2815 promisi,
610 2763 661 2803 nec
675 2757 863 2805 antecessores
878 2765 954 2804 meos
969 2760 1129 2805 antecesso-

329 2816 410 2870 ribus
424 2819 478 2871 tuia
492 2818 519 2871 id
535 2818 630 2873 iecisse
644 2821 791 2889 comperio.
814 2821 929 2875 Pecunia
943 2821 1027 2875 tribus
1043 2820 1130 2876 ferme

328 2892 421 2950 annis,
445 2888 473 2942 io
494 2886 592 2944 Galliis
613 2906 656 2945 me
685 2901 792 2962 agente,
824 2893 995 2963 negligenter
1016 2892 1130 2947 collecta

328 2965 382 3013 est.
404 2958 484 3014 Nune
507 2976 573 3015 vero
587 2959 681 3014 divina
707 2961 893 3016 misericordia
909 2979 952 3016 me.
967 2963 993 3015 iu
1015 2979 1129 3027 regnum

329 3044 426 3083 meum
440 3045 566 3100 reverso,
592 3032 667 3102 qaod
689 3034 833 3087 collectum
853 3040 895 3086 est
919 3049 968 3104 per
986 3033 1130 3101 praeiatum

330 3099 452 3171 legatum
467 3101 594 3165 mittitur;
611 3111 637 3156 at
650 3104 723 3171 quod
739 3104 872 3173 reliquum
887 3115 938 3169 est,
960 3120 1010 3174 per
1024 3107 1130 3175 legatos

329 3170 479 3227 lantranci
501 3172 701 3242 archiepiscopi
724 3173 812 3229 tidelis
833 3177 927 3243 nostri,
943 3192 1004 3228 cuin
1028 3189 1128 3246 oppor-

330 3250 428 3296 tunam
442 3240 533 3309 inerti,
547 3244 756 3298 transmittetur.
773 3244 855 3299 Orate
872 3262 920 3313 pro
936 3245 1022 3312 nohis,
1039 3255 1064 3299 et
1081 3262 1129 3314 pro

330 3322 404 3368 statu
432 3314 510 3386 regni
538 3315 635 3380 nostri,
661 3317 722 3385 quia
751 3323 936 3371 antecessores
959 3326 1062 3371 vestros
1089 3318 1127 3372 di·

330 3385 460 3449 ierimus,
483 3393 510 3440 et
538 3401 587 3440 tos
607 3403 664 3458 prae
686 3387 812 3441 omnihus
835 3388 939 3442 sincere
961 3388 1080 3457 dilegere
1101 3393 1128 3443 el

331 3456 494 3511 obedienter
507 3459 603 3512 audire
626 3458 827 3512 desideramus.
849 3480 860 3506 i
884 3459 1031 3529 Hucusque
1053 3459 1127 3514 Giiil-

330 3527 409 3583 lelmi
423 3527 527 3594 littere,
543 3545 611 3600 quas
625 3530 694 3584 inter
715 3530 860 3585 lantranci
884 3532 1014 3599 epistolas
1034 3537 1129 3584 nactus

330 3615 406 3652 sum.

368 3669 424 3723 Sed
448 3668 622 3724 Guillelmum
645 3669 787 3741 scripsisse
814 3669 942 3740 Gregorii
969 3669 1065 3725 litteris
1091 3671 1167 3744 oric

330 3748 474 3810 parentem
488 3741 516 3793 in
538 3741 636 3812 quihus
657 3741 698 3796 sic
711 3757 773 3795 cum
795 3750 937 3795 monuerat
955 3757 1030 3796 aurio
1060 3745 1127 3796 tots

331 3827 362 3866 xi
376 3811 470 3865 Nonas
492 3812 601 3880 aprilis,
617 3811 764 3867 indictione
789 3827 827 3865 xu
849 3826 882 3868 :-
904 3812 995 3866 liebus
1017 3813 1126 3867 veros.

333 3883 417 3943 Petri,
448 3882 551 3952 quaeia
574 3882 672 3953 anglia
695 3883 871 3954 colliguntur,
901 3883 940 3937 sio
968 3891 994 3936 te
1021 3887 1049 3937 ut
1077 3886 1129 3937 tuis

333 3953 478 4022 invigilare
501 3953 690 4022 admonemus,
712 3954 751 4007 sio
775 3953 928 4007 liberalitati
955 3960 1007 4008 tuae
1029 3962 1056 4007 ut
1077 3962 1129 4008 tuae

332 4024 538 4088 committimus,
555 4030 584 4076 ut
599 4025 672 4093 pium
688 4032 714 4077 et
738 4024 885 4094 propitium
908 4025 1058 4078 debitorem
1077 4025 1128 4078 Pe-

333 4102 405 4148 arum
431 4096 561 4163 reperias,
590 4102 615 4149 et
642 4111 704 4148 eum
725 4095 772 4149 tibi
800 4111 834 4148 ex
861 4093 953 4148 debito
979 4095 1127 4150 subvenire

333 4165 493 4229 admoneas,
503 4181 583 4234 quem
599 4164 651 4219 sibi
664 4165 747 4220 multa
757 4173 780 4218 te
794 4164 924 4219 tribuisse
935 4181 987 4220 non
995 4166 1100 4220 latebit.
1114 4186 1126 4216 i

369 4236 482 4290 Huberti
496 4251 562 4290 vero
575 4236 717 4305 apostolici
732 4235 758 4288 iri
774 4236 902 4318 Angliiim
926 4237 1007 4308 legati
1022 4237 1056 4290 ad
1068 4239 1127 4291 col-

330 4305 475 4378 ligendum
498 4306 552 4360 diii
580 4307 650 4361 l’etri
675 4308 743 4361 recti
766 4307 801 4366 al,
818 4309 846 4360 ht
869 4307 969 4361 mentio
993 4309 1072 4377 epist.
1094 4311 1128 4363 32

330 4377 380 4432 liti.
410 4393 441 4446 it,
471 4385 498 4433 et
524 4379 559 4431 42
588 4377 637 4430 lib.
670 4391 710 4431 iit.
740 4323 819 4445 5uod
847 4384 938 4430 autem
968 4377 1128 4432 Giiillelmus

329 4449 471 4503 Dauorum
496 4447 557 4513 lege
582 4447 664 4517 pendi
689 4462 807 4503 marcam
830 4447 1015 4502 dimiditatam
1042 4449 1126 4516 jubet,

329 4521 441 4574 ridetur
463 4519 670 4588 intelligendum
692 4520 725 4572 de
745 4519 858 4590 regibus
886 4519 980 4581 Danis,
1011 4521 1056 4588 qui
1079 4535 1128 4590 per

329 4590 436 4662 aliquot
463 4605 551 4644 anuos
578 4590 657 4656 regui
684 4590 793 4660 anglici
821 4588 941 4644 habenas
973 4598 1125 4644 tennerunt.

290 4691 294 4694 ·
329 4659 454 4729 Quorum
471 4677 548 4717 unus.
569 4676 668 4726 nempe
682 4661 805 4714 Kariatas
829 4661 932 4729 primus
953 4676 1002 4714 rex
1024 4661 1125 4725 Daciae,

328 4731 476 4802 norvegiae
498 4741 525 4787 et
540 4731 658 4796 Augila,
675 4739 812 4784 revertens
828 4731 922 4798 Roma,
939 4746 1018 4798 quam
1043 4732 1127 4799 petie-

329 4812 373 4856 rat
387 4804 444 4856 voti
459 4817 553 4865 causa,
567 4817 639 4856 antio
661 4803 730 4856 {030
746 4800 848 4855 litteras
861 4801 895 4854 ad
918 4801 1023 4871 hagios
1040 4802 1125 4867 dedit,

328 4874 496 4943 precipiens
511 4872 668 4928 uuiversum
683 4888 723 4926 tes
742 4872 862 4926 alienum
885 4872 956 4926 soliti
969 4879 1031 4926 ante
1051 4872 1126 4928 redi·

328 4953 390 4998 tum
408 4959 507 4999 suurn:
532 4944 670 5012 elinquit,
700 4942 840 5001 denarios.
861 4958 928 5013 quos
955 4944 1061 4998 Roman
1088 4943 1125 4999 od

1185 2395 1266 2466 ctigal
1278 2396 1349 2465 ¹{itud
1360 2411 1438 2467 reges
1452 2398 1557 2466 dugliae
1568 2396 1741 2467 pensitabant
1755 2396 1894 2451 annuatim
1904 2410 1982 2448 sum-

1184 2467 1236 2519 mis
1262 2466 1435 2535 pontificibus
1457 2467 1603 2535 Romanis;
1626 2483 1739 2536 eamque
1763 2467 1798 2522 ob
1822 2482 1881 2519 rem
1900 2464 1981 2536 angli

1185 2540 1333 2590 vernacule
1358 2538 1530 2606 appellebant
1559 2540 1710 2611 Pitrcpciis
1735 2539 1776 2593 rel
1802 2539 1978 2607 Pttrcpaoce‚

1184 2608 1261 2678 qnasi
1276 2624 1391 2677 pensum
1415 2624 1461 2662 seu
1488 2608 1629 2663 denarium
1655 2610 1741 2673 Petri,
1758 2616 1785 2662 ut
1807 2609 1918 2676 epistol.
1946 2609 1979 2661 aa

1183 2678 1234 2731 lib.
1267 2693 1296 2745 it,
1325 2687 1350 2733 et
1376 2680 1409 2731 la
1437 2694 1530 2746 supra.
1564 2681 1635 2734 Petri
1660 2678 1793 2733 blesensis
1820 2678 1881 2742 136,
1911 2676 1977 2731 adit.

1184 2748 1332 2805 Parisiens.
1359 2750 1426 2802 tata
1451 2752 1524 2818 (nain
1545 2750 1609 2804 eilit.
1640 2750 1759 2823 llogiint.
1787 2748 1922 2817 separarit
1943 2744 1979 2799 ab

1183 2819 1317 2887 epistolis,
1346 2826 1555 2891 separatamque
1579 2820 1715 2891 inscripsit
1739 2819 1923 2887 invectivam),
1953 2824 1979 2871 et

1183 2891 1268 2955 capit.
1287 2890 1408 2950 Auditis.
1427 2892 1465 2945 Da
1482 2892 1672 2963 Proscription.
1689 2891 1737 2944 lib.
1754 2906 1782 2957 it,
1799 2899 1826 2944 at
1839 2890 1922 2958 capit.
1940 2888 1980 2943 Eo

1183 2978 1254 3033 quta,
1272 2962 1311 3015 [le
1325 2961 1452 3015 consibiis
1464 2962 1509 3015 tio.
1528 2976 1567 3015 iit.

1219 3034 1251 3085 Ht
1280 3033 1351 3086 burto
1375 3035 1484 3104 quidem
1514 3031 1655 3087 denarium
1684 3032 1763 3087 stiam
1783 3046 1844 3085 oum
1873 3027 1980 3100 hngttae

1182 3118 1298 3173 regnum
1316 3110 1450 3158 teneratur
1464 3104 1615 3172 eptarchia,
1633 3119 1713 3175 reges
1739 3100 1927 3173 pependerunt
1941 3103 1980 3153 Ac

1182 3173 1315 3242 imprimis
1337 3173 1407 3237 luas,
1432 3174 1648 3229 Occtteniattnni
1673 3174 1821 3243 anglorum
1846 3188 1903 3233 rex,
1927 3186 1979 3225 att-

1183 3259 1246 3297 num
1269 3244 1361 3298 salutis
1382 3245 1490 3299 circiter
1504 3244 1555 3297 lio
1574 3260 1580 3313 ;
1602 3244 1752 3299 AEtelvulus
1777 3244 1818 3298 vel
1843 3241 1926 3297 Αιιιιι
1938 3244 1979 3309 (ιιι

1182 3313 1310 3370 scribitur
1325 3315 1374 3369 lib.
1390 3330 1419 3369 tit
1442 3315 1567 3370 Chronic.
1593 3315 1776 3381 Etlrelurardi,
1793 3329 1857 3384 cip.
1880 3314 1896 3368 l
1920 3312 1978 3383 (iti-

1183 3387 1246 3440 dem
1270 3387 1487 3441 Westsaxonuin
1512 3403 1559 3440 seu
1579 3387 1795 3443 Occidentalium
1824 3385 1979 3454 angiorum

1182 3471 1255 3510 antio
1270 3460 1331 3517 855.
1349 3461 1501 3512 utasscrus
1517 3458 1728 3528 Syreburueusis
1748 3459 1831 3522 iiiuiic
1845 3456 1977 3510 Soraslir-

1182 3530 1306 3583 rientem
1321 3528 1423 3597 dicunt)
1438 3530 1594 3598 episeopus,
1612 3530 1639 3582 in
1665 3529 1782 3582 Historia
1806 3527 1907 3581 ttttreot
1923 3529 1978 3580 An·

1181 3600 1365 3670 glosaxoniim
1378 3600 1462 3668 regis,
1479 3600 1588 3654 tradidit
1604 3601 1682 3654 liisce
1711 3598 1808 3652 litteris
1836 3619 1847 3642 a
1883 3598 1978 3652 Romae

1182 3685 1290 3739 quoque
1305 3669 1379 3722 omiti
1399 3685 1469 3724 aurio
1492 3685 1620 3739 magnam
1643 3685 1691 3739 pro
1713 3670 1802 3723 anima
1831 3683 1879 3720 sua
1897 3681 1977 3736 peou·

1183 3741 1264 3805 niam,
1282 3740 1309 3793 id
1325 3749 1365 3794 est
1379 3755 1428 3793 coc
1443 3755 1600 3795 maticussas
1615 3749 1724 3804 portare
1746 3738 1893 3808 praeaepit3
1917 3751 1978 3806 quae

1182 3810 1272 3863 taliter
1293 3809 1329 3863 ihi
1354 3809 1557 3866 dividerentur:
1580 3811 1692 3870 scilieet,
1722 3826 1737 3863 c
1764 3823 1922 3862 mancusses
1950 3807 1977 3859 iu

1182 3882 1314 3935 honorem
1342 3881 1429 3934 saneti
1467 3883 1535 3936 l’etri
1568 3883 1724 3950 specialiter
1760 3880 1794 3934 ad
1831 3878 1977 3933 eiiieudum

1182 3953 1284 4015 oleum,
1301 3967 1353 4021 quo
1369 3952 1532 4021 impleantur
1554 3955 1646 4007 omnia
1661 3952 1812 4006 luminaria
1837 3949 1911 4004 illius
1935 3964 1978 4004 ec-

1182 4024 1274 4078 clesiae
1288 4024 1314 4075 iii
1331 4039 1446 4092 vespera
1462 4025 1589 4085 Pasehae;
1605 4034 1631 4078 et
1646 4038 1661 4076 o
1676 4037 1835 4078 mancussas
1849 4021 1875 4073 in
1892 4021 1978 4075 hono·

1182 4110 1240 4147 rem
1265 4095 1351 4148 sancti
1377 4095 1460 4161 Petili,
1475 4094 1569 4150 eodem
1594 4095 1751 4150 conditione
1774 4094 1806 4148 atl
1828 4091 1977 4162 parandum

1182 4165 1272 4219 oleum
1299 4163 1325 4218 in
1352 4167 1465 4220 ecclesia
1494 4166 1587 4220 Sancti
1612 4167 1686 4220 Pauli
1713 4163 1844 4232 apostoli,
1872 4163 1904 4216 ad
1929 4161 1978 4215 im·

1181 4235 1279 4302 plenda
1303 4233 1446 4288 luminaria
1468 4235 1494 4288 in
1517 4252 1632 4306 vespera
1662 4236 1781 4300 Paschae,
1807 4242 1834 4290 et
1856 4234 1883 4288 iti
1912 4231 1978 4304 galli

1180 4313 1280 4366 cantu;
1297 4321 1428 4376 equoque
1441 4321 1600 4360 mancussas
1616 4307 1762 4362 venerabili
1775 4321 1853 4375 papae
1867 4313 1977 4364 aposto·

1181 4375 1243 4430 lico.
1264 4399 1274 4423 i
1294 4375 1363 4428 Perta
1384 4377 1494 4447 singula
1509 4379 1602 4431 asseri
1618 4378 1698 4431 verba
1717 4375 1845 4431 Florentii
1861 4375 1976 4438 wigor-

1182 4446 1273 4501 nensis
1281 4445 1437 4515 perscripsit
1451 4448 1592 4506 altrunic..
1608 4462 1709 4520 pagina
1725 4450 1775 4500 :too
1790 4445 1898 4502 Guillel.
1916 4443 1978 4496 Hal·

1180 4516 1376 4571 mesberieusis
1391 4517 1438 4571 lib.
1460 4533 1480 4572 ii
1503 4520 1542 4573 lle
1566 4517 1635 4591 Reg.
1666 4518 1772 4585 Aegiis,
1790 4532 1852 4584 cap.
1872 4516 1900 4580 2,
1919 4530 1977 4568 rem

1181 4596 1264 4643 totam
1288 4588 1434 4642 braviuset
1456 4590 1603 4658 specialius
1626 4588 1762 4642 absolvit:
1792 4590 1915 4650 Romam,
1938 4585 1978 4638 iit·

1181 4667 1248 4728 quit.
1265 4660 1417 4727 composito
1438 4660 1709 4728 reportantibus
1734 4657 1886 4716 tributam.
1907 4655 1978 4728 qaod

1180 4729 1286 4799 Aoplio
1302 4728 1436 4800 hodieque
1451 4733 1587 4803 pensitat,
1601 4735 1699 4786 sancto
1715 4729 1797 4784 Petro
1811 4725 1917 4782 olitiilt't
1933 4739 1976 4782 co·

1180 4817 1243 4855 ram
1260 4801 1347 4855 Leone
1364 4817 1438 4872 popo
1451 4807 1562 4872 priario.

1215 4872 1372 4925 Haucussas
1386 4880 1476 4925 autem
1499 4889 1570 4928 riuiic
1594 4877 1758 4925 memoratas
1778 4867 1910 4940 Rogarius
1925 4868 1978 4922 Ho-

1180 4941 1302 4996 uedenus
1322 4941 1459 5008 appellant
1486 4943 1655 5004 monaulot,·
1678 4949 1704 4994 et
1733 4939 1978 4995 ttitrnerteriensis

327 5019 465 5070 sancium
483 5017 602 5070 Petram
617 5013 733 5081 debetis,
747 5015 806 5068 aitte
820 5029 858 5068 er:
870 5015 995 5068 urbibus.
1011 5015 1070 5069 siue
1088 5030 1126 5068 cx
1142 5027 1167 5086 0
1181 5013 1304 5082 proximo
1318 5026 1440 5068 marcor.
1452 5015 1484 5066 Αι
1501 5013 1662 5068 Guillrlmus
1677 5010 1847 5066 Lamberdus
1866 5010 1979 5064 scholiis

326 5087 416 5141 villis.
432 5087 488 5141 llas
508 5093 597 5139 autem
622 5085 726 5138 litteras
741 5099 814 5138 aurio
842 5086 911 5138 1032
933 5085 1046 5154 srriptas
1065 5100 1126 5138 esse

325 5157 469 5212 memorie
487 5156 562 5211 dedit
577 5155 741 5226 ingulphus,
754 5154 840 5208 abliaa
868 5154 1072 5210 croilandensis
1099 5156 1126 5209 iu

326 5243 376 5280 sua
404 5227 539 5286 Historia.
567 5227 613 5280 ulii
641 5227 776 5296 integrum
814 5240 907 5279 earum
939 5227 1127 5296 apographum

324 5300 414 5353 exseri
436 5299 472 5352 sit
494 5298 653 5366 religiosam
668 5312 777 5368 quoque
805 5296 902 5350 Hanuti
929 5297 1125 5365 peregrinatio-

325 5385 389 5422 nem
425 5371 581 5434 ananiam
607 5382 658 5422 nec
684 5383 737 5420 non
765 5367 936 5430 ilalinesbei·,
960 5367 1009 5421 lib.
1040 5382 1060 5420 ii
1086 5368 1128 5422 tie

324 5439 439 5512 regibus
454 5440 587 5511 hoglon,
600 5454 664 5507 cap.
685 5439 736 5500 tt;
753 5437 861 5517 Houed.
884 5437 1128 5517 annalium'priori

323 5521 417 5636 atti·
433 5513 630 5636 tantilli.
644 5507 806 5638 J‘aitli·
830 5507 1127 5633 t::..l¹¹r¹·.lt·¹a.2

323 5669 389 5708 vcro
406 5654 492 5711 Cant.
509 5653 605 5722 inquit,
625 5651 738 5705 llomom
753 5649 900 5716 splendida
919 5650 1075 5719 perrorat,-
1098 5654 1128 5704 et

323 5724 605 5794 eleemosynamque
620 5725 737 5775 vocator
750 5721 885 5778 anniani.
898 5736 984 5790 qaam
993 5724 1126 5774 anteces-

322 5809 401 5850 sores
416 5793 465 5848 sai
486 5793 625 5850 dedoont
650 5791 783 5848 Ecclesiae
796 5791 939 5857 Romania,
960 5791 1128 5864 perenniter

324 5866 494 5938 amnia.

1180 5083 1213 5136 ad
1230 5092 1336 5136 veteres
1350 5083 1488 5137 Saxonum
1505 5085 1581 5154 teges
1596 5083 1692 5137 asserit
1702 5083 1852 5136 masculam
1869 5090 1979 5134 etmar-

1180 5168 1240 5208 cam
1255 5154 1350 5209 eadem
1365 5167 1435 5214 esso,
1448 5170 1544 5225 nempe
1555 5170 1697 5209 nummum
1712 5155 1847 5208 valentem
1863 5168 1920 5204 xxx
1931 5151 1980 5206 de·

1181 5224 1277 5278 uariis.
1293 5221 1346 5277 sed
1370 5223 1405 5276 de
1420 5225 1460 5278 tiis
1476 5226 1567 5289 nimis,
1592 5242 1653 5281 aum
1676 5225 1833 5292 tngttesnae
1856 5222 1980 5278 historia}

1180 5295 1309 5349 stridiosis
1325 5293 1379 5346 sint
1395 5295 1498 5350 notiora
1514 5313 1595 5368 quam
1613 5296 1776 5351 luculentius
1790 5293 1977 5362 explanarem.

1180 5364 1343 5420 Necessario
1360 5375 1450 5418 tamen
1461 5367 1632 5435 explanatius
1643 5368 1699 5421 haec
1713 5365 1855 5420 observavi
1867 5373 1979 5434 propter

1182 5436 1324 5505 quosdam,
1340 5451 1384 5488 ma
1408 5437 1533 5493 audiente
1556 5438 1704 5492 relerentes
1719 5437 1788 5490 lianc
1803 5435 1906 5489 denarii
1922 5437 1978 5491 lio-

1181 5509 1252 5560 marii
1270 5505 1480 5575 pensitationem
1497 5509 1529 5562 ad
1555 5508 1669 5564 loannis
1686 5507 1831 5578 vulgariter
1850 5505 1979 5576 appellati

1182 5579 1246 5632 st'rie
1259 5581 1346 5638 letto·
1363 5579 1434 5648 rt‘gis
1449 5579 1564 5652 hogliae,
1585 5589 1716 5649 tempora,
1733 5593 1885 5646 quanquam
1903 5587 1980 5630 utra-

1182 5664 1235 5714 que
1250 5647 1283 5700 sit
1299 5661 1334 5700 eit
1351 5647 1481 5704 diametro
1496 5652 1635 5720 opposita:
1653 5649 1711 5703 liaec
1726 5663 1797 5702 enim
1813 5658 1916 5702 criucta.
1934 5647 1981 5701 illa

1182 5727 1332 5798 spontanea
1348 5717 1445 5786 luit,ut
1459 5721 1767 5794 prolixeuarratllattli.
1780 5718 1853 5772 l‘aris
1868 5718 1894 5774 iri
1911 5718 1979 5773 Hist.

1183 5805 1299 5862 artiore.
