4750 6725
280 617 325 678 tta

854 601 1017 663 HISTORIA
1031 589 1216 658 Novontttt.
1227 631 1263 642 —
1273 602 1336 658 Llll.
1353 600 1387 662 11.

1879 609 1930 672 stt

280 779 338 818 men
351 760 415 832 quid
431 759 545 832 quidam
557 757 623 813 inde
637 753 763 821 dixerint,
780 748 846 821 quid
864 747 1013 820 praecnnati
1036 744 1076 815 (a)
1091 725 1118 784 Α
1133 732 1248 792 ‘lullum'
1262 727 1297 784 de
1311 729 1488 804 suffraganeis
1501 729 1567 803 suis,
1583 733 1688 793 Thema
1702 733 1828 795 videlieet
1842 714 1932 795 archi·¹

280 851 375 906 fuerint
402 850 494 904 dicere
527 846 743 918 supersedemus.
777 839 876 894 Vemm
898 853 932 892 ex
956 836 997 890 his
1021 849 1081 904 quae

280 955 327 1010 pro
357 954 445 994 rerum
470 944 607 1010 gestamm
632 932 744 990 veritate
767 943 815 983 sno
839 928 910 995 laco,
936 925 1082 995 adjuvante

280 1031 345 1098 Dec,
361 1027 496 1093 dicemus,
518 1024 611 1096 palam
626 1022 676 1078 erit
703 1019 796 1076 ridere
820 1016 880 1086 ipsa
912 1013 995 1072 rerba
1022 1012 1082 1068 Do-

281 1117 344 1171 mini
373 1132 424 1171 nec
450 1115 539 1185 primo
567 1113 594 1167 in
619 1107 822 1167 consecratione
849 1104 909 1175 ojus
936 1117 1018 1173 snper
1049 1115 1082 1154 eo

282 1221 343 1260 casu
371 1203 531 1272 occurrisse,
572 1217 622 1256 nec
660 1197 779 1254 secundo
808 1195 835 1248 in
877 1189 1084 1248 confirmatione

281 1295 368 1365 ipsius
391 1289 600 1349 consecrationis
624 1302 715 1345 ceram
738 1283 842 1356 populo
866 1281 999 1337 incessum
1014 1277 1084 1333 lecta

285 1384 378 1438 fuisse.

319 1472 458 1528 neronio
485 1476 549 1539 post
576 1468 634 1522 baeo
660 1463 790 1536 praedicto
820 1459 951 1516 Baldnino
972 1457 1000 1511 in
1026 1456 1084 1510 iin-

287 1561 383 1635 gliam,
411 1567 439 1615 et
466 1559 547 1613 rebus
580 1556 718 1626 aliquanta
745 1565 814 1622 pace
841 1548 946 1619 sopitis,
962 1545 1035 1602 venit
1050 1543 1084 1599 ad

287 1649 444 1706 Anselrnum
471 1645 582 1718 quidem
612 1641 763 1698 monaebus
780 1637 896 1694 caenobii
911 1634 1001 1692 Sancti
1035 1632 1085 1688 Al-

291 1739 365 1808 bani,
400 1737 510 1792 natione
534 1731 716 1799 llibemensis,
746 1727 855 1784 nomine
883 1723 1006 1782 Samuel.
1038 1721 1088 1775 llic

287 1827 415 1883 defuncto
426 1824 505 1880 bonae
516 1821 654 1878 memoriae
664 1820 769 1874 Donato
781 1814 905 1872 Dublinae
922 1811 959 1884 (b)
971 1810 1087 1868 civitatis

1135 813 1264 885 episcopo
1278 817 1451 889 Eboracensi,
1463 824 1588 880 Mauritio
1599 827 1931 899 episcopabundouiensi,

1135 901 1254 1046 3⁰}qu
1273 907 1453 978 'fydfordensi
1467 928 1514 968 seu
1537 914 1714 987 Norwicensi,
1739 925 1766 973 et
1794 917 1933 973 Gundulfo

1159 1007 1176 1046 n
1198 1009 1265 1049 ensi.

1171 1099 1213 1154 Eo
1228 1108 1350 1172 tempore
1368 1104 1501 1163 Robertus
1514 1125 1605 1166 cornea
1617 1113 1823 1172 Nortbmanniae
1837 1113 1865 1170 in
1880 1132 1933 1172 ex-

1136 1187 1303 1256 peditionem
1332 1193 1585 1267 ierosolymitanam
1613 1201 1747 1272 proficisci
1775 1204 1933 1274 disponens,

1137 1274 1213 1331 fratri
1235 1294 1284 1335 suo
1306 1280 1466 1340 Willbelmo
1489 1286 1547 1359 regi
1571 1290 1685 1362 Angliae,
1707 1292 1936 1349 Nortbmanniam

1138 1365 1227 1434 spatio
1243 1367 1322 1424 trium
1336 1386 1465 1428 annorum
1491 1378 1615 1446 pecuniae
1642 1381 1726 1451 gratis
1739 1381 1766 1436 in
1785 1382 1937 1439 dominium

1139 1454 1260 1510 tradidit.
1288 1457 1355 1525 Quae
1380 1463 1496 1530 pecunia
1522 1480 1571 1534 per
1595 1468 1720 1539 Angliarn
1734 1470 1833 1540 partim
1860 1470 1938 1540 data,

1138 1543 1237 1610 partim
1251 1555 1355 1615 exacta
1371 1556 1455 1605 toturn
1465 1568 1580 1623 regnum
1590 1555 1618 1609 in
1627 1555 1792 1613 immensum
1812 1561 1936 1618 vastavit.

1138 1631 1212 1686 Nibil
1239 1635 1379 1692 eeclesiam
1407 1643 1572 1696 ornamentis
1598 1643 1626 1698 in
1639 1646 1691 1701 bac
1726 1656 1801 1716 parte
1832 1648 1943 1706 indulsit

1138 1719 1298 1778 dominandi
1325 1727 1468 1799 cupiditas,
1496 1730 1564 1784 nibil
1592 1734 1677 1788 saeris
1702 1735 1825 1790 altarium
1858 1738 1939 1804 rasis,

1139 1807 1205 1864 nibil
1233 1812 1407 1884 reliquiamm
1422 1817 1520 1886 capsis,
1538 1819 1604 1875 nihil
1627 1822 1840 1894 Evangeliorum
1861 1825 1939 1882 libris

286 1917 426 1988 episcopo,
443 1929 459 1968 a
484 1928 548 1984 rege
570 1909 716 1975 Hiberniae,
731 1905 898 1960 llurierdacb
915 1903 950 1974 (e)
967 1900 1085 1970 nomine,
1139 1914 1205 1955 auro
1221 1901 1263 1956 rel
1279 1913 1393 1974 argento
1407 1907 1518 1976 paratis.
1536 1907 1690 1966 Conventus
1703 1916 1744 1967 est
1758 1917 1785 1968 et
1798 1915 1942 1971 ,anselmus

289 2019 374 2062 necne
388 2020 404 2058 a
419 2002 491 2058 clero
503 2009 529 2056 et
543 1997 645 2070 populo
661 1998 689 2050 in
699 1997 886 2066 episcopatum
902 1990 987 2061 ipsius
998 1989 1087 2044 cirita·
1140 1988 1231 2058 perid
1259 1993 1397 2063 temporis,
1427 2005 1454 2049 et
1469 2003 1498 2050 ut
1525 1997 1583 2067 ipse
1598 2015 1705 2070 quoque
1718 2017 1829 2058 manum
1850 2004 1945 2059 auxilii

285 2095 317 2148 tis
331 2092 432 2149 electus
456 2098 505 2159 est,
521 2096 600 2160 atque
628 2086 663 2141 ad
691 2083 851 2138 Anselmum
876 2081 954 2150 juxta
981 2093 1084 2134 morem
1099 2085 1125 2144 Β
1140 2077 1181 2130 sui
1196 2078 1289 2133 intem
1317 2081 1472 2137 rationabili
1495 2100 1576 2140 causa
1588 2088 1648 2160 regi
1663 2091 1830 2158 extenderet,
1847 2108 1862 2146 a
1881 2092 1945 2162 qui-

285 2184 424 2252 antiquum
438 2178 586 2236 sacrandus
609 2191 670 2231 cum
686 2170 821 2228 communi
837 2170 944 2225 decreto
959 2168 1085 2222 directus.
1143 2166 1257 2222 busdam
1284 2169 1339 2224 suis
1367 2180 1407 2226 est
1420 2172 1515 2228 amicis
1529 2173 1692 2232 admonitus,
1709 2179 1844 2235 [mellens
1862 2180 1907 2236 1110
1921 2191 1949 2238 eq

289 2273 411 2341 Quorum
440 2266 564 2324 electioni
587 2274 614 2320 et
641 2262 763 2334 petitioni
790 2258 931 2314 dussimus
955 2271 1085 2325 annuens,
1142 2255 1254 2311 rationis
1282 2273 1342 2312 esse
1356 2267 1383 2313 et
1410 2259 1556 2316 honestatis
1570 2264 1737 2336 nonfacere,
1752 2267 1801 2323 sed
1819 2269 1949 2340 propria.

288 2360 428 2416 bominem
457 2353 613 2426 aliquandiu
641 2367 734 2407 secum
762 2345 910 2404 honorifice
938 2346 1086 2412 detentum,
1143 2359 1201 2398 rum
1229 2361 1319 2401 rerum
1360 2348 1488 2405 tenuitate
1519 2352 1689 2420 constrictus,
1721 2355 1792 2410 unda
1824 2355 1949 2430 expleret

287 2465 374 2505 necue
407 2445 524 2519 qualiter
550 2443 579 2498 in
609 2441 692 2497 domo
721 2438 770 2494 Dei
798 2434 951 2492 conversati
979 2433 1090 2490 deberet
1144 2433 1216 2504 quod
1240 2434 1393 2492 faciendum
1408 2438 1466 2494 fore
1490 2439 1608 2510 ridebat,
1636 2457 1690 2498 uon
1718 2444 1846 2500 habebnt,
1879 2447 1950 2502 Usus

287 2539 434 2610 diligenter
445 2534 614 2601 instructum,
642 2535 748 2600 sumpta
777 2525 812 2582 ad
839 2541 871 2581 eo
899 2523 933 2579 de
960 2521 1089 2578 canonica

287 2625 459 2698 subjectione
485 2637 534 2677 sua
549 2636 582 2676 ex
597 2618 707 2688 antiquo
735 2631 811 2672 more
825 2612 1004 2684 professione,
1019 2627 1088 2682 pro-

287 2715 374 2771 movit
390 2713 417 2768 in
432 2711 604 2782 episcopatus
620 2705 739 2764 officium
753 2702 912 2773 Wiptoniae,
935 2711 1030 2756 octava
1045 2699 1089 2754 die

290 2800 483 2872 subsequentis
498 2799 611 2854 Pascbae
625 2795 675 2866 (d),
702 2791 916 2848 ministrantibus
931 2789 983 2845 sibi
998 2789 1025 2843 in
1040 2790 1092 2844 boc

286 2891 378 2949 officio
393 2897 509 2961 quatuor
522 2881 845 2958 episcopissuffraganeis
860 2880 924 2936 suis.
942 2878 994 2947 Qui
1004 2893 1091 2932 novus

285 2979 412 3052 pontifex
427 2977 494 3033 tanti
516 2973 648 3046 principis
676 2971 872 3036 benedictione,
888 2985 920 3024 ac
941 2968 1090 3023 litterarum

287 3069 407 3141 praefnto
422 3065 491 3138 regi,
507 3064 579 3119 clero
605 3076 714 3132 quoque
743 3071 775 3115 ac
788 3057 862 3130 plebi
885 3051 1021 3112 llibe'rniae
1035 3069 1088 3124 pro

287 3155 447 3214 testimonio
476 3169 530 3210 suar
554 3148 767 3207 consecrationis
782 3147 941 3217 scriptarum
958 3143 1093 3214 astipula-

287 3247 362 3302 tione
380 3244 533 3307 roboratus‚
556 3241 584 3294 in
609 3238 723 3310 patriam
755 3252 830 3291 suam
855 3251 916 3290 cum
937 3232 1038 3306 gaudio
1053 3247 1093 3286 re-

1144 2522 1229 2594 igitur
1241 2524 1353 2580 consilio
1368 2542 1530 2598 magnorum
1547 2529 1670 2586 virorum
1684 2531 1848 2588 Walcbelmi
1868 2534 1950 2590 vide-

1144 2611 1209 2667 licet
1231 2613 1359 2668 Wentani
1374 2614 1520 2688 pontificis,
1549 2627 1577 2673 et
1612 2618 1770 2690 Gundulpbi
1802 2620 1949 2692 lloffensis,

1145 2716 1232 2757 necne
1259 2701 1385 2773 aliomm,
1400 2720 1516 2775 quorum
1531 2706 1558 2763 in
1580 2708 1691 2779 buJusce
1715 2709 1818 2782 negotii
1837 2711 1950 2770 consilio

1144 2804 1196 2860 par
1207 2791 1280 2845 credi
1300 2791 1483 2864 judicabatur,
1494 2794 1528 2851 de
1548 2795 1677 2852 thesauro
1691 2797 1815 2855 ecclesiae
1829 2799 1950 2856 Cantus·

1146 2878 1243 2937 riensis
1268 2881 1367 2950 partim
1394 2882 1421 2936 iu
1449 2898 1525 2952 auro,
1541 2884 1639 2954 partim
1663 2885 1693 2939 in
1712 2895 1837 2959 argento,
1857 2888 1952 2945 valens

1147 2967 1279 3023 ducentas
1306 2971 1411 3042 argenti
1438 2987 1544 3029 marcas
1568 2973 1728 3030 connivente
1753 2974 1852 3047 maiori
1873 2985 1954 3048 parte

1148 3061 1296 3114 conventus
1309 3060 1424 3130 accepit,
1450 3061 1523 3132 quod
1546 3062 1660 3133 praefato
1675 3063 1733 3136 regi
1748 3079 1810 3118 cum
1824 3065 1878 3120 illis
1892 3082 1954 3138 quse

1148 3144 1183 3200 de
1198 3146 1253 3200 suis
1268 3147 1371 3203 babere
1397 3156 1503 3218 poterat
1526 3165 1577 3219 pro
1604 3149 1713 3207 instanti
1734 3153 1897 3210 necessitate
1923 3169 1951 3218 ut

1150 3233 1230 3288 rebus
1257 3236 1410 3292 consuleret
1437 3236 1540 3308 pariter
1573 3238 1694 3295 contulit.
1720 3241 1818 3296 Verum
1846 3241 1874 3297 in
1900 3241 1954 3299 hoo

286 3335 411 3403 vertitur,
426 3338 506 3404 atque
521 3329 548 3385 id
563 3328 654 3385 sedem
670 3341 746 3382 suam
765 3339 826 3379 cum
841 3326 945 3381 bonore
974 3337 1023 3392 pro
1039 3336 1093 3375 usu
1151 3321 1223 3379 facto
1243 3324 1344 3379 nullum
1372 3327 1578 3383 successoribus
1602 3327 1658 3383 suis
1685 3330 1758 3401 quod
1785 3329 1957 3387 imitarentur

285 3423 436 3494 suscipitur
449 3428 535 3476 terrae.
1112 3412 1309 3504 Cexemplnm
1325 3412 1458 3485 reliquere
1483 3416 1587 3485 rolens,
1607 3433 1671 3471 mox
1685 3417 1851 3473 dominicam
1861 3419 1952 3475 villam

326 3512 447 3579 Eodem,
463 3511 516 3564 hoe
529 3515 570 3563 est
584 3506 661 3562 tertio
677 3520 757 3574 anno,
774 3500 948 3575 pontificatus
961 3498 1098 3562 anselmi,
1151 3516 1239 3571 suam,
1256 3518 1316 3572 quae
1330 3503 1495 3557 Peccbebam
1510 3511 1631 3564 vocatur.
1660 3506 1748 3577 spatio
1775 3514 1879 3576 septem
1904 3522 1952 3563 an-

286 3605 392 3661 electus
420 3607 462 3655 est
490 3598 606 3653 Samson
622 3596 657 3651 ad
681 3594 867 3665 episcopatum
883 3589 1013 3645 Ecclesiae
1027 3589 1092 3643 Wi-
1148 3604 1244 3644 norum
1275 3590 1399 3660 ejusdem
1415 3592 1543 3648 aeclesia
1568 3592 1624 3661 jnri
1645 3594 1790 3661 concessit,
1819 3602 1951 3664 quatenus
1991 3660 1995 3669 ‚

285 3689 444 3765 gornensis,
460 3696 487 3743 et
501 3684 632 3743 Girardus
641 3684 717 3753 cnjus
731 3682 766 3753 (e)
775 3697 856 3751 supra
866 3678 1046 3745 meminimus,
1060 3677 1096 3732 ad
1148 3694 1182 3733 es
1196 3676 1348 3733 redditibus
1362 3679 1446 3749 ipsius
1461 3678 1542 3750 rillae,
1559 3681 1604 3751 qui
1619 3681 1727 3736 circiter
1740 3681 1851 3753 triginta
1876 3682 1953 3738 tibrae

288 3781 417 3853 regimen
432 3774 563 3831 Ecclesiae
590 3769 807 3827 llerefordensis.
824 3768 875 3837 Qui
891 3783 952 3823 oum
966 3766 995 3821 in
1018 3781 1096 3820 sum·
1147 3765 1320 3822 denariorum
1347 3767 1403 3822 illis
1432 3767 1528 3823 diebus
1553 3778 1648 3838 erant,
1685 3769 1792 3825 illatum
1816 3770 1948 3826 Ecclesiae

292 3885 362 3925 mun
392 3862 571 3937 promovendi
597 3860 783 3917 sacerdotium
798 3857 832 3911 ad
855 3854 1011 3911 nnselmum
1047 3868 1098 3924 pro
1147 3853 1277 3909 damnum
1307 3855 1499 3912 restitueretur.
1528 3856 1561 3912 Et
1600 3858 1708 3928 quidem
1737 3857 1835 3914 eodem
1861 3860 1950 3930 spatio

290 3973 370 4015 more
396 3954 540 4018 uenissent,
556 3950 725 4021 necdumque
748 3962 842 4003 omnes
869 3944 1010 3999 inferiores
1023 3942 1097 3997 ordi·
1147 3942 1208 4012 ipsa
1222 3942 1345 3999 Ecclesia
1372 3945 1470 4001 eadem
1498 3945 1565 4001 villa
1592 3945 1748 4017 potitaest3
1764 3955 1792 4003 et
1815 3945 1893 4019 silva,
1922 3940 1958 4004 et'

295 4064 347 4103 nes
362 4042 530 4107 habuissent,
559 4036 692 4095 ordinarit
710 4051 756 4091 eos
781 4050 830 4105 pro
850 4031 959 4087 instanti
976 4030 1097 4087 necessi·
1147 4031 1230 4097 ritlae,
1257 4040 1284 4087 et
1299 4033 1348 4088 toti
1377 4032 1498 4090 redditus
1525 4034 1583 4104 ejus
1597 4034 1627 4089 id
1641 4052 1713 4093 noro
1729 4051 1822 4107 opera,
1837 4038 1948 4108 quoda

292 4144 361 4203 tate,
389 4132 424 4187 ad
454 4130 626 4185 diaconatum
656 4133 683 4181 et
711 4122 925 4195 presbyteratum
955 4137 1048 4188 unum,
1072 4130 1099 4176 et
1147 4119 1245 4191 majori
1275 4128 1349 4178 turre
1376 4121 1404 4178 in
1433 4122 1570 4179 Orientem
1593 4124 1721 4192 tenditur,
1751 4141 1859 4198 quoque
1888 4126 1948 4197 ipse

289 4224 377 4281 aliurn
394 4220 428 4276 ad
454 4216 679 4289 presbyteratum,
708 4212 735 4267 in
751 4210 869 4267 Sabbata
895 4208 993 4280 jejunii
1008 4210 1097 4279 quarti
1147 4209 1226 4263 Pater
1247 4210 1389 4265 Anselmus
1413 4211 1555 4268 inchoasse
1582 4212 1763 4286 dignoscitur,
1786 4223 1948 4284 consumpta

291 4309 408 4379 mensis,
424 4308 452 4362 in
467 4305 533 4363 villa
547 4302 638 4361 Sancti
651 4302 749 4357 Andrae
764 4300 798 4354 do
814 4298 974 4355 novecestra
987 4298 1022 4369 (s)
1038 4314 1098 4368 quae
1145 4305 1216 4352 sunt.
1235 4298 1298 4354 Haec
1312 4315 1346 4355 ex
1361 4308 1445 4371 gestae
1459 4301 1498 4355 rei
1512 4301 1626 4357 veritate
1651 4301 1838 4373 proponimus,
1851 4310 1881 4357 ut
1894 4318 1944 4357 ora

292 4414 385 4473 prope
400 4392 568 4452 lundoniam
586 4392 647 4461 sita,
662 4388 793 4445 Lambeta
807 4394 926 4443 vocatur.
940 4386 972 4440 ln
983 4386 1098 4441 crastino
1148 4385 1353 4455 obloquentium
1368 4389 1413 4459 qui
1428 4405 1513 4459 usque
1531 4389 1613 4445 bodie
1626 4390 1754 4445 nnselmo
1779 4389 1947 4461 depraedatae

292 4499 386 4546 autem
402 4482 519 4541 sacrarit
534 4497 579 4538 eos
594 4478 742 4535 Landoniae
756 4476 782 4531 in
812 4474 878 4531 sede
902 4473 1048 4544 episcopali
1064 4472 1098 4529 ad
1148 4473 1279 4530 Ecclesiae
1305 4476 1406 4531 crimen
1433 4476 1576 4547 intentant,
1610 4476 1632 4531 si
1647 4477 1705 4533 fieri
1718 4485 1818 4549 potest,
1835 4477 1946 4533 obture-

296 4574 474 4650 pontificatus
501 4572 642 4639 honorem,
676 4564 894 4647 ministrantibus
917 4562 968 4617 sibi
997 4560 1024 4616 iu
1046 4564 1098 4617 boc
1147 4576 1217 4631 mus,
1233 4572 1355 4635 optantes
1369 4574 1500 4639 quatenus
1528 4574 1600 4621 tanto
1627 4566 1684 4622 viro
1714 4567 1856 4623 detrahere
1869 4566 1945 4623 desi-

972 4674 1187 4733 HENSCHENH
1201 4677 1316 4736 NOTAE.

328 4790 368 4859 (a)
380 4791 547 4847 Proernam.
563 4796 614 4851 pro
628 4777 792 4851 predicare,
808 4790 854 4831 sua
869 4773 1007 4845 praeconia
1027 4788 1094 4829 voce
1108 4778 1134 4838 D
1184 4778 1222 4847 fd)
1233 4780 1312 4834 inno
1326 4778 1429 4835 seilicet
1443 4783 1523 4848 toas,
1538 4779 1583 4835 dia
1597 4796 1633 4835 rx
1648 4778 1759 4849 Aprilis.

292 4862 412 4924 aedicere,
441 4856 535 4911 dixere
550 4851 649 4907 labenti
678 4847 820 4903 Latinitate
841 4847 1022 4915 Hieronymus
1045 4844 1093 4898 alii

294 4948 363 5004 que:
394 4935 490 4999 postea
510 4920 669 4996 preconari
684 4918 784 4975 invalui
800 4916 934 4972 incudem
950 4913 1092 4995 significa

296 5004 387 5059 tione:
404 5014 436 5055 ac
449 4996 557 5053 tandem
573 4993 616 5049 bic
630 5006 690 5047 eam
714 5004 808 5046 rocem
825 4994 978 5059 usurpatam
992 5000 1097 5041 invenis

294 5090 358 5146 pro,
373 5068 538 5143 praerapire.
586 5134 591 5144 Ι
664 5133 669 5143 Ι
714 5131 719 5143 Ι
899 5129 904 5139 Ι

334 5144 372 5215 (1)
383 5144 506 5199 Donnato
513 5134 805 5203 Dublrnensreprscopo
820 5134 1097 5209 constitutopostmo·

297 5218 365 5272 dum
373 5206 633 5282 scripsitepistolam
648 5205 693 5269 tt,
709 5216 827 5273 eumque
842 5200 1012 5270 reprehendit
1022 5198 1094 5279 quod

299 5312 312 5337 a
330 5280 623 5341 librnsetuestimenta
651 5278 677 5329 et
705 5272 759 5329 alia
786 5280 944 5327 ornamenta
972 5268 1094 5325 ecelesiae

295 5360 371 5429 (quae
397 5352 524 5410 dominns
564 5344 732 5429 lanfrancus
768 5342 992 5423 archiepiscopus
1021 5339 1096 5395 dedit

294 5426 434 5484 avunculo
462 5424 533 5494 ejus,
561 5420 673 5475 domino
699 5415 959 5495 Donatoleprscopo,
975 5410 1010 5467 ad
1026 5424 1096 5480 opus

292 5497 441 5566 Ecclesia,
457 5494 499 5551 cui
514 5501 559 5547 tua
574 5488 729 5557 fraternitas
742 5486 884 5555 praestdtli)
911 5492 938 5539 tu
967 5497 1016 5607 pro
1041 5496 1094 5536 vo-

290 5572 396 5626 luntate
412 5576 456 5623 tua
471 5562 596 5635 exponis,
612 5568 639 5615 et
653 5574 685 5614 ea
699 5556 835 5612 extraneis
857 5556 917 5611 das.
937 5578 948 5603 ιι
988 5551 1094 5633 raditur

290 5642 419 5699 Donatus
448 5650 518 5692 anno
546 5628 793 5691 insaciabiles
826 5626 978 5693 ordinatus,
994 5624 1094 5705 obiisse

291 5728 367 5769 anno
397 5712 476 5765 tota.
504 5706 595 5777 Nepos
622 5708 712 5757 autem
725 5697 787 5771 ejus
802 5696 912 5755 Samuel
924 5696 1002 5762 obiit,
1019 5701 1092 5763 putta

292 5779 603 5849 Waraeum,an.ttet.
757 5838 763 5851 .
880 5839 887 5852 .
1033 5835 1039 5846 ·
1076 5834 1082 5846 ·

330 5856 367 5925 (c)
384 5852 452 5909 fluia
466 5848 525 5921 regi
539 5841 710 5905 lfurierdaoh
728 5840 831 5911 alrtprot
845 5838 974 5913 epistolas
987 5841 1095 5921 scripsit

289 5926 322 5983 S.
340 5923 501 5983 ttnselmus;
523 5927 550 5976 ct
580 5912 717 5977 inscribitt
737 5911 944 5982 Euriardaobo,
972 5909 1093 5983 plortoro

289 5998 357 6071 rapi
371 5993 528 6053 Hiberniae.

419 6090 552 6158 Parnoi..
571 6084 687 6155 caut.

1176 4850 1335 4920 (elddditur
1343 4851 1369 4904 in
1377 4865 1489 4919 excuso,
1506 4848 1871 4923 cajacenprameminimur
1881 4849 1946 4905 :sed

1151 4921 1223 4975 nulla
1239 4921 1347 4991 uspiam
1361 4922 1462 4976 mentio
1495 4922 1599 4978 Giraldi
1619 4928 1675 4977 tota
1700 4920 1813 4975 historia
1838 4936 1946 4990 praece-

1150 4992 1242 5047 denti:
1259 5008 1325 5065 ergo
1341 4992 1381 5046 sic
1392 4994 1507 5065 corrige,
1523 4997 1552 5048 et
1566 4992 1702 5047 Gtrntdus
1717 4990 1813 5063 [nepos
1827 4991 1945 5047 Walke-

1150 5062 1198 5118 lini
1213 5064 1341 5118 Wentani
1356 5063 1486 5137 episcopi}
1497 5064 1579 5133 cajus
1588 5078 1676 5134 capra
1690 5063 1883 5119 reamisimus.
1894 5062 1945 5118 llio

1150 5150 1222 5190 anno
1237 5138 1303 5189 ttttt
1320 5141 1462 5204 promotus
1475 5144 1517 5191 est
1530 5134 1566 5189 ed
1588 5133 1854 5205 archiepiscopatum
1869 5134 1946 5191 Ebo-

1150 5220 1303 5263 recensem.

1186 5281 1222 5405 (ἐ)
1236 5276 1365 5332 lambeta
1378 5283 1473 5331 notum
1487 5273 1577 5330 adhue
1591 5290 1700 5332 nomem
1722 5281 1796 5331 trans
1809 5274 1944 5345 Tamesis,

1150 5349 1177 5404 in
1212 5348 1305 5418 urreja
1318 5346 1433 5402 Australi
1449 5347 1518 5416 ripa,
1534 5346 1652 5403 seeundo
1662 5346 1697 5401 ad
1709 5348 1776 5402 urbe
1801 5346 1941 5403 milliario.

1149 5420 1210 5476 Alia
1224 5419 1303 5489 plura
1322 5418 1460 5486 dominia,
1476 5425 1504 5471 ut
1519 5419 1737 5489 flechinqcltam,
1753 5417 1943 5487 flinplclram,

1149 5490 1341 5563 Soefterberia,
1357 5489 1484 5562 quaejam
1492 5496 1750 5559 anteoccurrerunt,
1763 5496 1790 5544 et
1802 5488 1884 5559 plura
1897 5504 1945 5544 aa·

1150 5573 1253 5630 cutura,
1281 5561 1432 5632 potuissent
1452 5560 1594 5631 designato
1621 5560 1744 5615 locomm
1771 5560 1825 5614 situ
1853 5559 1946 5629 expli·

1149 5633 1223 5697 cari;
1246 5632 1269 5687 si
1298 5647 1388 5702 operae
1414 5630 1532 5713 pretium
1560 5632 1648 5687 risum
1676 5639 1731 5687 esst
1755 5645 1849 5685 eorum
1863 5644 1947 5685 causa

1150 5712 1221 5762 totas
1233 5703 1340 5786 Aoqlici
1354 5717 1430 5771 regni
1455 5701 1559 5757 tabulas
1571 5701 1752 5772 perlustrare;
1767 5709 1795 5756 et
1817 5708 1888 5756 esset
1901 5699 1948 5768 qui

1150 5776 1258 5833 exoleta
1269 5789 1328 5845 Jam
1342 5772 1461 5838 nomina,
1476 5771 1523 5829 nbi
1532 5771 1695 5843 requirenda
1717 5770 1780 5840 sint,
1803 5770 1946 5827 indicaret.

1151 5846 1252 5905 Poterit
1263 5852 1359 5917 pastos
1372 5843 1511 5904 annosior
1524 5843 1623 5919 aliquis
1635 5844 1708 5901 hunc
1721 5840 1858 5900 defectura
1872 5854 1944 5913 sup-

1150 5920 1238 5995 plere.

1793 6054 1834 6125 18
