4750 6725
407 582 464 641 aaa
846 543 848 548 ’
923 580 1078 639 monast
1097 574 1375 637 neumanensis
1394 574 1555 635 uoniam
2012 582 2075 638 rso

408 706 540 765 omuibus
552 705 672 763 habitus.
681 704 760 763 Unde
769 704 953 761 familiaritate
963 720 1073 779 quoque
1096 704 1208 776 potitus,
1223 704 1253 777 Α
1267 702 1357 761 oculis
1366 702 1424 771 ilai,
1435 704 1469 759 at
1484 702 1712 777 tontfporttitieir
1724 703 1879 778 presentie
1896 706 1940 765 nel
1955 720 2079 779 posscs-

408 796 493 868 coepit
502 797 673 867 frequentare
686 795 780 850 locum
795 794 823 849 iu
838 808 892 865 quo
905 792 1065 864 pontificum
1087 792 1213 867 reliquiae
1265 792 1345 847 stone
1357 790 1485 847 debuerit
1493 791 1564 862 jare
1577 793 1673 865 potiri.

409 885 605 957 quiescebant:
620 883 677 940 illic
690 898 768 939 orare
782 900 789 946 ;
804 881 968 939 illiemissas
981 882 1137 946 celebrum
1154 881 1213 937 illie
1301 879 1343 935 De
1361 876 1404 934 his
1422 877 1461 934 ita
1478 880 1658 937 musiderans
1684 896 1752 956 ergo
1768 883 1886 954 provida
1912 883 2077 942 sollicitudo

408 973 579 1029 familiariter
592 971 763 1029 conversari.
785 971 976 1043 Interrogabat
989 974 1061 1028 buna
1071 979 1098 1027 et
1120 969 1210 1037 illum,
1266 982 1405 1024 servorum
1420 967 1480 1036 Dei,
1496 976 1524 1023 et
1538 983 1573 1027 ex
1586 969 1622 1024 iis
1636 986 1697 1043 qum
1707 970 1944 1029 fraterillefacare
1954 973 2078 1029 molitur

408 1061 470 1134 quis
484 1062 531 1117 ille
546 1069 619 1116 esset
632 1060 677 1117 vel
692 1060 748 1129 ille,
765 1076 855 1131 quava
869 1059 980 1115 nomine
1007 1067 1152 1117 vocaretur
1165 1058 1212 1130 qui
1265 1054 1463 1113 coudderando
1477 1059 1647 1128 perpendens
1661 1059 1689 1115 in
1703 1059 1793 1115 futuro
1812 1067 1936 1133 tempore
1963 1062 2076 1133 aliquid

408 1140 456 1205 illo
466 1148 510 1204 vel
523 1147 570 1205 illo
580 1148 670 1204 loculo
685 1147 877 1203 claudebatur.
896 1148 948 1206 Ubi
963 1153 1054 1203 autem
1068 1148 1103 1203 de
1131 1146 1210 1203 beato
1264 1144 1328 1200 buio
1342 1143 1461 1200 similes
1486 1146 1741 1218 supervenientibus
1763 1149 1882 1205 externis
1909 1151 2075 1207 homiuibus

408 1236 553 1308 llrcgvvino
569 1235 682 1305 audivit,
705 1250 850 1293 succensus
870 1243 911 1291 cst
932 1234 1069 1292 desiderio
1091 1232 1213 1291 habendi
1264 1246 1345 1304 posse
1364 1232 1463 1301 moliri,
1496 1250 1530 1289 ne
1563 1235 1714 1293 faciliorem
1739 1236 1864 1293 effectum
1895 1239 2072 1307 sortirentur,

407 1324 580 1382 illumatio
603 1332 703 1380 terram
729 1340 807 1381 snam
835 1323 1024 1394 transferendi,
1052 1326 1211 1381 reeordatus
1264 1318 1393 1393 reliquias
1406 1321 1491 1391 ipsius
1504 1322 1591 1379 Patris
1604 1340 1621 1379 a
1635 1325 1752 1397 prefato
1775 1325 1837 1384 loeo
1859 1342 1922 1383 eum
1944 1328 2076 1401 reliqniis

407 1412 533 1478 fortassis
547 1414 669 1487 antiquae
685 1412 813 1469 bonitatis
827 1413 909 1469 famae
924 1412 1045 1486 quamin
1057 1413 1147 1485 patria
1160 1428 1210 1470 sna
1263 1407 1336 1465 besti
1350 1408 1529 1481 Plegemundi
1543 1412 1740 1485 archiepiscopi
1756 1414 1784 1470 in
1798 1416 1945 1473 australem
1974 1417 2074 1474 eccle-

409 1502 508 1560 dadfo
532 1502 680 1559 didicerat.
699 1503 809 1571 Verum,
825 1500 1138 1574 dumimpossibilesibi
1164 1502 1210 1560 vi·
1263 1496 1313 1553 sia
1327 1504 1433 1569 partem
1449 1500 1594 1571 transtulit,
1613 1510 1640 1557 et
1658 1511 1721 1573 post
1741 1504 1826 1561 altare
1845 1503 1920 1563 beati
1938 1506 2073 1581 Gregorii
2174 1504 2175 1567 ἶ

410 1590 489 1648 deret
502 1592 573 1647 clam
606 1590 649 1647 vel
679 1590 772 1662 palam
800 1590 929 1647 desiderii
951 1590 1054 1662 suiper
1070 1607 1100 1648 se
1113 1589 1210 1649 affectu
1262 1601 1343 1659 ptpae
1381 1585 1571 1645 decentissime
1603 1590 1762 1651 tumulavit.
1785 1591 1903 1664 Quidam
1921 1603 2014 1653 tillem
2029 1611 2071 1653 ex

408 1679 501 1751 potiri,
512 1680 651 1752 suggessit
662 1680 871 1752 archiepiscopo
885 1678 931 1750 qni
945 1688 1009 1736 tunc
1022 1683 1081 1737 arat
1094 1687 1120 1737 et
1146 1696 1210 1753 gra·
1263 1674 1405 1731 monachis
1425 1674 1582 1733 Willelmus
1609 1680 1720 1738 nomine
1747 1696 1783 1737 ex
1796 1698 1929 1739 museusu
1947 1685 2070 1741 aliorum

407 1767 480 1824 viter
491 1767 588 1822 morbo
603 1766 737 1837 paralysis
750 1766 934 1837 premebatur,
950 1766 1061 1823 nomine
1079 1768 1207 1837 liudulfo,
1262 1762 1360 1819 horum
1375 1764 1496 1820 omnium
1510 1781 1542 1821 sa
1554 1782 1610 1837 prae
1624 1768 1734 1825 esteris
1743 1770 1866 1827 medium
1880 1772 1956 1841 fecit,
1968 1776 2070 1845 atejus

407 1863 510 1911 utossa
525 1854 666 1911 memorati
689 1854 776 1911 Patris
804 1854 860 1910 sibi
886 1855 1057 1925 mneedcret,
1085 1871 1210 1913 asserens
1262 1849 1393 1907 industria
1417 1866 1448 1909 ac
1464 1853 1623 1924 provisione
1647 1856 1732 1913 ferme
1759 1858 1853 1915 omnia
1866 1876 1928 1933 qnae
1955 1861 1983 1917 in
2004 1862 2070 1934 ipsa

407 1944 539 2003 allecum
552 1943 729 2001 construendi
743 1943 930 2000 monasteriis
942 1943 1108 2015 primoribus
1134 1961 1207 2018 gen·
1261 1941 1432 2011 reliquarum
1448 1941 1658 2013 transpositione
1672 1945 1715 2001 vel
1732 1947 1918 2021 sepulcrorum
1946 1965 2068 2023 compo-

408 2034 445 2090 tis
472 2050 528 2089 suae
556 2048 726 2104 eoncesmm,
754 2032 829 2106 quod
854 2032 905 2087 sub
932 2033 1085 2105 patrocinio
1119 2033 1206 2090 Patris
1219 2046 1246 2109 Β
1261 2028 1360 2085 sitione
1372 2028 1497 2099 impensa
1525 2028 1635 2087 fuerunt
1661 2043 1807 2103 procurata
1832 2044 1903 2092 sunt.
1920 2039 1947 2093 ls
1960 2038 1989 2093 in
2010 2055 2068 2097 una

409 2122 548 2196 Bregwiui
567 2129 721 2178 construere
731 2128 758 2177 et
771 2119 936 2177 omnimodis
947 2121 1061 2180 servitio
1087 2123 1138 2179 llei
1157 2139 1206 2181 ac-
1261 2126 1325 2189 post
1337 2118 1398 2175 brac
1412 2118 1583 2177 solemnitate
1595 2121 1705 2179 servitio
1715 2124 1839 2183 ecclesie
1848 2129 1906 2183 toto
1920 2129 2070 2186 conamina

407 2212 583 2270 commodum
598 2211 656 2283 ipae
670 2218 696 2267 et
709 2210 750 2265 sui
764 2219 964 2281 proposuerant
976 2211 1115 2269 ordinare.
1134 2211 1207 2281 Quid
1262 2206 1479 2277 resedadens,et
1489 2208 1561 2264 ultra
1570 2208 1644 2267 vires
1659 2209 1686 2267 in
1695 2214 1830 2270 canmndo
1845 2228 1942 2271 vocem
1965 2216 2067 2286 meus,

405 2301 513 2357 munt
527 2298 681 2371 acquiescit
705 2298 837 2372 pontifex:
854 2316 905 2356 nec
918 2299 991 2355 enim
1014 2309 1128 2357 noverat
1151 2316 1206 2373 qno
1262 2302 1356 2366 ruptus
1369 2304 1410 2353 esf
1437 2296 1466 2351 in
1492 2297 1673 2368 interioribus
1690 2315 1812 2373 moxque
1826 2302 1854 2357 iu
1868 2304 1976 2361 vomitu
1997 2322 2067 2363 sau-

405 2390 441 2445 de
454 2388 606 2461 agebalnr3
623 2396 650 2445 et
664 2387 727 2445 ideo
755 2387 828 2445 facili
843 2404 954 2444 assensn
977 2389 1012 2444 ad
1039 2404 1135 2460 preces
1153 2405 1207 2459 pe·
1261 2384 1352 2455 guinis
1366 2383 1483 2457 aliisque
1497 2386 1630 2459 gravibus
1644 2386 1779 2445 molestiis
1789 2390 1966 2449 vehementer
1990 2394 2066 2449 alili-
2174 2380 2175 2459 ζ

405 2478 486 2534 tentis
500 2477 720 2549 permovebatur.
735 2477 790 2533 Res
803 2476 889 2532 fertur
902 2477 929 2531 in
957 2476 1121 2533 audientiam
1149 2493 1207 2535 mo·
1261 2478 1331 2528 clus·
1347 2471 1420 2541 Quin
1434 2472 1519 2547 igitur
1533 2484 1637 2547 ageret,
1653 2476 1808 2550 ignorabat.
1823 2481 1960 2538 Noveram
1986 2485 2068 2539 enim
2174 2474 2175 2509 ³

406 2568 575 2630 nscbomm;
591 2573 619 2622 et
633 2564 754 2638 quddam,
768 2572 797 2621 nt
827 2565 967 2622 concessio
989 2564 1127 2637 pontilicis
1139 2584 1206 2639 per·
1259 2560 1317 2630 jam
1331 2560 1359 2615 in
1374 2560 1433 2633 ipsa
1459 2563 1573 2619 ecelesia
1606 2564 1658 2622 hoc
1673 2567 1810 2623 nonnullis
1824 2575 1851 2625 et
1864 2568 1959 2627 eadam
1982 2588 2069 2627 rausa

405 2654 540 2721 ficeretur,
556 2653 971 2726 plenissimalaudant;quidam
979 2664 1091 2712 econtra
1117 2657 1207 2713 modis
1261 2648 1431 2721 ⁰⁰ssfissi⁸⁵03
1461 2667 1575 2721 llss⁰fll¹¹¹
1603 2652 1672 2709 ⁸50⁵
1699 2662 1789 2712 m⁰f¹0
1821 2658 1959 2727 mulltlffi.
1993 2660 2068 2718 tt15⁰²*

407 2743 535 2803 omuibus
548 2742 802 2817 negant.Postdies
816 2742 986 2816 defungitur,
1017 2743 1205 2816 archiepisco·
1262 2737 1353 2793 mullis
1367 2737 1447 2794 annis
1461 2740 1546 2796 mullo
1559 2740 1692 2813 languore
1716 2752 1840 2815 ventos,
1867 2749 1943 2805 omni
1969 2750 2068 2805 emhi-

405 2850 469 2905 pns.
485 2832 681 2906 ltaqueplurea
695 2847 789 2889 eornm
803 2832 852 2904 qui
865 2832 1016 2889 conivente
1028 2831 1207 2890 laudavemnl
1261 2826 1365 2899 {tuileto
1379 2836 1482 2884 semma
1495 2828 1611 2885 sciehat·
1627 2831 1706 2887 Venit
1717 2833 1856 2891 eutemei
1887 2836 1915 2891 in
1941 2845 2067 2893 meatem

408 2920 469 2977 lieri
496 2922 571 2992 qnod
591 2921 704 2994 roganti
740 2928 910 2977 concesserat
933 2920 1018 2987 fratri,
1043 2938 1124 2979 versa
1146 2923 1206 2981 vica
1261 2914 1327 2988 quid
1341 2916 1453 2981 servitii,
1470 2916 1536 2987 quid
1550 2918 1753 2990 sollicitudinis,
1777 2922 1844 2994 quid
1872 2924 1986 2981 honoris
2013 2944 2073 2983 nn-

405 3009 653 3066 contradicentibus
666 3010 870 3081 acquieverunt,
886 3018 914 3065 et
929 3026 983 3065 nno
996 3010 1088 3068 auimo
1105 3012 1208 3082 pariter
1260 3004 1383 3073 lleffl'ffle
1398 3004 1566 3077 impenderit
1585 3006 1692 3064 duobus
1711 3009 1886 3081 pontificibus
1908 3012 1968 3069 istis
1997 3014 2073 3073 Bre-

405 3096 561 3155 institerunt
575 3113 609 3154 ne
624 3112 674 3154 sno
688 3105 798 3168 pastore
829 3098 962 3167 Ecclesia,
996 3100 1158 3169 quantaene
1179 3100 1207 3155 in
1261 3092 1354 3165 girino
1369 3100 1396 3149 et
1412 3094 1609 3167 Plegemundo.
1625 3098 1718 3170 ltaque
1731 3100 1816 3156 corde
1825 3102 1953 3173 contrito,
1965 3102 2075 3175 spiritu

407 3186 549 3255 camapio
564 3184 817 3257 diligebatatfectu,
833 3186 1033 3243 destitueretur.
1048 3188 1090 3243 Na
1116 3193 1208 3245 tamen
1261 3178 1435 3249 humilitatio,
1450 3183 1578 3251 perfusus
1592 3184 1721 3257 lacrymis
1735 3202 1832 3259 genas,
1853 3198 1915 3246 orat
1935 3205 1985 3248 eos
2010 3192 2072 3247 sibi

411 3272 553 3330 concessio
566 3272 691 3330 substitis
704 3273 843 3329 videretur
851 3290 1045 3347 usquequaque
1057 3277 1208 3347 contemni,
1262 3268 1398 3332 miseren]
1415 3278 1546 3341 quolenus
1562 3272 1710 3344 impetrata
1719 3274 1771 3332 sibi
1787 3293 1803 3333 a
1816 3278 1922 3336 cbristo
1935 3280 2070 3351 lampri-

409 3379 447 3420 εχ
461 3363 600 3420 communi
616 3379 752 3420 consensu
782 3362 1025 3433 deliberaturum,
1053 3365 1082 3420 in
1109 3383 1164 3437 quo
1182 3375 1210 3424 et
1261 3356 1334 3414 abne
1347 3359 1469 3430 corporis
1482 3361 1760 3436 sanitateintelligat,
1777 3367 1843 3439 quid
1858 3368 1892 3424 de
1906 3367 1960 3424 illis
1974 3370 2029 3442 ipsi
2046 3379 2078 3428 ei

407 3453 649 3524 mhiepiaeopum
669 3453 839 3510 consensisse
861 3453 986 3511 nonnulli
1004 3455 1124 3511 attentavi
1137 3463 1208 3526 sunt,
1265 3445 1677 3522 aliieamodositsentiendum,
1692 3469 1781 3525 quave
1800 3453 2076 3530 fiduciaproaeterua
2174 3489 2175 3496 .

404 3547 444 3597 nt
456 3541 560 3598 scilicet
573 3559 604 3599 os
617 3559 712 3612 unum,
737 3542 879 3598 brachium
907 3541 1033 3599 videlicet
1061 3542 1210 3613 aluisti-um,
1267 3550 1316 3590 sua
1329 3535 1415 3592 salute
1428 3552 1476 3593 eos
1491 3537 1633 3611 appellare
1648 3541 1731 3612 possit
1756 3543 1791 3598 ad
1813 3543 2071 3606 interveniendum.

408 3631 480 3688 seori
498 3630 622 3703 corporis
639 3630 715 3688 fratri
733 3631 911 3689 conferretur.
936 3631 1017 3701 Quod
1030 3631 1092 3703 ipse
1113 3648 1211 3704 parum
1267 3623 1523 3696 bliralleibonitas,
1539 3631 1659 3698 potentia
1673 3631 1845 3703 miralllou,
1860 3635 2005 3707 sicutipse
2021 3653 2075 3694 re-

409 3720 555 3789 estuans,
572 3721 648 3777 eliis
663 3737 724 3792 quaa
739 3721 792 3776 sibi
805 3720 940 3792 promissa
954 3721 1064 3779 dicebat
1089 3721 1212 3778 frustrari
1267 3711 1331 3781 fert,
1347 3713 1827 3792 seomniseusitlenguoreeuratum
1837 3724 2077 3782 necnoridolon's

409 3823 466 3865 non
481 3809 626 3878 sustinens,
641 3810 797 3880 suspicatus
811 3817 854 3865 est
866 3825 897 3866 sa
911 3825 961 3880 par
982 3809 1117 3882 mmmm,
1133 3826 1214 3881 posse
1267 3807 1313 3858 aut
1326 3802 1555 3860 incommoditatis
1565 3805 1650 3863 ullam
1659 3808 2069 3884 alteriusmoleatiampassnm.

405 3898 485 3967 ,apud
499 3911 593 3970 regem
608 3897 725 3964 efficere,
740 3904 873 3970 quatenus
890 3897 949 3968 ipsa
975 3898 1052 3970 regia
1078 3906 1215 3970 potestate
1304 3889 1371 3946 Haeo
1385 3889 1419 3946 de
1434 3891 1514 3947 beato
1529 3893 1673 3966 Bregwino
1688 3896 1992 3970 minussapiausedidi,
2005 3918 2074 3973 quae
2174 3939 2175 3960 r

403 3984 437 4040 ‹vi
453 3985 625 4040 amonacbis
639 3993 814 4058 extorqueret
827 3994 857 4042 ut
870 3985 923 4041 sibi
937 3989 1118 4044 concederent
1140 3989 1214 4060 quod
1267 3995 1284 4034 8
1298 3978 1446 4048 m⁸l⁰fibl¹⁵
1461 3987 1487 4036 ⁸²
1500 3980 1633 4039 veredicis
1647 3983 1714 4040 Vitis
1728 3986 1822 4043 diditi·
1836 3988 1868 4044 El
1896 3987 1923 4044 hi
1955 3987 2073 4060 quidem

410 4071 559 4144 quaerebat.
575 4072 664 4144 Super
677 4073 790 4145 negotio
804 4073 999 4146 igitnrraginaa
1013 4074 1162 4146 locuturus,
1186 4080 1215 4132 el
1267 4067 1321 4123 alia
1334 4083 1364 4124 se
1376 4074 1506 4138 expertos
1521 4069 1548 4125 in
1560 4085 1588 4126 se
1597 4071 1680 4128 fuisse
1690 4075 1813 4146 tradunt,
1828 4075 1883 4132 alia
1896 4078 1985 4133 veleb
2014 4078 2076 4134 illis

407 4174 473 4214 eam
487 4173 628 4233 cumrege
641 4160 670 4216 in
685 4175 771 4232 parco
798 4162 1016 4220 thdttlebltioo
1038 4179 1213 4222 commorim-
1268 4155 1314 4238 qtti
1328 4164 1474 4229 proesenles
1490 4156 1598 4215 suerunt
1612 4160 1655 4216 vel
1670 4177 1686 4216 a
1699 4165 1880 4234 praesenlibtls
1893 4177 2075 4238 floeepemtll,

410 4254 466 4304 tem
481 4248 614 4316 aditurus,
630 4249 801 4307 lundoniam
815 4250 898 4319 venit,
915 4250 1009 4322 ibique
1021 4250 1112 4308 valida
1132 4251 1213 4310 infir·
1268 4260 1352 4318 seque
1366 4244 1487 4302 lffefflfll
1501 4247 1648 4318 ambisset
1664 4252 1797 4308 ⁰⁰¹¹Sl⁸11¹i
1811 4252 1974 4328 allegi-lione
1988 4271 2075 4313 wm-

405 4337 504 4393 mirate
516 4347 667 4409 correptus,
683 4339 813 4412 progredi
828 4340 899 4396 ultra
911 4341 1042 4412 nequivit.
1071 4343 1214 4416 languore
1268 4339 1431 4392 memorant.
1442 4335 1484 4392 Ne
1492 4351 1558 4408 ergo
1568 4337 1675 4394 animos
1703 4340 1858 4400 amicorum
1885 4359 2009 4402 meorum
2026 4362 2076 4402 me

408 4426 440 4482 in
455 4426 515 4483 dies
528 4437 679 4492 crescente,
703 4429 764 4498 ipsa
780 4429 953 4485 Canluariam
980 4438 1132 4502 reportatus
1159 4439 1212 4488 est,
1267 4423 1302 4480 ad
1316 4424 1369 4480 hoo
1383 4423 1638 4495 opusinoilttnlium
1655 4427 1834 4501 offenderem,
1850 4431 1920 4489 bessi
1934 4432 2076 4490 voluntati
2174 4453 2175 4460 ³

412 4515 460 4571 nbi
473 4532 561 4586 parvo
576 4524 700 4588 tempore
713 4516 810 4575 vivens
824 4517 991 4591 defungitur,
1010 4527 1037 4576 et
1053 4520 1123 4577 inter
1136 4537 1214 4578 tuor-
1267 4529 1372 4569 eorum·
1389 4511 1469 4582 Quod
1498 4511 1590 4584 itaque
1612 4515 1720 4588 scripsi,
1745 4518 1785 4574 eis
1808 4521 1921 4592 scripti:
1956 4520 2075 4580 Videant

407 4612 476 4660 -tuos
490 4605 588 4662 fratres
603 4606 819 4677 sepelitur.llinc
833 4615 912 4664 nocte
925 4610 1049 4679 sequenti
1064 4610 1149 4666 asdbt
1170 4611 1214 4667 vir
1266 4601 1330 4673 ipsi.
1348 4601 1375 4658 Si
1390 4600 1523 4674 mallim>
1551 4602 1620 4660 ¹³0¹]ss
1646 4606 1778 4676 Pf⁰00⁸³b
1806 4609 1908 4681 mli&
1936 4610 2014 4674 Dwt
2048 4613 2075 4668 si

410 4694 521 4764 quidam
535 4701 635 4751 smum
659 4695 815 4760 mgdiossfis,
831 4711 949 4768 persona
963 4695 1091 4770 insignis,
1115 4698 1210 4755 habitu
1268 4689 1348 4745 lelef
1363 4689 1389 4744 in
1405 4689 1506 4761 aliquo,
1523 4690 1655 4748 intentius
1669 4703 1756 4764 orent.
1767 4695 1893 4766 Obsecro,
1925 4714 1975 4771 pl'o
2004 4717 2076 4758 808·

409 4786 571 4852 momghu,‚
586 4783 657 4841 facie
670 4783 791 4856 ignotus,
806 4784 914 4840 cuidam
929 4785 1005 4841 fratri
1028 4785 1063 4841 de
1091 4802 1210 4860 coagm-
1267 4777 1324 4834 lere
1351 4793 1423 4835 meo.
1455 4780 1586 4836 llemoria
1613 4783 1743 4840 transitus
1768 4784 1920 4842 beatissimi
1949 4788 2002 4844 viri
2032 4807 2076 4846 sn

411 4872 524 4943 gatioue
538 4873 698 4944 pervisum,
714 4873 823 4930 bomini
837 4873 906 4930 bene
919 4873 1047 4946 religioso
1069 4876 1211 4949 Deumque
1265 4865 1402 4923 Kalendas
1419 4867 1589 4938 Septembris
1602 4871 1742 4940 recolitur,
1758 4877 1788 4929 ut
1802 4873 1857 4932 illie
1871 4891 1969 4934 nomen
2009 4879 2075 4935 Do-

410 4959 524 5031 qjmfflq,
537 4962 632 5019 dicens
643 4963 682 5017 mi
700 4982 706 5018 :
721 4963 819 5020 sm,
833 4978 918 5034 quam
928 4962 962 5019 aa
989 4980 1107 5020 mmm
1122 4966 1208 5022 gam.
1265 4954 1330 5010 mini
1346 4956 1392 5027 qui
1404 4956 1481 5012 illum
1498 4958 1641 5016 bonoravit
1652 4962 1804 5033 expeditius
1814 4963 2015 5040 magnificetur.
2030 4969 2076 5027 Sit

409 5048 562 5107 bertusille
571 5051 653 5108 Seno
667 5053 708 5108 rie
727 5052 849 5124 inopina
860 5055 950 5108 morte
960 5053 1133 5125 replicarit?
1159 5055 1210 5110 Cui
1263 5044 1349 5118 igilur
1361 5044 1421 5116 59⁸0
1437 5046 1482 5116 qui
1497 5045 1742 5117 νῑνίῑ,(1()ῐῦῑΰὸῑῑυῐ“
1756 5060 1888 5125 elregssll
1901 5071 1951 5126 per
1960 5057 2072 5126 omnin,

409 5147 472 5188 oum
487 5149 517 5189 se
532 5136 638 5193 nescire
652 5137 848 5206 responderet:
863 5137 951 5206 satas,
972 5138 1069 5211 inquit,
1091 5140 1162 5210 qaia
1178 5156 1210 5198 ιο
1265 5133 1425 5189 benedictus
1441 5133 1467 5188 in
1483 5135 1584 5192 saecula
1598 5139 1757 5196 secutorum
1773 5147 1799 5198 et
1812 5139 1894 5201 ultra.
1908 5146 2006 5200 Amen.

409 5215 783 5292 qnodeorpualtreqwiaide
798 5236 851 5278 ruo
864 5222 928 5279 sede
956 5227 1071 5296 auterre
1102 5225 1209 5297 ribiqrm
1300 5222 1417 5293 Explicit
1431 5223 1492 5280 Vita
1508 5223 1578 5280 beati
1594 5227 1735 5300 Bregtvini
1750 5229 1949 5290 Cantnsriensis
1972 5235 2070 5294 arabi-

409 5308 581 5361 constarent
594 5308 748 5366 medicare.
758 5311 1144 5384 Neeeoimlalismerititait
1174 5315 1208 5370 ia
1265 5313 1389 5388 episcopi
1403 5317 1615 5375 etconfessoria.
