4750 6725
318 642 384 700 toot

943 637 990 697 bu
1009 636 1122 697 STATU
1139 640 1327 699 EGCbESlAE.

1894 662 1964 717 1009.

317 764 487 822 benedictam
511 763 642 837 aspergit,
659 763 692 819 sd
708 762 1312 825 benedicendasnovasdomosAbenedicta
1343 772 1462 844 aspergit
1494 773 1731 849 [aspersorium],
1752 785 1838 835 textus
1877 784 1965 840 sancti

316 862 343 909 et
357 862 455 909 caetcra
469 867 550 909 nova.
565 852 946 922 Eacommarrr'curcejusest,
958 853 1116 909 criminibus

314 942 417 1013 lapsos,
431 942 527 1010 semel,
543 941 625 997 biset
641 940 718 997 tertio
732 949 889 1003 revocatos;
910 950 938 997 et
954 957 1007 997 non
1023 942 1116 1013 parni-¹

315 1039 401 1087 tentes
416 1046 431 1083 a
446 1028 639 1085 communione
662 1028 784 1083 bdelium
807 1029 962 1098 eliminare,
979 1038 1007 1084 ut
1022 1045 1071 1085 nec
1088 1031 1115 1084 in

315 1119 385 1175 victu
401 1134 451 1173 uec
465 1118 493 1171 in
508 1116 617 1188 loquela
633 1116 775 1187 quisquam
790 1117 828 1172 eis
842 1118 1032 1173 communicet.
1062 1120 1115 1173 lic-

315 1203 469 1283 conciliare
494 1202 551 1271 ejus
572 1208 628 1263 est;
650 1201 812 1271 paenitentes
834 1217 921 1271 prope
943 1210 1059 1257 mortem
1083 1200 1117 1255 de

317 1289 512 1360 criminalibus,
529 1308 562 1347 ex
577 1305 710 1346 consensu
735 1299 825 1345 tanren
848 1290 980 1361 episcopi,
995 1291 1030 1345 ad
1052 1291 1116 1344 uni-

317 1390 400 1438 tatem
414 1380 536 1436 fidelium
551 1378 681 1448 recipere.
699 1381 804 1451 Uaperc
819 1386 905 1449 potest
919 1379 1067 1450 quemlibet
1081 1376 1115 1432 ti-

317 1470 407 1526 delem
424 1468 508 1525 semel
523 1468 551 1523 in
565 1467 686 1540 quolibet
708 1467 787 1540 gravi
811 1468 916 1535 dolore,
937 1466 1001 1539 quia
1024 1466 1115 1523 unctio

319 1566 411 1615 sancta
439 1574 493 1615 non
520 1558 608 1613 solum
634 1556 746 1619 aninrae,
775 1555 823 1611 sed
850 1564 877 1611 et
901 1556 1022 1625 corporis
1040 1570 1115 1625 saepe

318 1646 453 1703 medelam
468 1646 572 1701 tribuit.
592 1645 809 1701 Communicarc
823 1644 911 1699 statim
927 1644 1009 1699 debet
1020 1644 1112 1713 bapti-

319 1743 403 1805 zatos,
419 1743 445 1791 et
459 1733 553 1790 fideles
568 1749 663 1789 omnes
686 1741 727 1789 ter
749 1732 778 1787 in
800 1748 871 1788 anno
894 1733 934 1803 (in
957 1731 1071 1801 Pascha,
1085 1732 1112 1785 in

317 1824 486 1889 Pentecoste,
501 1831 527 1879 et
540 1821 630 1877 Natali
645 1820 765 1891 Domini)
781 1826 809 1876 et
822 1836 908 1891 prope
927 1826 1042 1876 mortem
1061 1834 1112 1890 po-

314 1911 390 1979 sitos,
404 1911 428 1966 si
442 1910 600 1982 quaesierint
621 1909 706 1967 verbo
729 1908 772 1966 vel
795 1908 883 1980 signo,
899 1908 942 1965 vel
956 1915 1025 1965 teste
1038 1905 1112 1962 fideli

315 1998 389 2067 quod
403 1998 477 2069 prius
491 1997 659 2068 quaesissent.

1168 856 1321 928 Evangelii,
1337 860 1505 931 psalterium,
1525 863 1646 928 missale,
1670 866 1804 938 horarius,
1826 872 1964 941 manuale,

1169 946 1346 1015 etsynodalis
1365 946 1443 1016 liber,
1465 950 1534 1016 vela,
1560 953 1724 1010 candelabra
1748 972 1809 1011 cum
1832 959 1963 1029 candelis,

1169 1047 1233 1087 arca
1257 1034 1488 1103 vestimentorum,
1510 1038 1583 1108 pinis
1606 1056 1668 1094 cum
1692 1040 1791 1097 oblatis
1814 1054 1840 1099 et
1863 1046 1965 1102 terrum

1170 1134 1273 1186 eorum,
1285 1123 1403 1194 ampulla
1417 1141 1478 1179 cum
1493 1126 1555 1182 vino
1570 1127 1696 1184 etaltera
1710 1146 1771 1185 cum
1787 1148 1867 1203 aqua,
1878 1134 1966 1203 pelvis

1170 1208 1205 1262 ud
1219 1224 1316 1264 manus
1331 1210 1460 1267 lavandas
1473 1229 1534 1269 cum
1549 1219 1729 1289 manutergio,
1742 1227 1849 1275 truncus
1863 1229 1908 1276 aut
1921 1221 1966 1277 la·

1169 1297 1212 1367 pis
1226 1313 1307 1352 cavus
1323 1299 1368 1353 ubi
1382 1315 1454 1369 aqua
1467 1304 1540 1359 unde
1561 1319 1638 1359 sacra
1662 1306 1785 1362 lavantur
1806 1308 1965 1379 effunditur,

1169 1384 1302 1441 absconsa
1322 1387 1403 1442 etiam
1417 1391 1467 1443 sub
1482 1391 1604 1458 candela,
1620 1401 1647 1448 et
1660 1394 1798 1452 lecturiale
1812 1398 1863 1453 sub
1877 1398 1961 1457 libro.

1205 1474 1238 1527 Et
1252 1475 1405 1545 superiores
1424 1478 1523 1548 quique
1547 1480 1651 1551 gradus
1673 1492 1786 1552 possunt
1805 1485 1965 1543 interiorum

1169 1560 1258 1617 officia
1272 1563 1432 1620 ministrare.
1448 1566 1601 1637 Episcopus
1615 1585 1681 1642 ergo
1695 1573 1843 1629 sacerdotis
1857 1575 1967 1647 singula

1168 1649 1316 1720 ministrat,
1333 1651 1405 1719 licet,
1417 1652 1499 1707 etiam
1513 1655 1573 1724 ipso
1585 1666 1729 1727 presente,
1741 1661 1818 1730 qnasi
1829 1663 1966 1733 quoddam

1167 1738 1203 1792 sit
1233 1740 1372 1807 proprium
1405 1741 1552 1798 sacerdotis
1572 1742 1682 1812 offerre,
1706 1746 1852 1818 baptizare,
1886 1753 1968 1807 horas

1167 1825 1315 1896 celebrare,
1331 1843 1440 1899 ungere,
1455 1831 1666 1900 communicare,
1692 1837 1894 1905 commendare,
1919 1856 1966 1895 se-

1167 1912 1261 1982 pelire.
1276 1913 1345 1971 Sunt
1358 1922 1490 1984 praterea
1510 1925 1613 1988 septem
1634 1919 1760 1990 praesulis
1783 1921 1881 1992 officia,
1897 1940 1966 1982 con-

1166 1999 1287 2067 firmare,
1304 2001 1474 2069 benedicere,
1486 2003 1641 2075 absolvere,
1657 2007 1790 2078 synodum
1803 2018 1904 2082 tenere,
1919 2013 1967 2069 da·

338 2086 645 2145 commendassetis
658 2086 878 2143 orandoanimas
892 2083 986 2141 fideles
1002 2083 1036 2139 de
1047 2097 1109 2139 cor·
1123 2110 1150 2171 B
1166 2088 1267 2156 dicare,
1283 2104 1456 2159 consecrare,
1472 2091 1607 2148 ordinare.
1633 2096 1806 2165 confirmare
1828 2100 1888 2171 ejus
1908 2111 1965 2166 est:

313 2176 426 2249 poribus
439 2175 621 2249 egredientes,
637 2182 662 2231 et
677 2189 770 2231 earum
793 2172 955 2229 memoriam
978 2172 1006 2226 in
1029 2172 1112 2227 missa

314 2273 340 2320 et
355 2264 520 2321 orationibus
535 2263 711 2333 frequentare.
732 2261 864 2331 Quamvis
884 2261 956 2317 enim
977 2260 1113 2330 promissa

315 2354 348 2407 sit
362 2351 531 2425 indulgentia
544 2351 681 2421 peccatori
696 2365 865 2422 quacumque
878 2352 946 2405 bora
959 2348 1111 2421 paeniteret,

316 2447 406 2497 tamen
422 2455 501 2511 poenn
515 2448 670 2510 peccantem
686 2439 814 2511 quaelibet
828 2440 982 2509 exspectat;
1005 2450 1112 2509 purga-

316 2529 401 2584 torius
417 2527 543 2584 videlicet
566 2527 648 2601 ignis,
673 2528 718 2597 qui
741 2542 854 2597 corpore
875 2525 964 2580 statim
988 2539 1113 2597 egressos

316 2625 341 2673 et
355 2618 443 2672 minus
457 2632 507 2688 per
522 2616 819 2686 lamentapoenitentiae
829 2623 958 2688 purgatos
973 2615 1008 2671 sd
1022 2612 1113 2685 ploni-

315 2706 438 2761 tudinem
453 2705 550 2775 recipit
563 2705 732 2776 purgandos.
745 2702 823 2771 Quod
834 2719 899 2775 ergo
915 2719 964 2774 pro
978 2703 1017 2759 eis
1027 2702 1070 2757 hic
1085 2700 1113 2755 tit

315 2794 343 2849 in
357 2793 526 2850 orationibus
541 2801 568 2848 et
581 2792 771 2865 eleemosynis,
788 2790 892 2862 proficit
907 2790 945 2847 eis
960 2791 995 2845 ad
1008 2805 1113 2861 purga-

315 2882 424 2950 tionem,
441 2882 504 2953 quia
518 2882 600 2937 sudor
613 2882 739 2937 virorum
754 2879 861 2953 requies
877 2887 920 2936 est
934 2886 1112 2935 mortuorum.

315 2972 440 3044 Sepelirc
459 2978 576 3041 corpora
599 2969 731 3039 fidelium,
755 2970 880 3025 ultimum
904 2976 944 3024 est
965 2967 1114 3025 sacerdotis

315 3058 449 3123 officium;
466 3059 525 3130 ipse
541 3058 614 3115 enim
629 3058 706 3114 tertio
722 3067 818 3113 terram
842 3073 923 3127 super
941 3072 1038 3127 corpus
1052 3072 1114 3111 cum

315 3147 421 3202 lossore
437 3146 565 3216 infundit,
582 3146 699 3203 dicendo
717 3164 722 3200 :
741 3148 778 3203 De
794 3148 870 3203 torro
884 3146 1037 3217 plasmasti
1050 3160 1109 3199 mc.

314 3236 448 3305 adjacent
463 3236 542 3291 etism
559 3234 724 3291 coemeteriis
746 3240 899 3290 sanctorum
925 3233 978 3288 alia
1002 3232 1071 3298 loca,
1087 3232 1115 3287 iu

314 3324 411 3395 quibus
425 3324 627 3380 submersorum
649 3331 676 3380 et
697 3322 849 3380 occisorum
865 3320 983 3379 fidelium
1001 3334 1114 3392 corpora

315 3413 476 3482 conduntur,
503 3413 566 3485 quia
588 3413 707 3484 ipsomm
728 3412 827 3468 animae
850 3412 908 3468 Deo
932 3409 1116 3466 commendari

313 3518 367 3558 non
391 3502 578 3572 probibentur.
611 3501 681 3556 Nam
703 3499 853 3556 infidelium
876 3508 902 3556 et
925 3499 1114 3554 sceleratorum

313 3605 426 3661 corpora
451 3589 531 3660 longe
554 3598 616 3644 sunt
640 3605 656 3643 a
679 3587 800 3644 fidelium
816 3586 1001 3659 projicienda;
1018 3586 1116 3658 quibus

312 3679 384 3735 enim
400 3677 469 3734 rivis
484 3693 538 3734 non
553 3669 800 3738 communicamus;
816 3691 868 3732 neo
881 3675 1003 3730 mortuis.

1165 2176 1269 2232 trontes
1282 2176 1403 2233 fidelium
1418 2180 1615 2250 baptizatorum
1631 2183 1775 2241 chrismate
1789 2202 1900 2259 ungere.
1918 2192 1966 2248 Be·

1165 2265 1296 2322 aedicere
1306 2273 1396 2323 sutem
1407 2267 1469 2323 dico
1479 2270 1626 2339 presulem
1637 2287 1670 2326 ea
1679 2288 1742 2343 quse
1752 2289 1808 2330 non
1818 2285 1882 2332 sunt
1890 2286 1970 2336 utcu.

1167 2352 1228 2409 sitia
1246 2353 1383 2418 ecclesa,-
1401 2370 1559 2413 eonseorare
1574 2374 1638 2415 vero
1652 2358 1713 2429 ipsa
1727 2362 1861 2418 utensilia.
1878 2364 1967 2423 Bene-

1166 2441 1232 2499 dicit
1246 2458 1313 2515 ergo
1326 2443 1452 2513 pontifex
1466 2445 1589 2517 reginam
1604 2454 1630 2501 et
1645 2448 1781 2522 uirginem
1805 2467 1867 2507 cum
1890 2454 1967 2511 vela-

1167 2536 1218 2599 tur,
1235 2537 1261 2586 et
1281 2530 1430 2602 quemlibet
1451 2532 1562 2589 fidelem
1585 2534 1708 2590 benedici
1732 2538 1925 2609 postulantem,
1942 2549 1969 2599 et

1168 2626 1252 2674 totum
1266 2618 1397 2690 populum
1410 2629 1471 2676 ante
1486 2636 1598 2691 pacem;
1621 2624 1759 2680 benedicit
1772 2627 1854 2683 etiam
1869 2645 1967 2701 supra-

1167 2715 1330 2775 memorata,
1342 2724 1402 2777 quae
1416 2723 1472 2763 non
1485 2709 1549 2765 licet
1558 2711 1692 2767 sacerdoti
1704 2712 1732 2767 in
1742 2714 1800 2783 ejus
1809 2718 1967 2785 praesentia.

1168 2795 1295 2851 Absolvit
1304 2796 1399 2865 praesut
1410 2796 1539 2867 populum
1553 2797 1587 2852 de
1596 2799 1750 2855 venialibus
1758 2802 1785 2855 in
1800 2803 1888 2874 capite
1894 2805 1967 2875 jeju·

1168 2882 1214 2952 nii,
1231 2884 1266 2938 de
1280 2883 1465 2938 criminalibus
1480 2884 1506 2938 in
1523 2885 1605 2941 Coena
1619 2886 1739 2945 Domini.
1760 2890 1844 2947 Terret
1859 2908 1967 2965 quoque

1167 2972 1308 3043 synodum
1322 2970 1364 3046 bis
1378 2971 1404 3026 in
1420 2988 1501 3040 anno,
1518 2972 1546 3027 in
1560 2980 1655 3031 aestate
1670 2976 1738 3031 etin
1753 2987 1894 3036 autumno.
1910 2982 1969 3038 Hoc

1167 3059 1251 3115 modo
1265 3060 1437 3131 congregatis
1452 3061 1576 3116 omnibus
1589 3063 1756 3134 presbyteris
1771 3065 1852 3121 totius
1865 3069 1969 3138 episco-

1167 3155 1256 3217 patus,
1271 3155 1455 3218 perscrutatur
1474 3147 1620 3219 episcopus
1634 3166 1668 3206 ne
1683 3152 1746 3221 quid
1771 3153 1851 3209 alicui
1873 3172 1970 3213 eorum

1170 3234 1240 3290 desit
1252 3236 1280 3290 in
1294 3235 1367 3291 omni
1383 3235 1487 3303 ordine,
1504 3236 1548 3292 vel
1561 3238 1735 3295 ustensilibus
1752 3241 1883 3312 ecclesiae,
1900 3261 1971 3303 nere

1169 3323 1313 3395 quisquam
1339 3338 1432 3380 eorum
1458 3324 1533 3381 alteri
1557 3325 1705 3399 quidquam
1729 3327 1824 3384 lecerit
1844 3329 1968 3400 injurie:

1169 3413 1241 3486 quod
1257 3411 1344 3468 tribus
1355 3412 1452 3467 diebus
1465 3411 1504 3488 lit.
1520 3413 1625 3469 Pacatis
1636 3415 1728 3487 itaque
1742 3417 1879 3485 omnibus,
1895 3420 1970 3476 abso

1169 3500 1216 3555 luti
1233 3498 1422 3570 permittuntur
1436 3500 1527 3554 nrbire
1541 3500 1569 3554 in
1582 3497 1665 3570 pace.

1204 3588 1320 3642 Dedicat
1335 3586 1418 3642 etiam
1432 3587 1554 3656 pontilex
1569 3588 1678 3657 atrium,
1704 3587 1849 3660 templum,
1873 3592 1968 3664 altare,

1170 3675 1292 3730 tabulam
1300 3674 1402 3728 altaris.
1411 3674 1545 3729 Dedicare
1556 3675 1629 3729 enim
1639 3684 1679 3730 est
1689 3676 1779 3732 locum
1793 3679 1850 3734 Deo
1860 3680 1969 3750 offerre,

348 3765 519 3822 Enumeratis
550 3773 640 3820 sutem
675 3772 754 3836 atquo
785 3762 931 3832 descriptis
970 3760 1334 3836 sacerdotisflbenedicere
1349 3760 1570 3818 etsanctilicnre.
1587 3763 1737 3820 Corrrccrot
1752 3769 1842 3821 aulem
1857 3768 1968 3838 episco-

316 3855 427 3918 0tiiciis;
445 3854 543 3926 quibus
558 3852 584 3909 in
599 3852 642 3908 bis
655 3852 694 3907 uti
707 3851 805 3906 debeat
826 3849 946 3906 restibus
969 3848 1118 3921 perspicia·

308 3960 384 3999 mus.
397 3942 475 3998 Sicut
487 3957 558 4014 ergo
573 3949 677 4010 septem
688 3941 789 4013 gradus
797 3947 867 4007 suut,
880 3936 979 4009 quibus
989 3937 1118 3992 sacerdos

312 4033 444 4101 elevatur,
461 4031 497 4086 ita
511 4038 615 4100 septem
637 4036 698 4084 sunt
714 4037 803 4083 vestes
827 4027 925 4098 quibus
947 4025 1114 4081 ordinatur:

316 4121 504 4176 indumentum
529 4117 724 4190 quotidianum,
749 4115 859 4184 amicta,
876 4113 947 4183 alba,
965 4113 1114 4186 cingulum,

315 4209 426 4278 lannon,
443 4208 514 4265 stola
534 4216 561 4263 et
583 4207 688 4262 casula.
711 4207 746 4260 Et
769 4213 870 4262 csetera
893 4202 1003 4276 quidem
1023 4201 1115 4257 omnia

314 4297 404 4354 cilicia
427 4297 485 4352 sine
508 4295 611 4364 casula,
627 4299 654 4350 et
668 4310 728 4350 cum
743 4293 812 4348 stola
827 4293 884 4348 sola
899 4291 1046 4362 aliquando
1059 4305 1112 4360 po·

312 4392 375 4442 test.
389 4385 553 4456 Quotidiana
568 4384 603 4440 ad
618 4383 739 4450 missam,
750 4389 778 4436 ut
788 4380 960 4452 paucissima,
972 4385 1033 4434 sunt
1047 4395 1112 4449 qua·

313 4485 382 4544 tuor,
398 4475 519 4542 camisia,
537 4473 638 4539 tunica,
660 4469 810 4538 temeratio,
835 4467 1029 4524 calceamenta.
1050 4467 1110 4522 ,td-

313 4565 377 4619 dunt
393 4571 484 4620 tamen
499 4561 617 4618 llomoat‘
627 4559 738 4631 caligas.
750 4557 824 4613 Dicit
836 4572 947 4628 quoque
958 4555 1111 4614 Amalarius

310 4652 479 4708 sacerdotem
495 4649 595 4706 debere
610 4648 684 4704 indui
700 4645 831 4703 sandaliis
846 4653 872 4701 ct
884 4645 1031 4701 dalmatica
1042 4661 1049 4698 r
1061 4646 1110 4702 sed

308 4739 451 4811 pontifices
466 4737 539 4810 apud
554 4753 603 4794 uos
616 4737 658 4791 bis
671 4743 793 4791 utuntur.

1171 3868 1222 3922 pus
1236 3849 1360 3905 utensilia
1374 3849 1494 3905 ecclesiae
1509 3851 1581 3922 (quar
1602 3849 1659 3906 tere
1679 3852 1770 3908 omnia
1782 3856 1970 3912 sacerdotibus

1171 3947 1236 3994 suat
1250 3937 1416 4009 communia)
1431 3938 1590 3993 vestimenta
1604 3939 1731 3997 videlicet
1743 3943 1922 4000 sacerdotalia
1942 3953 1971 4001 et

1169 4025 1345 4098 pontificalis,
1362 4024 1454 4081 altaris
1472 4027 1616 4095 velamina,
1641 4028 1764 4099 calicem,
1789 4039 1918 4102 patenam
1941 4036 1969 4090 et

1170 4114 1333 4186 corporalia,
1349 4113 1486 4170 vasculum
1510 4115 1697 4185 Eucharistiae,
1722 4118 1853 4189 chrisma,
1878 4121 1968 4176 oleum

1169 4214 1196 4262 et
1209 4220 1257 4260 vas
1270 4201 1424 4269 chrismale,
1441 4205 1500 4258 tbns
1519 4210 1546 4257 et
1569 4204 1746 4272 thuribulum,
1768 4207 1966 4280 baptisterium,

1167 4309 1257 4349 arcam
1274 4290 1315 4348 vel
1327 4291 1456 4346 scrinium
1479 4290 1667 4360 reliquiarum,
1678 4293 1843 4350 cimbarium
1860 4297 1963 4365 (idest,

1166 4380 1259 4436 altaris
1273 4378 1471 4447 umbraculum)
1487 4393 1604 4445 cmcem,
1626 4379 1832 4435 tintinnabulum
1856 4392 1883 4438 et
1906 4384 1964 4440 ler-

1164 4485 1224 4524 rum
1237 4465 1366 4538 judiciale
1380 4467 1429 4535 (3).
1445 4465 1485 4518 Ea
1508 4465 1579 4520 enim
1604 4473 1704 4520 tantum
1727 4477 1876 4538 consecrat,
1903 4488 1964 4542 quas

1164 4573 1179 4612 a
1195 4553 1332 4614 communi
1346 4569 1398 4608 usu
1412 4553 1439 4608 in
1453 4553 1554 4608 cultum
1569 4552 1690 4608 divinum
1700 4564 1869 4626 separantur.
1883 4557 1962 4614 orot-

1163 4644 1373 4714 corepiscopus
1395 4640 1532 4706 abbatem,
1549 4640 1723 4711 abbatissam,
1739 4643 1921 4714 sacerdotem,
1936 4654 1962 4702 et

1162 4740 1278 4791 caeteros
1301 4745 1350 4785 sex
1372 4727 1484 4801 gradus.
1510 4728 1600 4784 Utitur
1619 4730 1701 4784 etiam
1723 4730 1884 4801 episcopus,
1909 4749 1960 4804 pro

345 4829 413 4886 Octo
426 4836 488 4884 sunt
502 4841 569 4899 ergo
590 4823 686 4896 quibus
707 4830 871 4880 sustentatur
890 4824 1015 4880 sacerdos
1031 4837 1038 4878 ε
1054 4837 1107 4893 pa·
1162 4820 1304 4896 dignitatis
1317 4819 1430 4884 bonore,
1446 4814 1544 4872 baculo
1567 4825 1594 4872 et
1613 4816 1725 4885 annulo,
1749 4817 1911 4875 chirothecis
1932 4828 1961 4877 et

305 4919 410 4988 rochis,
426 4931 547 4984 mausus,
560 4913 668 4981 atrium,
685 4913 879 4980 caemeterium,
895 4912 1037 4982 templum,
1063 4910 1106 4968 al·
1159 4909 1248 4972 mitra,
1263 4905 1364 4972 balteo,
1379 4902 1531 4970 dalmatica,
1547 4911 1574 4958 et
1587 4902 1725 4958 sandaliis.
1740 4903 1857 4973 Oportet
1869 4915 1959 4962 autern

306 5017 372 5078 tare,
388 5007 532 5064 calixcum
547 5011 656 5074 patena,
672 5014 772 5070 corpus
789 5015 851 5055 cum
874 5000 1016 5071 sanguine,
1042 5003 1107 5072 quia
1159 5013 1220 5052 eum
1235 5009 1341 5051 sacram
1354 4991 1522 5063 scripturam
1536 4997 1563 5045 et
1577 4991 1735 5045 traditiones
1745 4991 1855 5047 Patrum
1870 4994 1958 5050 babe-

305 5096 422 5168 singulm
447 5093 510 5160 sibi,
536 5089 667 5162 subiectis
680 5088 753 5158 quasi
778 5087 940 5158 quibusdam
960 5088 1101 5160 gradibus,
1115 5105 1145 5169 D
1160 5101 1200 5153 re,
1210 5091 1240 5137 ut
1253 5081 1336 5153 possit
1349 5079 1384 5136 de
1398 5077 1515 5149 singulis
1526 5077 1599 5146 juste
1612 5078 1774 5146 discernere,
1786 5087 1813 5134 et
1827 5081 1956 5156 qualibet

307 5187 412 5239 bonore
425 5188 451 5237 et
465 5180 594 5253 dignitate
610 5175 800 5248 praeleruntur.
824 5173 982 5230 Pardbbism
1006 5178 1103 5248 appel·
1159 5169 1340 5244 quaerentibus
1352 5165 1551 5223 rationabiliter
1565 5166 1739 5238 respondere.

306 5287 335 5344 1⁰
349 5270 489 5343 populum,
506 5264 645 5339 primitias,
659 5261 811 5318 oblationes
824 5271 851 5316 et
864 5260 984 5318 decimas
997 5265 1103 5334 persol·
1195 5258 1408 5330 archiepiscopo
1418 5255 1511 5310 omnia
1519 5253 1672 5324 supradicta
1681 5253 1862 5320 conveniunt;
1878 5256 1957 5313 insu·

306 5367 426 5416 rentem.
442 5358 562 5412 blansum
578 5355 638 5411 dico
652 5361 748 5409 terram
762 5351 854 5417 aratri,
870 5366 952 5422 quarn
966 5351 1001 5407 ad
1015 5353 1105 5409 minue
1157 5363 1208 5419 per
1219 5346 1301 5417 pallio
1310 5343 1423 5400 honoris
1432 5342 1567 5405 induitur;
1584 5341 1647 5412 quit
1660 5341 1728 5412 ipse,
1741 5342 1853 5412 adiutus
1863 5351 1955 5401 tamen

307 5449 388 5505 debet
409 5445 510 5501 habere
533 5443 671 5511 sacerdos,
688 5439 786 5496 atrium
809 5453 870 5494 cum
895 5437 1021 5494 domibus
1045 5440 1104 5496 suis
1157 5435 1193 5492 ab
1207 5434 1332 5491 omnibus
1346 5431 1474 5487 dioecesis
1487 5445 1544 5485 suae
1558 5429 1700 5501 episcopis,
1716 5430 1823 5487 ordinat
1845 5431 1955 5504 episco-

304 5537 465 5594 clausuram.
482 5533 547 5588 llaee
561 5538 650 5587 sutem
660 5535 721 5585 sunt
731 5527 862 5584 utensilia
873 5525 1010 5584 sacerdoti
1024 5543 1103 5598 opor·
1155 5539 1232 5596 pum.
1248 5523 1277 5578 Si
1290 5521 1351 5592 quis
1365 5520 1438 5576 eninr
1450 5519 1573 5590 ipsorum
1594 5518 1757 5575 ordinationi
1780 5520 1875 5576 adesse
1898 5535 1953 5577 non

303 5635 378 5697 tuna,
390 5637 450 5695 qua
465 5620 524 5678 sine
538 5615 728 5677 benedictione
741 5611 863 5687 epicopi
870 5609 1004 5670 sufficiunt
1014 5631 1020 5669 :
1032 5629 1103 5688 aqua
1155 5611 1251 5683 possit,
1267 5609 1364 5667 litteris
1377 5608 1436 5664 suis
1450 5623 1480 5664 se
1494 5621 1626 5664 excusans
1639 5615 1719 5679 atque
1733 5608 1843 5681 tegatis,
1855 5621 1951 5664 assen-

338 5820 377 5892 (3)
393 5818 462 5876 Vide
476 5814 643 5898 Glossarium
651 5807 909 5896 'Guillrbambardi
925 5807 1078 5883 (praefixum
1096 5787 1301 5880 ’Apxsstttttssltl
1316 5795 1345 5854 5¹1
1358 5794 1481 5853 Otdtllt·
1496 5795 1530 5852 D·
1545 5793 1631 5852 flent·
1650 5789 1819 5866 Sptlmtssflir
1844 5790 1872 5846 5¹1
1895 5790 1944 5859 ia-

302 5891 377 5949 dirt'o
391 5891 453 5948 Dei.
469 5887 514 5945 Fr.
529 5881 849 5955 Prtboer,russup1tular.,
865 5888 916 5936 etc.

443 6038 566 6096 Persou.
587 6034 681 6094 cttx.
1770 6011 1806 6069 ³²
