<?xml version="1.0" encoding="UTF-8"?>
<!DOCTYPE html PUBLIC "-//W3C//DTD XHTML 1.0 Transitional//EN"
    "http://www.w3.org/TR/xhtml1/DTD/xhtml1-transitional.dtd">
<html xmlns="http://www.w3.org/1999/xhtml" xml:lang="en" lang="en">
 <head>
  <title>
</title>
<meta http-equiv="Content-Type" content="text/html;charset=utf-8" />
  <meta name='ocr-system' content='tesseract 3.04.00' />
  <meta name='ocr-capabilities' content='ocr_page ocr_carea ocr_par ocr_line ocrx_word'/>
</head>
<body>
  <div class='ocr_page' id='page_1' title='image "./patrologiaecurs91unkngoog/patrologiaecurs91unkngoog_0451.png"; bbox 0 0 4750 6725; ppageno 0'>
   <div class='ocr_carea' id='block_1_1' title="bbox 349 628 399 685">
    <p class='ocr_par' dir='ltr' id='par_1_1' title="bbox 349 628 399 685">
     <span class='ocr_line' id='line_1_1' title="bbox 349 628 399 685; baseline -0.04 0"><span class='ocrx_word' id='word_1_1' title='bbox 349 628 399 685; x_wconf 77' lang='grc'><strong>193</strong></span> 
     </span>
    </p>
   </div>
   <div class='ocr_carea' id='block_1_2' title="bbox 1129 622 1221 680">
    <p class='ocr_par' dir='ltr' id='par_1_2' title="bbox 1129 622 1221 680">
     <span class='ocr_line' id='line_1_2' title="bbox 1129 622 1221 680; baseline 0.033 -3"><span class='ocrx_word' id='word_1_2' title='bbox 1129 622 1221 680; x_wconf 81' lang='lat' dir='ltr'><strong>t&#39;tTn.</strong></span> 
     </span>
    </p>
   </div>
   <div class='ocr_carea' id='block_1_3' title="bbox 1947 625 1999 683">
    <p class='ocr_par' dir='ltr' id='par_1_3' title="bbox 1947 625 1999 683">
     <span class='ocr_line' id='line_1_3' title="bbox 1947 625 1999 683; baseline 0.077 -4"><span class='ocrx_word' id='word_1_3' title='bbox 1947 625 1999 683; x_wconf 79' lang='lat' dir='ltr'><strong>eet</strong></span> 
     </span>
    </p>
   </div>
   <div class='ocr_carea' id='block_1_4' title="bbox 341 747 2002 911">
    <p class='ocr_par' dir='ltr' id='par_1_4' title="bbox 341 747 2002 911">
     <span class='ocr_line' id='line_1_4' title="bbox 341 747 1996 827; baseline -0.004 -18"><span class='ocrx_word' id='word_1_4' title='bbox 341 752 483 827; x_wconf 85' lang='lat' dir='ltr'><strong>uniusque</strong></span> <span class='ocrx_word' id='word_1_5' title='bbox 510 753 654 809; x_wconf 71' lang='lat' dir='ltr'><strong>transitum</strong></span> <span class='ocrx_word' id='word_1_6' title='bbox 677 761 805 821; x_wconf 78' lang='lat' dir='ltr'><strong>persons</strong></span> <span class='ocrx_word' id='word_1_7' title='bbox 832 749 977 821; x_wconf 78' lang='lat' dir='ltr'><strong>prensam</strong></span> <span class='ocrx_word' id='word_1_8' title='bbox 1011 747 1140 803; x_wconf 86' lang='lat' dir='ltr'><strong>derivans</strong></span> <span class='ocrx_word' id='word_1_9' title='bbox 1155 750 1182 810; x_wconf 84' lang='lat' dir='ltr'><strong>A</strong></span> <span class='ocrx_word' id='word_1_10' title='bbox 1197 748 1226 804; x_wconf 87' lang='lat' dir='ltr'><strong>in</strong></span> <span class='ocrx_word' id='word_1_11' title='bbox 1239 750 1386 818; x_wconf 89' lang='lat' dir='ltr'><strong>somnis‚ei</strong></span> <span class='ocrx_word' id='word_1_12' title='bbox 1401 750 1537 805; x_wconf 81' lang='lat' dir='ltr'><strong>monrrisse</strong></span> <span class='ocrx_word' id='word_1_13' title='bbox 1551 764 1607 806; x_wconf 90' lang='lat' dir='ltr'><strong>non</strong></span> <span class='ocrx_word' id='word_1_14' title='bbox 1635 750 1860 805; x_wconf 77' lang='lat' dir='ltr'>illuminationem</span> <span class='ocrx_word' id='word_1_15' title='bbox 1874 750 1996 819; x_wconf 87' lang='lat' dir='ltr'><strong>corporis</strong></span> 
     </span>
     <span class='ocr_line' id='line_1_5' title="bbox 344 836 2002 911; baseline -0.002 -14"><span class='ocrx_word' id='word_1_16' title='bbox 344 842 485 897; x_wconf 75' lang='lat' dir='ltr'><strong>maionem.</strong></span> <span class='ocrx_word' id='word_1_17' title='bbox 511 840 569 897; x_wconf 91' lang='lat' dir='ltr'><strong>Neo</strong></span> <span class='ocrx_word' id='word_1_18' title='bbox 592 841 651 911; x_wconf 87' lang='lat' dir='ltr'><strong>ejas</strong></span> <span class='ocrx_word' id='word_1_19' title='bbox 675 840 816 895; x_wconf 79' lang='lat' dir='ltr'><strong>frustratus</strong></span> <span class='ocrx_word' id='word_1_20' title='bbox 840 847 882 895; x_wconf 88' lang='lat' dir='ltr'><strong>est</strong></span> <span class='ocrx_word' id='word_1_21' title='bbox 904 837 1065 905; x_wconf 84' lang='lat' dir='ltr'><strong>intellectus,</strong></span> <span class='ocrx_word' id='word_1_22' title='bbox 1079 850 1140 891; x_wconf 87' lang='lat' dir='ltr'><strong>cum</strong></span> <span class='ocrx_word' id='word_1_23' title='bbox 1195 853 1330 909; x_wconf 80' lang='lat' dir='ltr'><strong>quaerere,</strong></span> <span class='ocrx_word' id='word_1_24' title='bbox 1346 840 1393 895; x_wconf 88' lang='lat' dir='ltr'><strong>sed</strong></span> <span class='ocrx_word' id='word_1_25' title='bbox 1408 840 1528 895; x_wconf 89' lang='lat' dir='ltr'><strong>mentis:</strong></span> <span class='ocrx_word' id='word_1_26' title='bbox 1552 841 1663 895; x_wconf 88' lang='lat' dir='ltr'><strong>tandem</strong></span> <span class='ocrx_word' id='word_1_27' title='bbox 1683 848 1773 895; x_wconf 86' lang='lat' dir='ltr'><strong>tamen</strong></span> <span class='ocrx_word' id='word_1_28' title='bbox 1800 854 1882 908; x_wconf 88' lang='lat' dir='ltr'><strong>snper</strong></span> <span class='ocrx_word' id='word_1_29' title='bbox 1901 836 2002 908; x_wconf 88' lang='lat' dir='ltr'><strong>depre-</strong></span> 
     </span>
    </p>
   </div>
   <div class='ocr_carea' id='block_1_5' title="bbox 347 925 1150 1705">
    <p class='ocr_par' dir='ltr' id='par_1_5' title="bbox 347 925 1150 1705">
     <span class='ocr_line' id='line_1_6' title="bbox 348 925 1145 999; baseline -0.009 -14"><span class='ocrx_word' id='word_1_30' title='bbox 348 929 430 985; x_wconf 84' lang='lat' dir='ltr'><strong>smbo</strong></span> <span class='ocrx_word' id='word_1_31' title='bbox 445 929 496 985; x_wconf 83' lang='lat' dir='ltr'><strong>sab</strong></span> <span class='ocrx_word' id='word_1_32' title='bbox 510 929 608 985; x_wconf 87' lang='lat' dir='ltr'><strong>eodem</strong></span> <span class='ocrx_word' id='word_1_33' title='bbox 623 929 679 985; x_wconf 85' lang='lat' dir='ltr'><strong>iere</strong></span> <span class='ocrx_word' id='word_1_34' title='bbox 695 936 824 999; x_wconf 88' lang='lat' dir='ltr'><strong>ternpore,</strong></span> <span class='ocrx_word' id='word_1_35' title='bbox 845 927 967 997; x_wconf 89' lang='lat' dir='ltr'><strong>corporis</strong></span> <span class='ocrx_word' id='word_1_36' title='bbox 990 925 1070 994; x_wconf 82' lang='lat' dir='ltr'><strong>hujus</strong></span> <span class='ocrx_word' id='word_1_37' title='bbox 1094 938 1145 979; x_wconf 90' lang='lat' dir='ltr'><strong>an-</strong></span> 
     </span>
     <span class='ocr_line' id='line_1_7' title="bbox 347 1012 1146 1091; baseline -0.009 -17"><span class='ocrx_word' id='word_1_38' title='bbox 347 1018 451 1091; x_wconf 72' lang='lat' dir='ltr'><strong>gustias</strong></span> <span class='ocrx_word' id='word_1_39' title='bbox 477 1018 596 1073; x_wconf 78' lang='lat' dir='ltr'><strong>evasisse</strong></span> <span class='ocrx_word' id='word_1_40' title='bbox 619 1024 810 1073; x_wconf 88' lang='lat' dir='ltr'><strong>memorentur.</strong></span> <span class='ocrx_word' id='word_1_41' title='bbox 825 1016 1007 1085; x_wconf 73' lang='lat' dir='ltr'><strong>alienaeque</strong></span> <span class='ocrx_word' id='word_1_42' title='bbox 1031 1012 1146 1068; x_wconf 85' lang='lat' dir='ltr'><strong>urerito-</strong></span> 
     </span>
     <span class='ocr_line' id='line_1_8' title="bbox 347 1102 1146 1177; baseline -0.009 -15"><span class='ocrx_word' id='word_1_43' title='bbox 347 1122 406 1162; x_wconf 85' lang='lat' dir='ltr'><strong>ram</strong></span> <span class='ocrx_word' id='word_1_44' title='bbox 421 1106 495 1162; x_wconf 87' lang='lat' dir='ltr'><strong>beati</strong></span> <span class='ocrx_word' id='word_1_45' title='bbox 514 1105 564 1161; x_wconf 89' lang='lat' dir='ltr'><strong>riri</strong></span> <span class='ocrx_word' id='word_1_46' title='bbox 579 1104 732 1161; x_wconf 83' lang='lat' dir='ltr'><strong>clamarunt</strong></span> <span class='ocrx_word' id='word_1_47' title='bbox 747 1104 876 1177; x_wconf 79' lang='lat' dir='ltr'><strong>insignia,</strong></span> <span class='ocrx_word' id='word_1_48' title='bbox 892 1116 952 1174; x_wconf 79' lang='lat' dir='ltr'><strong>que</strong></span> <span class='ocrx_word' id='word_1_49' title='bbox 966 1102 1039 1157; x_wconf 87' lang='lat' dir='ltr'><strong>circa</strong></span> <span class='ocrx_word' id='word_1_50' title='bbox 1054 1102 1146 1156; x_wconf 91' lang='lat' dir='ltr'><strong>deten-</strong></span> 
     </span>
     <span class='ocr_line' id='line_1_9' title="bbox 347 1194 1147 1267; baseline -0.009 -16"><span class='ocrx_word' id='word_1_51' title='bbox 347 1194 486 1251; x_wconf 86' lang='lat' dir='ltr'><strong>tosrariis</strong></span> <span class='ocrx_word' id='word_1_52' title='bbox 509 1194 691 1267; x_wconf 77' lang='lat' dir='ltr'><strong>languoribus</strong></span> <span class='ocrx_word' id='word_1_53' title='bbox 704 1200 891 1263; x_wconf 73' lang='lat' dir='ltr'>postmortem</span> <span class='ocrx_word' id='word_1_54' title='bbox 914 1206 1024 1265; x_wconf 86' lang='lat' dir='ltr'><strong>quoque</strong></span> <span class='ocrx_word' id='word_1_55' title='bbox 1052 1204 1147 1260; x_wconf 87' lang='lat' dir='ltr'><strong>perpe·</strong></span> 
     </span>
     <span class='ocr_line' id='line_1_10' title="bbox 350 1274 1149 1355; baseline -0.006 -18"><span class='ocrx_word' id='word_1_56' title='bbox 350 1291 416 1339; x_wconf 86' lang='lat' dir='ltr'><strong>trata</strong></span> <span class='ocrx_word' id='word_1_57' title='bbox 437 1283 573 1355; x_wconf 78' lang='lat' dir='ltr'><strong>leguntur,</strong></span> <span class='ocrx_word' id='word_1_58' title='bbox 608 1283 755 1339; x_wconf 91' lang='lat' dir='ltr'><strong>llincmaro</strong></span> <span class='ocrx_word' id='word_1_59' title='bbox 778 1282 885 1337; x_wconf 89' lang='lat' dir='ltr'><strong>cuidam</strong></span> <span class='ocrx_word' id='word_1_60' title='bbox 904 1274 1149 1350; x_wconf 65' lang='lat' dir='ltr'><strong>superexcrescens</strong></span> 
     </span>
     <span class='ocr_line' id='line_1_11' title="bbox 350 1366 1148 1445; baseline -0.009 -18"><span class='ocrx_word' id='word_1_61' title='bbox 350 1372 451 1445; x_wconf 87' lang='lat' dir='ltr'><strong>albugo</strong></span> <span class='ocrx_word' id='word_1_62' title='bbox 466 1371 582 1443; x_wconf 85' lang='lat' dir='ltr'><strong>pupillas</strong></span> <span class='ocrx_word' id='word_1_63' title='bbox 598 1370 736 1427; x_wconf 81' lang='lat' dir='ltr'><strong>oculrrrum</strong></span> <span class='ocrx_word' id='word_1_64' title='bbox 752 1370 903 1437; x_wconf 79' lang='lat' dir='ltr'><strong>obtexerat,</strong></span> <span class='ocrx_word' id='word_1_65' title='bbox 925 1382 1041 1437; x_wconf 80' lang='lat' dir='ltr'><strong>eramque</strong></span> <span class='ocrx_word' id='word_1_66' title='bbox 1056 1368 1084 1422; x_wconf 92' lang='lat' dir='ltr'><strong>iu</strong></span> <span class='ocrx_word' id='word_1_67' title='bbox 1094 1366 1148 1421; x_wconf 90' lang='lat' dir='ltr'><strong>mi-</strong></span> 
     </span>
     <span class='ocr_line' id='line_1_12' title="bbox 350 1457 1148 1525; baseline -0.009 -10"><span class='ocrx_word' id='word_1_68' title='bbox 350 1462 498 1517; x_wconf 84' lang='lat' dir='ltr'><strong>serabilem</strong></span> <span class='ocrx_word' id='word_1_69' title='bbox 517 1461 695 1516; x_wconf 79' lang='lat' dir='ltr'><strong>damnaverat</strong></span> <span class='ocrx_word' id='word_1_70' title='bbox 709 1460 857 1516; x_wconf 88' lang='lat' dir='ltr'><strong>caecitatem</strong></span> <span class='ocrx_word' id='word_1_71' title='bbox 874 1476 880 1521; x_wconf 91' lang='lat'>;</span> <span class='ocrx_word' id='word_1_72' title='bbox 898 1457 941 1513; x_wconf 87' lang='lat' dir='ltr'><strong>cui</strong></span> <span class='ocrx_word' id='word_1_73' title='bbox 956 1470 1017 1511; x_wconf 89' lang='lat' dir='ltr'><strong>cum</strong></span> <span class='ocrx_word' id='word_1_74' title='bbox 1033 1470 1148 1525; x_wconf 74' lang='lat' dir='ltr'><strong>reserpe-</strong></span> 
     </span>
     <span class='ocr_line' id='line_1_13' title="bbox 351 1544 1150 1619; baseline -0.009 -14"><span class='ocrx_word' id='word_1_75' title='bbox 351 1551 445 1606; x_wconf 82' lang='lat' dir='ltr'><strong>randae</strong></span> <span class='ocrx_word' id='word_1_76' title='bbox 455 1550 550 1605; x_wconf 88' lang='lat' dir='ltr'><strong>salutis</strong></span> <span class='ocrx_word' id='word_1_77' title='bbox 559 1566 622 1619; x_wconf 87' lang='lat' dir='ltr'><strong>spes</strong></span> <span class='ocrx_word' id='word_1_78' title='bbox 631 1564 665 1604; x_wconf 84' lang='lat' dir='ltr'><strong>ex</strong></span> <span class='ocrx_word' id='word_1_79' title='bbox 679 1549 786 1604; x_wconf 89' lang='lat' dir='ltr'><strong>meritis</strong></span> <span class='ocrx_word' id='word_1_80' title='bbox 800 1556 827 1604; x_wconf 89' lang='lat' dir='ltr'><strong>et</strong></span> <span class='ocrx_word' id='word_1_81' title='bbox 841 1550 996 1603; x_wconf 87' lang='lat' dir='ltr'><strong>interventu</strong></span> <span class='ocrx_word' id='word_1_82' title='bbox 1019 1544 1150 1614; x_wconf 76' lang='lat' dir='ltr'><strong>penderet</strong></span> 
     </span>
     <span class='ocr_line' id='line_1_14' title="bbox 350 1634 1150 1705; baseline -0.005 -12"><span class='ocrx_word' id='word_1_83' title='bbox 350 1638 465 1705; x_wconf 84' lang='lat' dir='ltr'><strong>abbatis,</strong></span> <span class='ocrx_word' id='word_1_84' title='bbox 488 1645 652 1695; x_wconf 86' lang='lat' dir='ltr'><strong>memoratur</strong></span> <span class='ocrx_word' id='word_1_85' title='bbox 680 1637 779 1692; x_wconf 81' lang='lat' dir='ltr'><strong>Christi</strong></span> <span class='ocrx_word' id='word_1_86' title='bbox 801 1638 932 1692; x_wconf 82' lang='lat' dir='ltr'><strong>famulum</strong></span> <span class='ocrx_word' id='word_1_87' title='bbox 952 1634 977 1691; x_wconf 88' lang='lat' dir='ltr'><strong>ei</strong></span> <span class='ocrx_word' id='word_1_88' title='bbox 992 1634 1150 1705; x_wconf 77' lang='lat' dir='ltr'><strong>apparuisse</strong></span> 
     </span>
    </p>
   </div>
   <div class='ocr_carea' id='block_1_6' title="bbox 908 1976 1137 2118">
    <p class='ocr_par' dir='ltr' id='par_1_6' title="bbox 908 1976 1137 2118">
     <span class='ocr_line' id='line_1_15' title="bbox 908 1976 1137 2118; baseline -0.013 -4"><span class='ocrx_word' id='word_1_89' title='bbox 908 1976 1137 2118; x_wconf 78' lang='lat' dir='ltr'><strong>Atta</strong></span> 
     </span>
    </p>
   </div>
   <div class='ocr_carea' id='block_1_7' title="bbox 1199 925 2002 1705">
    <p class='ocr_par' dir='ltr' id='par_1_7' title="bbox 1199 925 2002 1705">
     <span class='ocr_line' id='line_1_16' title="bbox 1199 925 2002 998; baseline -0.002 -17"><span class='ocrx_word' id='word_1_90' title='bbox 1199 927 1285 981; x_wconf 77' lang='lat' dir='ltr'><strong>eunus</strong></span> <span class='ocrx_word' id='word_1_91' title='bbox 1306 927 1409 981; x_wconf 89' lang='lat' dir='ltr'><strong>lumina</strong></span> <span class='ocrx_word' id='word_1_92' title='bbox 1421 928 1599 998; x_wconf 83' lang='lat' dir='ltr'><strong>signocrucis</strong></span> <span class='ocrx_word' id='word_1_93' title='bbox 1617 928 1760 997; x_wconf 88' lang='lat' dir='ltr'><strong>impresso,</strong></span> <span class='ocrx_word' id='word_1_94' title='bbox 1785 926 1927 982; x_wconf 82' lang='lat' dir='ltr'><strong>recessisse</strong></span> <span class='ocrx_word' id='word_1_95' title='bbox 1952 925 2002 979; x_wconf 85' lang='lat' dir='ltr'><strong>Del</strong></span> 
     </span>
     <span class='ocr_line' id='line_1_17' title="bbox 1200 1013 2000 1082; baseline -0.004 -14"><span class='ocrx_word' id='word_1_96' title='bbox 1200 1014 1342 1081; x_wconf 83' lang='lat' dir='ltr'><strong>famulum,</strong></span> <span class='ocrx_word' id='word_1_97' title='bbox 1371 1022 1397 1069; x_wconf 88' lang='lat' dir='ltr'><strong>et</strong></span> <span class='ocrx_word' id='word_1_98' title='bbox 1419 1014 1566 1070; x_wconf 78' lang='lat' dir='ltr'><strong>abstersam</strong></span> <span class='ocrx_word' id='word_1_99' title='bbox 1581 1017 1667 1070; x_wconf 77' lang='lat' dir='ltr'><strong>ocntm</strong></span> <span class='ocrx_word' id='word_1_100' title='bbox 1690 1015 1851 1071; x_wconf 66' lang='lat' dir='ltr'><strong>caecitatem.</strong></span> <span class='ocrx_word' id='word_1_101' title='bbox 1884 1013 2000 1082; x_wconf 79' lang='lat' dir='ltr'><strong>Quidem</strong></span> 
     </span>
     <span class='ocr_line' id='line_1_18' title="bbox 1199 1102 1999 1174; baseline -0.003 -18"><span class='ocrx_word' id='word_1_102' title='bbox 1199 1117 1309 1174; x_wconf 87' lang='lat' dir='ltr'><strong>quoque</strong></span> <span class='ocrx_word' id='word_1_103' title='bbox 1322 1102 1674 1170; x_wconf 83' lang='lat' dir='ltr'><strong>l1·ntrum,nomioeGuido,</strong></span> <span class='ocrx_word' id='word_1_104' title='bbox 1695 1117 1755 1159; x_wconf 89' lang='lat' dir='ltr'><strong>cnm</strong></span> <span class='ocrx_word' id='word_1_105' title='bbox 1776 1103 1999 1174; x_wconf 80' lang='lat' dir='ltr'><strong>tranquillitatem</strong></span> 
     </span>
     <span class='ocr_line' id='line_1_19' title="bbox 1200 1190 2001 1261; baseline -0.001 -17"><span class='ocrx_word' id='word_1_106' title='bbox 1200 1191 1300 1244; x_wconf 86' lang='lat' dir='ltr'><strong>mentis</strong></span> <span class='ocrx_word' id='word_1_107' title='bbox 1319 1190 1400 1244; x_wconf 89' lang='lat' dir='ltr'><strong>simul</strong></span> <span class='ocrx_word' id='word_1_108' title='bbox 1412 1198 1439 1245; x_wconf 90' lang='lat' dir='ltr'><strong>et</strong></span> <span class='ocrx_word' id='word_1_109' title='bbox 1450 1192 1572 1261; x_wconf 88' lang='lat' dir='ltr'><strong>corporis</strong></span> <span class='ocrx_word' id='word_1_110' title='bbox 1586 1204 1657 1246; x_wconf 90' lang='lat' dir='ltr'><strong>nova</strong></span> <span class='ocrx_word' id='word_1_111' title='bbox 1672 1192 1697 1246; x_wconf 88' lang='lat' dir='ltr'><strong>ei</strong></span> <span class='ocrx_word' id='word_1_112' title='bbox 1711 1192 1877 1246; x_wconf 73' lang='lat' dir='ltr'><strong>excussisset</strong></span> <span class='ocrx_word' id='word_1_113' title='bbox 1902 1204 2001 1245; x_wconf 87' lang='lat' dir='ltr'><strong>nmen-</strong></span> 
     </span>
     <span class='ocr_line' id='line_1_20' title="bbox 1202 1278 2000 1348; baseline 0.003 -16"><span class='ocrx_word' id='word_1_114' title='bbox 1202 1278 1249 1345; x_wconf 90' lang='lat' dir='ltr'><strong>tia,</strong></span> <span class='ocrx_word' id='word_1_115' title='bbox 1277 1278 1409 1333; x_wconf 89' lang='lat' dir='ltr'><strong>deductus</strong></span> <span class='ocrx_word' id='word_1_116' title='bbox 1444 1280 1479 1332; x_wconf 89' lang='lat' dir='ltr'><strong>ad</strong></span> <span class='ocrx_word' id='word_1_117' title='bbox 1506 1279 1661 1348; x_wconf 90' lang='lat' dir='ltr'><strong>sepulcrum</strong></span> <span class='ocrx_word' id='word_1_118' title='bbox 1686 1278 1759 1335; x_wconf 88' lang='lat' dir='ltr'><strong>beati</strong></span> <span class='ocrx_word' id='word_1_119' title='bbox 1795 1280 1857 1347; x_wconf 85' lang='lat' dir='ltr'><strong>riri,</strong></span> <span class='ocrx_word' id='word_1_120' title='bbox 1886 1278 2000 1348; x_wconf 88' lang='lat' dir='ltr'><strong>depulso</strong></span> 
     </span>
     <span class='ocr_line' id='line_1_21' title="bbox 1203 1366 2001 1438; baseline 0.001 -19"><span class='ocrx_word' id='word_1_121' title='bbox 1203 1366 1304 1437; x_wconf 85' lang='lat' dir='ltr'><strong>quievit</strong></span> <span class='ocrx_word' id='word_1_122' title='bbox 1318 1366 1502 1432; x_wconf 87' lang='lat' dir='ltr'><strong>incommodo,</strong></span> <span class='ocrx_word' id='word_1_123' title='bbox 1519 1368 1573 1421; x_wconf 88' lang='lat' dir='ltr'><strong>sibi</strong></span> <span class='ocrx_word' id='word_1_124' title='bbox 1589 1368 1689 1438; x_wconf 92' lang='lat' dir='ltr'><strong>pariter</strong></span> <span class='ocrx_word' id='word_1_125' title='bbox 1700 1377 1728 1423; x_wconf 91' lang='lat' dir='ltr'><strong>et</strong></span> <span class='ocrx_word' id='word_1_126' title='bbox 1754 1367 1899 1423; x_wconf 90' lang='lat' dir='ltr'><strong>conventui</strong></span> <span class='ocrx_word' id='word_1_127' title='bbox 1915 1367 2001 1422; x_wconf 87' lang='lat' dir='ltr'><strong>sacris</strong></span> 
     </span>
     <span class='ocr_line' id='line_1_22' title="bbox 1203 1454 2001 1525; baseline 0 -16"><span class='ocrx_word' id='word_1_128' title='bbox 1203 1456 1260 1523; x_wconf 77' lang='lat' dir='ltr'><strong>eius</strong></span> <span class='ocrx_word' id='word_1_129' title='bbox 1286 1454 1390 1507; x_wconf 87' lang='lat' dir='ltr'><strong>meritis</strong></span> <span class='ocrx_word' id='word_1_130' title='bbox 1410 1455 1556 1518; x_wconf 86' lang='lat' dir='ltr'><strong>restitutus,</strong></span> <span class='ocrx_word' id='word_1_131' title='bbox 1591 1461 1725 1525; x_wconf 79' lang='lat' dir='ltr'><strong>praesente</strong></span> <span class='ocrx_word' id='word_1_132' title='bbox 1757 1457 1877 1511; x_wconf 86' lang='lat' dir='ltr'><strong>Domino</strong></span> <span class='ocrx_word' id='word_1_133' title='bbox 1909 1460 2001 1509; x_wconf 87' lang='lat' dir='ltr'><strong>nostro</strong></span> 
     </span>
     <span class='ocr_line' id='line_1_23' title="bbox 1202 1542 2000 1615; baseline 0 -18"><span class='ocrx_word' id='word_1_134' title='bbox 1202 1544 1265 1598; x_wconf 85' lang='lat' dir='ltr'><strong>iesu</strong></span> <span class='ocrx_word' id='word_1_135' title='bbox 1281 1542 1394 1609; x_wconf 80' lang='lat' dir='ltr'><strong>Christe,</strong></span> <span class='ocrx_word' id='word_1_136' title='bbox 1405 1542 1449 1612; x_wconf 85' lang='lat' dir='ltr'><strong>qui</strong></span> <span class='ocrx_word' id='word_1_137' title='bbox 1464 1558 1527 1597; x_wconf 91' lang='lat' dir='ltr'><strong>cura</strong></span> <span class='ocrx_word' id='word_1_138' title='bbox 1543 1546 1622 1599; x_wconf 84' lang='lat' dir='ltr'><strong>Patre</strong></span> <span class='ocrx_word' id='word_1_139' title='bbox 1635 1552 1660 1599; x_wconf 94' lang='lat' dir='ltr'><strong>et</strong></span> <span class='ocrx_word' id='word_1_140' title='bbox 1684 1545 1785 1615; x_wconf 75' lang='lat' dir='ltr'><strong>Spiritu</strong></span> <span class='ocrx_word' id='word_1_141' title='bbox 1810 1552 1906 1599; x_wconf 87' lang='lat' dir='ltr'><strong>sancto</strong></span> <span class='ocrx_word' id='word_1_142' title='bbox 1934 1543 2000 1600; x_wconf 85' lang='lat' dir='ltr'><strong>vivit</strong></span> 
     </span>
     <span class='ocr_line' id='line_1_24' title="bbox 1204 1630 1750 1705; baseline 0.002 -18"><span class='ocrx_word' id='word_1_143' title='bbox 1204 1639 1231 1688; x_wconf 90' lang='lat' dir='ltr'><strong>et</strong></span> <span class='ocrx_word' id='word_1_144' title='bbox 1242 1630 1511 1705; x_wconf 81' lang='lat' dir='ltr'><strong>regnatperiniinita</strong></span> <span class='ocrx_word' id='word_1_145' title='bbox 1525 1634 1634 1689; x_wconf 69' lang='lat' dir='ltr'><strong>meula.</strong></span> <span class='ocrx_word' id='word_1_146' title='bbox 1652 1635 1750 1689; x_wconf 79' lang='lat' dir='ltr'><strong>Amen.</strong></span> 
     </span>
    </p>
   </div>
   <div class='ocr_carea' id='block_1_8' title="bbox 1203 1978 1434 2117">
    <p class='ocr_par' dir='ltr' id='par_1_8' title="bbox 1203 1978 1434 2117">
     <span class='ocr_line' id='line_1_25' title="bbox 1203 1978 1434 2117; baseline 0.009 -2"><span class='ocrx_word' id='word_1_147' title='bbox 1203 1978 1434 2117; x_wconf 73' lang='lat' dir='ltr'><strong>vltis</strong></span> 
     </span>
    </p>
   </div>
   <div class='ocr_carea' id='block_1_9' title="bbox 505 2244 1838 2319">
    <p class='ocr_par' dir='ltr' id='par_1_9' title="bbox 505 2244 1838 2319">
     <span class='ocr_line' id='line_1_26' title="bbox 505 2244 1838 2319; baseline -0.004 -10"><span class='ocrx_word' id='word_1_148' title='bbox 505 2252 670 2311; x_wconf 74' lang='lat' dir='ltr'><strong>AUCTORE</strong></span> <span class='ocrx_word' id='word_1_149' title='bbox 685 2249 883 2319; x_wconf 73' lang='lat' dir='ltr'><strong>etruscae,</strong></span> <span class='ocrx_word' id='word_1_150' title='bbox 899 2250 973 2307; x_wconf 83' lang='grc' dir='ltr'><strong>ΑΒΒ.</strong></span> <span class='ocrx_word' id='word_1_151' title='bbox 990 2245 1251 2317; x_wconf 71' lang='lat' dir='ltr'><strong>vezeliacensi,</strong></span> <span class='ocrx_word' id='word_1_152' title='bbox 1266 2244 1400 2305; x_wconf 80' lang='lat' dir='ltr'><strong>DEINDE</strong></span> <span class='ocrx_word' id='word_1_153' title='bbox 1415 2246 1578 2308; x_wconf 75' lang='lat' dir='ltr'><strong>auctrice.</strong></span> <span class='ocrx_word' id='word_1_154' title='bbox 1598 2250 1838 2308; x_wconf 84' lang='lat' dir='ltr'>LUGDUNENSI.</span> 
     </span>
    </p>
   </div>
   <div class='ocr_carea' id='block_1_10' title="bbox 565 2398 1787 2475">
    <p class='ocr_par' dir='ltr' id='par_1_10' title="bbox 565 2398 1787 2475">
     <span class='ocr_line' id='line_1_27' title="bbox 565 2398 1787 2475; baseline -0.004 -12"><span class='ocrx_word' id='word_1_155' title='bbox 565 2407 619 2475; x_wconf 72' lang='lat' dir='ltr'><strong>(aa</strong></span> <span class='ocrx_word' id='word_1_156' title='bbox 634 2420 688 2459; x_wconf 83' lang='lat' dir='ltr'><strong>rar.</strong></span> <span class='ocrx_word' id='word_1_157' title='bbox 705 2403 836 2461; x_wconf 81' lang='lat' dir='ltr'><strong>sereniss.</strong></span> <span class='ocrx_word' id='word_1_158' title='bbox 854 2402 1005 2459; x_wconf 74' lang='lat' dir='ltr'><strong>christine</strong></span> <span class='ocrx_word' id='word_1_159' title='bbox 1020 2401 1125 2472; x_wconf 81' lang='lat' dir='ltr'><strong>repieta</strong></span> <span class='ocrx_word' id='word_1_160' title='bbox 1141 2398 1258 2466; x_wconf 77' lang='lat' dir='ltr'><strong>Suesia,</strong></span> <span class='ocrx_word' id='word_1_161' title='bbox 1274 2404 1305 2455; x_wconf 86' lang='lat' dir='ltr'><strong>et</strong></span> <span class='ocrx_word' id='word_1_162' title='bbox 1316 2401 1374 2457; x_wconf 86' lang='lat' dir='ltr'><strong>otio</strong></span> <span class='ocrx_word' id='word_1_163' title='bbox 1388 2403 1502 2475; x_wconf 83' lang='lat' dir='ltr'><strong>cottept&#39;t</strong></span> <span class='ocrx_word' id='word_1_164' title='bbox 1515 2404 1609 2459; x_wconf 83' lang='lat' dir='ltr'><strong>nostri</strong></span> <span class='ocrx_word' id='word_1_165' title='bbox 1622 2404 1787 2472; x_wconf 71' lang='lat' dir='ltr'><strong>dementi.)</strong></span> 
     </span>
    </p>
   </div>
   <div class='ocr_carea' id='block_1_11' title="bbox 1068 2566 1280 2577">
    <p class='ocr_par' dir='ltr' id='par_1_11' title="bbox 1068 2566 1280 2577">
     <span class='ocr_line' id='line_1_28' title="bbox 1068 2566 1280 2577; baseline 0 0"><span class='ocrx_word' id='word_1_166' title='bbox 1068 2566 1280 2577; x_wconf 50' lang='lat' dir='ltr'><strong>——Q-—uw</strong></span> 
     </span>
    </p>
   </div>
   <div class='ocr_carea' id='block_1_12' title="bbox 649 2721 843 2779">
    <p class='ocr_par' dir='ltr' id='par_1_12' title="bbox 649 2721 843 2779">
     <span class='ocr_line' id='line_1_29' title="bbox 649 2721 843 2779; baseline -0.01 -2"><span class='ocrx_word' id='word_1_167' title='bbox 649 2721 843 2779; x_wconf 83' lang='lat' dir='ltr'>PROLOGUS.</span> 
     </span>
    </p>
   </div>
   <div class='ocr_carea' id='block_1_13' title="bbox 343 2835 1147 4058">
    <p class='ocr_par' dir='ltr' id='par_1_13' title="bbox 343 2835 1147 4058">
     <span class='ocr_line' id='line_1_30' title="bbox 381 2835 1145 2897; baseline -0.009 0"><span class='ocrx_word' id='word_1_168' title='bbox 381 2839 524 2897; x_wconf 87' lang='lat' dir='ltr'><strong>Universis</strong></span> <span class='ocrx_word' id='word_1_169' title='bbox 540 2838 669 2895; x_wconf 73' lang='lat' dir='ltr'><strong>Ecclesia</strong></span> <span class='ocrx_word' id='word_1_170' title='bbox 685 2838 871 2893; x_wconf 78' lang='lat' dir='ltr'><strong>cluniacensis</strong></span> <span class='ocrx_word' id='word_1_171' title='bbox 892 2836 954 2891; x_wconf 75' lang='lat' dir='ltr'><strong>filiis</strong></span> <span class='ocrx_word' id='word_1_172' title='bbox 968 2836 1050 2891; x_wconf 86' lang='lat' dir='ltr'><strong>irater</strong></span> <span class='ocrx_word' id='word_1_173' title='bbox 1070 2835 1145 2891; x_wconf 81' lang='lat' dir='ltr'><strong>ilar-</strong></span> 
     </span>
     <span class='ocr_line' id='line_1_31' title="bbox 347 2924 1144 2997; baseline -0.005 -14"><span class='ocrx_word' id='word_1_174' title='bbox 347 2944 468 2997; x_wconf 80' lang='lat' dir='ltr'><strong>uannus,</strong></span> <span class='ocrx_word' id='word_1_175' title='bbox 497 2928 697 2985; x_wconf 78' lang='lat' dir='ltr'><strong>vezeliacensis</strong></span> <span class='ocrx_word' id='word_1_176' title='bbox 729 2926 869 2993; x_wconf 86' lang='lat' dir='ltr'><strong>Ecclesiae,</strong></span> <span class='ocrx_word' id='word_1_177' title='bbox 896 2941 950 2981; x_wconf 91' lang='lat' dir='ltr'><strong>nen</strong></span> <span class='ocrx_word' id='word_1_178' title='bbox 976 2933 1031 2979; x_wconf 91' lang='lat' dir='ltr'><strong>tam</strong></span> <span class='ocrx_word' id='word_1_179' title='bbox 1058 2924 1144 2981; x_wconf 84' lang='lat' dir='ltr'><strong>abbas</strong></span> 
     </span>
     <span class='ocr_line' id='line_1_32' title="bbox 345 3012 1146 3089; baseline -0.005 -18"><span class='ocrx_word' id='word_1_180' title='bbox 345 3032 424 3089; x_wconf 87' lang='lat' dir='ltr'><strong>quam</strong></span> <span class='ocrx_word' id='word_1_181' title='bbox 441 3016 587 3084; x_wconf 88' lang='lat' dir='ltr'><strong>servus,in</strong></span> <span class='ocrx_word' id='word_1_182' title='bbox 612 3016 731 3071; x_wconf 90' lang='lat' dir='ltr'><strong>Domino</strong></span> <span class='ocrx_word' id='word_1_183' title='bbox 754 3014 879 3069; x_wconf 86' lang='lat' dir='ltr'><strong>salutem.</strong></span> <span class='ocrx_word' id='word_1_184' title='bbox 905 3013 974 3069; x_wconf 85' lang='lat' dir='ltr'><strong>Cum</strong></span> <span class='ocrx_word' id='word_1_185' title='bbox 1001 3012 1146 3068; x_wconf 90' lang='lat' dir='ltr'><strong>multorum</strong></span> 
     </span>
     <span class='ocr_line' id='line_1_33' title="bbox 344 3102 1147 3177; baseline -0.005 -18"><span class='ocrx_word' id='word_1_186' title='bbox 344 3103 459 3159; x_wconf 88' lang='lat' dir='ltr'><strong>iratrum</strong></span> <span class='ocrx_word' id='word_1_187' title='bbox 483 3105 593 3161; x_wconf 88' lang='lat' dir='ltr'><strong>monitis</strong></span> <span class='ocrx_word' id='word_1_188' title='bbox 621 3120 727 3177; x_wconf 82' lang='lat' dir='ltr'><strong>urgear,</strong></span> <span class='ocrx_word' id='word_1_189' title='bbox 753 3111 781 3157; x_wconf 92' lang='lat' dir='ltr'><strong>ui</strong></span> <span class='ocrx_word' id='word_1_190' title='bbox 805 3104 890 3159; x_wconf 84' lang='lat' dir='ltr'><strong>Vitam</strong></span> <span class='ocrx_word' id='word_1_191' title='bbox 928 3102 1042 3173; x_wconf 82' lang='lat' dir='ltr'><strong>piissimi</strong></span> <span class='ocrx_word' id='word_1_192' title='bbox 1063 3103 1147 3155; x_wconf 87' lang='lat' dir='ltr'><strong>Patris</strong></span> 
     </span>
     <span class='ocr_line' id='line_1_34' title="bbox 344 3190 1146 3263; baseline -0.004 -16"><span class='ocrx_word' id='word_1_193' title='bbox 344 3192 446 3249; x_wconf 91' lang='lat' dir='ltr'><strong>domini</strong></span> <span class='ocrx_word' id='word_1_194' title='bbox 462 3193 583 3263; x_wconf 74' lang='lat' dir='ltr'><strong>liugonis</strong></span> <span class='ocrx_word' id='word_1_195' title='bbox 598 3190 899 3247; x_wconf 88' lang='lat' dir='ltr'><strong>Cluniacensisabbatis</strong></span> <span class='ocrx_word' id='word_1_196' title='bbox 928 3191 1065 3245; x_wconf 88' lang='lat' dir='ltr'><strong>succincte</strong></span> <span class='ocrx_word' id='word_1_197' title='bbox 1093 3190 1146 3245; x_wconf 90' lang='lat' dir='ltr'><strong>de-</strong></span> 
     </span>
     <span class='ocr_line' id='line_1_35' title="bbox 346 3278 1146 3351; baseline -0.003 -16"><span class='ocrx_word' id='word_1_198' title='bbox 346 3281 475 3349; x_wconf 86' lang='lat' dir='ltr'><strong>scribam,</strong></span> <span class='ocrx_word' id='word_1_199' title='bbox 493 3280 642 3347; x_wconf 90' lang='lat' dir='ltr'><strong>devotioni,</strong></span> <span class='ocrx_word' id='word_1_200' title='bbox 655 3296 709 3335; x_wconf 91' lang='lat' dir='ltr'><strong>nnn</strong></span> <span class='ocrx_word' id='word_1_201' title='bbox 722 3278 928 3351; x_wconf 73' lang='lat' dir='ltr'><strong>praesumptioni</strong></span> <span class='ocrx_word' id='word_1_202' title='bbox 937 3279 1066 3333; x_wconf 87' lang='lat' dir='ltr'><strong>inservire</strong></span> <span class='ocrx_word' id='word_1_203' title='bbox 1081 3278 1146 3333; x_wconf 91' lang='lat' dir='ltr'><strong>mihi</strong></span> 
     </span>
     <span class='ocr_line' id='line_1_36' title="bbox 346 3368 1145 3440; baseline -0.005 -14"><span class='ocrx_word' id='word_1_204' title='bbox 346 3372 490 3428; x_wconf 88' lang='lat' dir='ltr'><strong>eonsilium</strong></span> <span class='ocrx_word' id='word_1_205' title='bbox 501 3378 554 3426; x_wconf 87' lang='lat' dir='ltr'><strong>est.</strong></span> <span class='ocrx_word' id='word_1_206' title='bbox 574 3369 653 3437; x_wconf 78' lang='lat' dir='ltr'><strong>Quod</strong></span> <span class='ocrx_word' id='word_1_207' title='bbox 669 3369 693 3422; x_wconf 88' lang='lat' dir='ltr'><strong>si</strong></span> <span class='ocrx_word' id='word_1_208' title='bbox 710 3368 776 3424; x_wconf 90' lang='lat' dir='ltr'><strong>torte</strong></span> <span class='ocrx_word' id='word_1_209' title='bbox 795 3369 911 3439; x_wconf 87' lang='lat' dir='ltr'><strong>aiicujus</strong></span> <span class='ocrx_word' id='word_1_210' title='bbox 927 3368 1028 3423; x_wconf 90' lang='lat' dir='ltr'><strong>altioris</strong></span> <span class='ocrx_word' id='word_1_211' title='bbox 1042 3368 1145 3440; x_wconf 79' lang='lat' dir='ltr'><strong>ingenii</strong></span> 
     </span>
     <span class='ocr_line' id='line_1_37' title="bbox 346 3456 1144 3528; baseline -0.006 -14"><span class='ocrx_word' id='word_1_212' title='bbox 346 3461 396 3514; x_wconf 91' lang='lat' dir='ltr'><strong>viri</strong></span> <span class='ocrx_word' id='word_1_213' title='bbox 420 3459 540 3516; x_wconf 90' lang='lat' dir='ltr'><strong>studium</strong></span> <span class='ocrx_word' id='word_1_214' title='bbox 569 3458 597 3512; x_wconf 90' lang='lat' dir='ltr'><strong>in</strong></span> <span class='ocrx_word' id='word_1_215' title='bbox 623 3457 674 3513; x_wconf 90' lang='lat' dir='ltr'><strong>boc</strong></span> <span class='ocrx_word' id='word_1_216' title='bbox 705 3473 788 3528; x_wconf 91' lang='lat' dir='ltr'><strong>opere</strong></span> <span class='ocrx_word' id='word_1_217' title='bbox 821 3465 882 3512; x_wconf 89' lang='lat' dir='ltr'><strong>aute</strong></span> <span class='ocrx_word' id='word_1_218' title='bbox 911 3472 961 3512; x_wconf 92' lang='lat' dir='ltr'><strong>uos</strong></span> <span class='ocrx_word' id='word_1_219' title='bbox 998 3456 1144 3520; x_wconf 85' lang='lat' dir='ltr'><strong>desudarit,</strong></span> 
     </span>
     <span class='ocr_line' id='line_1_38' title="bbox 345 3543 1145 3617; baseline -0.004 -14"><span class='ocrx_word' id='word_1_220' title='bbox 345 3564 408 3617; x_wconf 91' lang='lat' dir='ltr'><strong>non,</strong></span> <span class='ocrx_word' id='word_1_221' title='bbox 430 3556 459 3602; x_wconf 91' lang='lat' dir='ltr'><strong>ut</strong></span> <span class='ocrx_word' id='word_1_222' title='bbox 473 3547 548 3602; x_wconf 90' lang='lat' dir='ltr'><strong>illum</strong></span> <span class='ocrx_word' id='word_1_223' title='bbox 570 3543 714 3606; x_wconf 79' lang='lat' dir='ltr'><strong>offuscare,</strong></span> <span class='ocrx_word' id='word_1_224' title='bbox 734 3561 779 3600; x_wconf 90' lang='lat' dir='ltr'><strong>me</strong></span> <span class='ocrx_word' id='word_1_225' title='bbox 803 3555 892 3602; x_wconf 87' lang='lat' dir='ltr'><strong>antem</strong></span> <span class='ocrx_word' id='word_1_226' title='bbox 920 3545 1024 3600; x_wconf 89' lang='lat' dir='ltr'><strong>clarum</strong></span> <span class='ocrx_word' id='word_1_227' title='bbox 1056 3544 1145 3600; x_wconf 89' lang='lat' dir='ltr'><strong>lacere</strong></span> 
     </span>
     <span class='ocr_line' id='line_1_39' title="bbox 344 3633 1145 3706; baseline -0.004 -15"><span class='ocrx_word' id='word_1_228' title='bbox 344 3637 436 3704; x_wconf 91' lang='lat' dir='ltr'><strong>velim,</strong></span> <span class='ocrx_word' id='word_1_229' title='bbox 467 3637 518 3691; x_wconf 89' lang='lat' dir='ltr'><strong>boc</strong></span> <span class='ocrx_word' id='word_1_230' title='bbox 539 3649 630 3706; x_wconf 81' lang='lat' dir='ltr'><strong>agam,</strong></span> <span class='ocrx_word' id='word_1_231' title='bbox 645 3635 692 3690; x_wconf 91' lang='lat' dir='ltr'><strong>sed</strong></span> <span class='ocrx_word' id='word_1_232' title='bbox 717 3633 791 3690; x_wconf 85' lang='lat' dir='ltr'><strong>illius</strong></span> <span class='ocrx_word' id='word_1_233' title='bbox 813 3651 882 3705; x_wconf 87' lang='lat' dir='ltr'><strong>opus</strong></span> <span class='ocrx_word' id='word_1_234' title='bbox 904 3633 1038 3702; x_wconf 87' lang='lat' dir='ltr'><strong>majorum</strong></span> <span class='ocrx_word' id='word_1_235' title='bbox 1063 3643 1145 3704; x_wconf 88' lang='lat' dir='ltr'><strong>atque</strong></span> 
     </span>
     <span class='ocr_line' id='line_1_40' title="bbox 345 3720 1144 3794; baseline -0.004 -15"><span class='ocrx_word' id='word_1_236' title='bbox 345 3723 508 3794; x_wconf 90' lang='lat' dir='ltr'><strong>sapientium</strong></span> <span class='ocrx_word' id='word_1_237' title='bbox 523 3724 643 3778; x_wconf 88' lang='lat' dir='ltr'><strong>virorum</strong></span> <span class='ocrx_word' id='word_1_238' title='bbox 666 3722 832 3778; x_wconf 73' lang='lat' dir='ltr'><strong>excellentie</strong></span> <span class='ocrx_word' id='word_1_239' title='bbox 853 3720 1057 3792; x_wconf 86' lang='lat' dir='ltr'><strong>relinquendum</strong></span> <span class='ocrx_word' id='word_1_240' title='bbox 1071 3739 1077 3782; x_wconf 89' lang='lat'>;</span> <span class='ocrx_word' id='word_1_241' title='bbox 1091 3737 1144 3776; x_wconf 91' lang='lat' dir='ltr'><strong>uo·</strong></span> 
     </span>
     <span class='ocr_line' id='line_1_41' title="bbox 345 3808 1145 3879; baseline 0 -15"><span class='ocrx_word' id='word_1_242' title='bbox 345 3819 428 3866; x_wconf 90' lang='lat' dir='ltr'><strong>strum</strong></span> <span class='ocrx_word' id='word_1_243' title='bbox 445 3826 508 3865; x_wconf 89' lang='lat' dir='ltr'><strong>vero</strong></span> <span class='ocrx_word' id='word_1_244' title='bbox 525 3811 660 3866; x_wconf 78' lang='lat' dir='ltr'><strong>ruinosum</strong></span> <span class='ocrx_word' id='word_1_245' title='bbox 686 3819 766 3879; x_wconf 86' lang='lat' dir='ltr'><strong>atque</strong></span> <span class='ocrx_word' id='word_1_246' title='bbox 789 3809 879 3864; x_wconf 82' lang='lat' dir='ltr'><strong>urinas</strong></span> <span class='ocrx_word' id='word_1_247' title='bbox 899 3809 1040 3879; x_wconf 73' lang='lat' dir='ltr'><strong>caprarium</strong></span> <span class='ocrx_word' id='word_1_248' title='bbox 1057 3808 1145 3864; x_wconf 87' lang='lat' dir='ltr'><strong>studio</strong></span> 
     </span>
     <span class='ocr_line' id='line_1_42' title="bbox 344 3897 1145 3968; baseline -0.002 -14"><span class='ocrx_word' id='word_1_249' title='bbox 344 3899 545 3954; x_wconf 86' lang='lat' dir='ltr'><strong>attribuendum</strong></span> <span class='ocrx_word' id='word_1_250' title='bbox 560 3907 638 3968; x_wconf 90' lang='lat' dir='ltr'><strong>puto,</strong></span> <span class='ocrx_word' id='word_1_251' title='bbox 651 3914 700 3954; x_wconf 88' lang='lat' dir='ltr'><strong>nee</strong></span> <span class='ocrx_word' id='word_1_252' title='bbox 716 3898 840 3954; x_wconf 86' lang='lat' dir='ltr'><strong>sordebit</strong></span> <span class='ocrx_word' id='word_1_253' title='bbox 858 3897 994 3954; x_wconf 87' lang='lat' dir='ltr'><strong>hunrilitas</strong></span> <span class='ocrx_word' id='word_1_254' title='bbox 1008 3897 1145 3952; x_wconf 89' lang='lat' dir='ltr'><strong>sermonis</strong></span> 
     </span>
     <span class='ocr_line' id='line_1_43' title="bbox 343 3984 1050 4058; baseline -0.003 -16"><span class='ocrx_word' id='word_1_255' title='bbox 343 3985 446 4053; x_wconf 89' lang='lat' dir='ltr'><strong>inculti,</strong></span> <span class='ocrx_word' id='word_1_256' title='bbox 463 3985 525 4041; x_wconf 91' lang='lat' dir='ltr'><strong>dum</strong></span> <span class='ocrx_word' id='word_1_257' title='bbox 540 3986 600 4058; x_wconf 86' lang='lat' dir='ltr'><strong>ipse</strong></span> <span class='ocrx_word' id='word_1_258' title='bbox 616 3986 703 4058; x_wconf 81' lang='lat' dir='ltr'><strong>stylus</strong></span> <span class='ocrx_word' id='word_1_259' title='bbox 717 4002 783 4058; x_wconf 88' lang='lat' dir='ltr'><strong>pure</strong></span> <span class='ocrx_word' id='word_1_260' title='bbox 794 3987 922 4044; x_wconf 74' lang='lat' dir='ltr'><strong>inserviet</strong></span> <span class='ocrx_word' id='word_1_261' title='bbox 936 3984 1050 4042; x_wconf 85' lang='lat' dir='ltr'><strong>veritati.</strong></span> 
     </span>
    </p>
   </div>
   <div class='ocr_carea' id='block_1_14' title="bbox 669 4107 819 4164">
    <p class='ocr_par' dir='ltr' id='par_1_14' title="bbox 669 4107 819 4164">
     <span class='ocr_line' id='line_1_44' title="bbox 669 4107 819 4164; baseline 0.007 -5"><span class='ocrx_word' id='word_1_262' title='bbox 669 4107 779 4162; x_wconf 74' lang='lat' dir='ltr'><strong>CAPUT</strong></span> <span class='ocrx_word' id='word_1_263' title='bbox 795 4107 819 4164; x_wconf 92' lang='lat' dir='ltr'><strong>l.</strong></span> 
     </span>
    </p>
   </div>
   <div class='ocr_carea' id='block_1_15' title="bbox 343 4195 1144 5380">
    <p class='ocr_par' dir='ltr' id='par_1_15' title="bbox 344 4195 1144 4464">
     <span class='ocr_line' id='line_1_45' title="bbox 344 4195 1144 4268; baseline 0.003 -17"><span class='ocrx_word' id='word_1_264' title='bbox 344 4195 542 4252; x_wconf 75' lang='lat' dir='ltr'><strong>Adolescentia</strong></span> <span class='ocrx_word' id='word_1_265' title='bbox 556 4197 602 4268; x_wconf 85' lang='lat' dir='ltr'><strong>pia</strong></span> <span class='ocrx_word' id='word_1_266' title='bbox 617 4199 786 4262; x_wconf 85' lang='lat' dir='ltr'><strong>transactc,·</strong></span> <span class='ocrx_word' id='word_1_267' title='bbox 801 4195 1144 4252; x_wconf 82' lang='lat' dir='ltr'><strong>tirociuinmritoenrona·</strong></span> 
     </span>
     <span class='ocr_line' id='line_1_46' title="bbox 380 4267 1143 4350; baseline 0.001 -30"><span class='ocrx_word' id='word_1_268' title='bbox 380 4267 468 4332; x_wconf 82' lang='lat' dir='ltr'><strong>sttcoe,</strong></span> <span class='ocrx_word' id='word_1_269' title='bbox 485 4267 608 4337; x_wconf 66' lang='lat' dir='ltr'><strong>dignitus</strong></span> <span class='ocrx_word' id='word_1_270' title='bbox 629 4267 789 4330; x_wconf 78' lang='lat' dir='ltr'><strong>occultetis,</strong></span> <span class='ocrx_word' id='word_1_271' title='bbox 807 4267 965 4322; x_wconf 84' lang='lat' dir='ltr'><strong>liberalitas</strong></span> <span class='ocrx_word' id='word_1_272' title='bbox 979 4268 1010 4321; x_wconf 84' lang='lat' dir='ltr'><strong>in</strong></span> <span class='ocrx_word' id='word_1_273' title='bbox 1034 4281 1143 4350; x_wconf 79' lang='lat' dir='ltr'><strong>ponpe-</strong></span> 
     </span>
     <span class='ocr_line' id='line_1_47' title="bbox 381 4337 1142 4410; baseline 0 -18"><span class='ocrx_word' id='word_1_274' title='bbox 381 4353 436 4406; x_wconf 83' lang='lat' dir='ltr'><strong>rea,</strong></span> <span class='ocrx_word' id='word_1_275' title='bbox 451 4338 640 4406; x_wconf 77' lang='lat' dir='ltr'><strong>familiaritas</strong></span> <span class='ocrx_word' id='word_1_276' title='bbox 665 4352 730 4392; x_wconf 83' lang='lat' dir='ltr'><strong>cnm</strong></span> <span class='ocrx_word' id='word_1_277' title='bbox 748 4337 867 4405; x_wconf 75' lang='lat' dir='ltr'><strong>Christo,</strong></span> <span class='ocrx_word' id='word_1_278' title='bbox 879 4341 1004 4410; x_wconf 84' lang='lat' dir='ltr'><strong>potestas</strong></span> <span class='ocrx_word' id='word_1_279' title='bbox 1031 4353 1064 4392; x_wconf 87' lang='lat' dir='ltr'><strong>m</strong></span> <span class='ocrx_word' id='word_1_280' title='bbox 1083 4337 1142 4392; x_wconf 83' lang='lat' dir='ltr'><strong>doe-</strong></span> 
     </span>
     <span class='ocr_line' id='line_1_48' title="bbox 379 4421 489 4464; baseline -0.009 -1"><span class='ocrx_word' id='word_1_281' title='bbox 379 4421 489 4464; x_wconf 84' lang='lat' dir='ltr'><strong>mones.</strong></span> 
     </span>
    </p>

    <p class='ocr_par' dir='ltr' id='par_1_16' title="bbox 343 4511 1144 5380">
     <span class='ocr_line' id='line_1_49' title="bbox 380 4511 1142 4585; baseline 0 -17"><span class='ocrx_word' id='word_1_282' title='bbox 380 4517 406 4568; x_wconf 89' lang='lat' dir='ltr'><strong>i.</strong></span> <span class='ocrx_word' id='word_1_283' title='bbox 422 4511 672 4585; x_wconf 82' lang='lat' dir='ltr'><strong>igitorvirbcatus,</strong></span> <span class='ocrx_word' id='word_1_284' title='bbox 685 4529 721 4568; x_wconf 78' lang='lat' dir='ltr'><strong>ex</strong></span> <span class='ocrx_word' id='word_1_285' title='bbox 730 4512 907 4569; x_wconf 88' lang='lat' dir='ltr'><strong>nobilissimis</strong></span> <span class='ocrx_word' id='word_1_286' title='bbox 920 4513 1142 4584; x_wconf 79' lang='lat' dir='ltr'><strong>Burgundionum</strong></span> 
     </span>
     <span class='ocr_line' id='line_1_50' title="bbox 344 4600 1142 4673; baseline 0.001 -18"><span class='ocrx_word' id='word_1_287' title='bbox 344 4601 482 4671; x_wconf 80' lang='lat' dir='ltr'><strong>prosapiae</strong></span> <span class='ocrx_word' id='word_1_288' title='bbox 495 4600 596 4656; x_wconf 88' lang='lat' dir='ltr'><strong>lineam</strong></span> <span class='ocrx_word' id='word_1_289' title='bbox 613 4602 730 4670; x_wconf 88' lang='lat' dir='ltr'><strong>trabeas,</strong></span> <span class='ocrx_word' id='word_1_290' title='bbox 747 4611 823 4673; x_wconf 91' lang='lat' dir='ltr'><strong>patre</strong></span> <span class='ocrx_word' id='word_1_291' title='bbox 837 4602 974 4658; x_wconf 73' lang='lat' dir='ltr'><strong>batinario</strong></span> <span class='ocrx_word' id='word_1_292' title='bbox 1002 4602 1058 4657; x_wconf 92' lang='lat' dir='ltr'><strong>viro</strong></span> <span class='ocrx_word' id='word_1_293' title='bbox 1074 4619 1142 4658; x_wconf 91' lang='lat' dir='ltr'><strong>con-</strong></span> 
     </span>
     <span class='ocr_line' id='line_1_51' title="bbox 344 4689 1142 4761; baseline 0.003 -19"><span class='ocrx_word' id='word_1_294' title='bbox 344 4689 435 4758; x_wconf 89' lang='lat' dir='ltr'><strong>sulari,</strong></span> <span class='ocrx_word' id='word_1_295' title='bbox 466 4697 635 4746; x_wconf 87' lang='lat' dir='ltr'><strong>matreverc</strong></span> <span class='ocrx_word' id='word_1_296' title='bbox 663 4689 842 4761; x_wconf 77' lang='lat' dir='ltr'><strong>Areurburge,</strong></span> <span class='ocrx_word' id='word_1_297' title='bbox 871 4689 969 4746; x_wconf 90' lang='lat' dir='ltr'><strong>relicsa</strong></span> <span class='ocrx_word' id='word_1_298' title='bbox 997 4691 1142 4746; x_wconf 75' lang='lat' dir='ltr'><strong>admodum</strong></span> 
     </span>
     <span class='ocr_line' id='line_1_52' title="bbox 343 4776 1141 4850; baseline 0.003 -20"><span class='ocrx_word' id='word_1_299' title='bbox 343 4776 455 4846; x_wconf 84' lang='lat' dir='ltr'><strong>lemine,</strong></span> <span class='ocrx_word' id='word_1_300' title='bbox 472 4777 631 4848; x_wconf 82' lang='lat' dir='ltr'><strong>requerire</strong></span> <span class='ocrx_word' id='word_1_301' title='bbox 646 4778 779 4834; x_wconf 88' lang='lat' dir='ltr'><strong>natalibus</strong></span> <span class='ocrx_word' id='word_1_302' title='bbox 789 4779 889 4848; x_wconf 89' lang='lat' dir='ltr'><strong>impari</strong></span> <span class='ocrx_word' id='word_1_303' title='bbox 903 4786 1062 4850; x_wconf 87' lang='lat' dir='ltr'><strong>procreatus</strong></span> <span class='ocrx_word' id='word_1_304' title='bbox 1090 4787 1141 4833; x_wconf 86' lang='lat' dir='ltr'><strong>est.</strong></span> 
     </span>
     <span class='ocr_line' id='line_1_53' title="bbox 344 4864 1143 4941; baseline 0.003 -21"><span class='ocrx_word' id='word_1_305' title='bbox 344 4864 414 4936; x_wconf 82' lang='lat' dir='ltr'><strong>Quae</strong></span> <span class='ocrx_word' id='word_1_306' title='bbox 425 4865 589 4922; x_wconf 87' lang='lat' dir='ltr'><strong>venerabilis</strong></span> <span class='ocrx_word' id='word_1_307' title='bbox 609 4874 742 4936; x_wconf 87' lang='lat' dir='ltr'><strong>matrona,</strong></span> <span class='ocrx_word' id='word_1_308' title='bbox 758 4869 809 4924; x_wconf 91' lang='lat' dir='ltr'><strong>hac</strong></span> <span class='ocrx_word' id='word_1_309' title='bbox 823 4869 858 4924; x_wconf 90' lang='lat' dir='ltr'><strong>de</strong></span> <span class='ocrx_word' id='word_1_310' title='bbox 873 4883 928 4941; x_wconf 88' lang='lat' dir='ltr'><strong>qua</strong></span> <span class='ocrx_word' id='word_1_311' title='bbox 942 4867 1050 4938; x_wconf 85' lang='lat' dir='ltr'><strong>agiuros</strong></span> <span class='ocrx_word' id='word_1_312' title='bbox 1070 4867 1143 4922; x_wconf 88' lang='lat' dir='ltr'><strong>lelioi</strong></span> 
     </span>
     <span class='ocr_line' id='line_1_54' title="bbox 345 4953 1141 5026; baseline 0.005 -18"><span class='ocrx_word' id='word_1_313' title='bbox 345 4953 442 5010; x_wconf 86' lang='lat' dir='ltr'><strong>subola</strong></span> <span class='ocrx_word' id='word_1_314' title='bbox 457 4956 574 5026; x_wconf 79' lang='lat' dir='ltr'><strong>gravitas,</strong></span> <span class='ocrx_word' id='word_1_315' title='bbox 599 4971 660 5010; x_wconf 88' lang='lat' dir='ltr'><strong>cum</strong></span> <span class='ocrx_word' id='word_1_316' title='bbox 675 4964 768 5025; x_wconf 87' lang='lat' dir='ltr'><strong>partus</strong></span> <span class='ocrx_word' id='word_1_317' title='bbox 781 4955 901 5022; x_wconf 82' lang='lat' dir='ltr'><strong>instaret,</strong></span> <span class='ocrx_word' id='word_1_318' title='bbox 917 4957 1063 5026; x_wconf 75' lang='lat' dir='ltr'><strong>cluemdam</strong></span> <span class='ocrx_word' id='word_1_319' title='bbox 1092 4971 1141 5012; x_wconf 81' lang='lat' dir='ltr'><strong>vc-</strong></span> 
     </span>
     <span class='ocr_line' id='line_1_55' title="bbox 345 5043 1144 5116; baseline 0.005 -20"><span class='ocrx_word' id='word_1_320' title='bbox 345 5043 496 5098; x_wconf 81' lang='lat' dir='ltr'><strong>nerabilem</strong></span> <span class='ocrx_word' id='word_1_321' title='bbox 526 5043 747 5112; x_wconf 67' lang='lat' dir='ltr'><strong>secerneremur</strong></span> <span class='ocrx_word' id='word_1_322' title='bbox 763 5060 811 5116; x_wconf 90' lang='lat' dir='ltr'><strong>pro</strong></span> <span class='ocrx_word' id='word_1_323' title='bbox 834 5045 985 5115; x_wconf 88' lang='lat' dir='ltr'><strong>suipertus</strong></span> <span class='ocrx_word' id='word_1_324' title='bbox 1012 5045 1144 5116; x_wconf 80' lang='lat' dir='ltr'><strong>angustiis</strong></span> 
     </span>
     <span class='ocr_line' id='line_1_56' title="bbox 346 5128 1141 5200; baseline 0.005 -16"><span class='ocrx_word' id='word_1_325' title='bbox 346 5128 507 5186; x_wconf 84' lang='lat' dir='ltr'><strong>alleviandis</strong></span> <span class='ocrx_word' id='word_1_326' title='bbox 521 5131 580 5188; x_wconf 88' lang='lat' dir='ltr'><strong>Deo</strong></span> <span class='ocrx_word' id='word_1_327' title='bbox 595 5131 759 5186; x_wconf 82' lang='lat' dir='ltr'><strong>sacrificium</strong></span> <span class='ocrx_word' id='word_1_328' title='bbox 775 5131 891 5200; x_wconf 82' lang='lat' dir='ltr'><strong>offerret,</strong></span> <span class='ocrx_word' id='word_1_329' title='bbox 907 5133 1011 5188; x_wconf 90' lang='lat' dir='ltr'><strong>consuit</strong></span> <span class='ocrx_word' id='word_1_330' title='bbox 1021 5150 1141 5189; x_wconf 79' lang='lat' dir='ltr'><strong>exoren-</strong></span> 
     </span>
     <span class='ocr_line' id='line_1_57' title="bbox 345 5218 1141 5293; baseline 0.008 -21"><span class='ocrx_word' id='word_1_331' title='bbox 345 5218 420 5274; x_wconf 85' lang='lat' dir='ltr'><strong>dum.</strong></span> <span class='ocrx_word' id='word_1_332' title='bbox 437 5219 518 5290; x_wconf 85' lang='lat' dir='ltr'><strong>Cujus</strong></span> <span class='ocrx_word' id='word_1_333' title='bbox 532 5219 638 5274; x_wconf 89' lang='lat' dir='ltr'><strong>devotis</strong></span> <span class='ocrx_word' id='word_1_334' title='bbox 652 5221 778 5289; x_wconf 89' lang='lat' dir='ltr'><strong>precibus</strong></span> <span class='ocrx_word' id='word_1_335' title='bbox 791 5221 832 5276; x_wconf 90' lang='lat' dir='ltr'><strong>vir</strong></span> <span class='ocrx_word' id='word_1_336' title='bbox 845 5220 895 5276; x_wconf 88' lang='lat' dir='ltr'><strong>Dei</strong></span> <span class='ocrx_word' id='word_1_337' title='bbox 918 5221 982 5276; x_wconf 88' lang='lat' dir='ltr'><strong>dura</strong></span> <span class='ocrx_word' id='word_1_338' title='bbox 997 5221 1141 5293; x_wconf 91' lang='lat' dir='ltr'><strong>obtempe-</strong></span> 
     </span>
     <span class='ocr_line' id='line_1_58' title="bbox 344 5306 1140 5380; baseline 0.005 -18"><span class='ocrx_word' id='word_1_339' title='bbox 344 5315 440 5376; x_wconf 87' lang='lat' dir='ltr'><strong>resset,</strong></span> <span class='ocrx_word' id='word_1_340' title='bbox 456 5307 564 5362; x_wconf 90' lang='lat' dir='ltr'><strong>videbat</strong></span> <span class='ocrx_word' id='word_1_341' title='bbox 587 5315 613 5362; x_wconf 90' lang='lat' dir='ltr'><strong>et</strong></span> <span class='ocrx_word' id='word_1_342' title='bbox 642 5306 700 5378; x_wconf 89' lang='lat' dir='ltr'><strong>ipse</strong></span> <span class='ocrx_word' id='word_1_343' title='bbox 723 5307 749 5362; x_wconf 90' lang='lat' dir='ltr'><strong>in</strong></span> <span class='ocrx_word' id='word_1_344' title='bbox 777 5309 836 5380; x_wconf 88' lang='lat' dir='ltr'><strong>ipso</strong></span> <span class='ocrx_word' id='word_1_345' title='bbox 850 5317 1024 5366; x_wconf 86' lang='lat' dir='ltr'><strong>sacrosancto</strong></span> <span class='ocrx_word' id='word_1_346' title='bbox 1046 5311 1140 5376; x_wconf 87' lang='lat' dir='ltr'><strong>calice,</strong></span> 
     </span>
    </p>
   </div>
   <div class='ocr_carea' id='block_1_16' title="bbox 1163 2720 1997 2797">
    <p class='ocr_par' dir='ltr' id='par_1_17' title="bbox 1163 2720 1997 2797">
     <span class='ocr_line' id='line_1_59' title="bbox 1163 2720 1997 2797; baseline 0.008 -24"><span class='ocrx_word' id='word_1_347' title='bbox 1163 2720 1187 2781; x_wconf 92' lang='grc' dir='ltr'><strong>Β</strong></span> <span class='ocrx_word' id='word_1_348' title='bbox 1204 2720 1323 2775; x_wconf 82' lang='lat' dir='ltr'><strong>futurum</strong></span> <span class='ocrx_word' id='word_1_349' title='bbox 1335 2732 1498 2793; x_wconf 88' lang='lat' dir='ltr'><strong>protestatus</strong></span> <span class='ocrx_word' id='word_1_350' title='bbox 1513 2733 1565 2781; x_wconf 85' lang='lat' dir='ltr'><strong>est.</strong></span> <span class='ocrx_word' id='word_1_351' title='bbox 1582 2724 1661 2795; x_wconf 89' lang='lat' dir='ltr'><strong>Quod</strong></span> <span class='ocrx_word' id='word_1_352' title='bbox 1675 2724 1709 2780; x_wconf 87' lang='lat' dir='ltr'><strong>ab</strong></span> <span class='ocrx_word' id='word_1_353' title='bbox 1724 2727 1790 2797; x_wconf 85' lang='lat' dir='ltr'><strong>ipsis</strong></span> <span class='ocrx_word' id='word_1_354' title='bbox 1804 2726 1925 2797; x_wconf 81' lang='lat' dir='ltr'><strong>pueritiae</strong></span> <span class='ocrx_word' id='word_1_355' title='bbox 1940 2738 1997 2780; x_wconf 80' lang='lat' dir='ltr'><strong>suae</strong></span> 
     </span>
    </p>
   </div>
   <div class='ocr_carea' id='block_1_17' title="bbox 1198 2810 2002 4034">
    <p class='ocr_par' dir='ltr' id='par_1_18' title="bbox 1198 2810 2002 4034">
     <span class='ocr_line' id='line_1_60' title="bbox 1201 2810 1998 2883; baseline 0.005 -19"><span class='ocrx_word' id='word_1_356' title='bbox 1201 2810 1362 2865; x_wconf 89' lang='lat' dir='ltr'><strong>rudiruentis</strong></span> <span class='ocrx_word' id='word_1_357' title='bbox 1375 2815 1442 2868; x_wconf 85' lang='lat' dir='ltr'><strong>satis</strong></span> <span class='ocrx_word' id='word_1_358' title='bbox 1457 2815 1510 2868; x_wconf 89' lang='lat' dir='ltr'><strong>iam</strong></span> <span class='ocrx_word' id='word_1_359' title='bbox 1527 2814 1722 2883; x_wconf 87' lang='lat' dir='ltr'><strong>innotescebat,</strong></span> <span class='ocrx_word' id='word_1_360' title='bbox 1738 2817 1802 2871; x_wconf 88' lang='lat' dir='ltr'><strong>dum</strong></span> <span class='ocrx_word' id='word_1_361' title='bbox 1817 2824 1866 2869; x_wconf 90' lang='lat' dir='ltr'><strong>aut</strong></span> <span class='ocrx_word' id='word_1_362' title='bbox 1877 2813 1998 2869; x_wconf 76' lang='lat' dir='ltr'><strong>ecclesiae</strong></span> 
     </span>
     <span class='ocr_line' id='line_1_61' title="bbox 1202 2900 1997 2975; baseline 0 -20"><span class='ocrx_word' id='word_1_363' title='bbox 1202 2910 1247 2955; x_wconf 89' lang='lat' dir='ltr'><strong>aut</strong></span> <span class='ocrx_word' id='word_1_364' title='bbox 1262 2902 1362 2956; x_wconf 85' lang='lat' dir='ltr'><strong>scholis</strong></span> <span class='ocrx_word' id='word_1_365' title='bbox 1373 2900 1541 2975; x_wconf 80' lang='lat' dir='ltr'><strong>frequentius</strong></span> <span class='ocrx_word' id='word_1_366' title='bbox 1556 2904 1716 2973; x_wconf 75' lang='lat' dir='ltr'><strong>adhaereret,</strong></span> <span class='ocrx_word' id='word_1_367' title='bbox 1732 2904 1808 2959; x_wconf 83' lang='lat' dir='ltr'><strong>lieris</strong></span> <span class='ocrx_word' id='word_1_368' title='bbox 1830 2912 1920 2957; x_wconf 79' lang='lat' dir='ltr'><strong>tannen</strong></span> <span class='ocrx_word' id='word_1_369' title='bbox 1936 2902 1997 2957; x_wconf 85' lang='lat' dir='ltr'><strong>iur-</strong></span> 
     </span>
     <span class='ocr_line' id='line_1_62' title="bbox 1201 2988 1997 3064; baseline 0.003 -20"><span class='ocrx_word' id='word_1_370' title='bbox 1201 2988 1273 3056; x_wconf 72' lang='lat' dir='ltr'><strong>tisis,</strong></span> <span class='ocrx_word' id='word_1_371' title='bbox 1303 2993 1365 3061; x_wconf 89' lang='lat' dir='ltr'><strong>qnia</strong></span> <span class='ocrx_word' id='word_1_372' title='bbox 1387 3001 1491 3061; x_wconf 89' lang='lat' dir='ltr'><strong>patrem</strong></span> <span class='ocrx_word' id='word_1_373' title='bbox 1520 3010 1599 3047; x_wconf 84' lang='lat' dir='ltr'><strong>surim</strong></span> <span class='ocrx_word' id='word_1_374' title='bbox 1628 2994 1749 3058; x_wconf 88' lang='lat' dir='ltr'><strong>timebat,</strong></span> <span class='ocrx_word' id='word_1_375' title='bbox 1770 2993 1816 3064; x_wconf 89' lang='lat' dir='ltr'><strong>qui</strong></span> <span class='ocrx_word' id='word_1_376' title='bbox 1836 2990 1997 3048; x_wconf 82' lang='lat' dir='ltr'><strong>militaribus</strong></span> 
     </span>
     <span class='ocr_line' id='line_1_63' title="bbox 1201 3079 2001 3151; baseline 0 -18"><span class='ocrx_word' id='word_1_377' title='bbox 1201 3079 1295 3133; x_wconf 86' lang='lat' dir='ltr'><strong>studiis</strong></span> <span class='ocrx_word' id='word_1_378' title='bbox 1323 3079 1397 3133; x_wconf 89' lang='lat' dir='ltr'><strong>illum</strong></span> <span class='ocrx_word' id='word_1_379' title='bbox 1418 3080 1553 3151; x_wconf 84' lang='lat' dir='ltr'><strong>applicare</strong></span> <span class='ocrx_word' id='word_1_380' title='bbox 1581 3082 1698 3137; x_wconf 87' lang='lat' dir='ltr'><strong>volebat.</strong></span> <span class='ocrx_word' id='word_1_381' title='bbox 1731 3080 1763 3137; x_wconf 85' lang='lat' dir='ltr'><strong>Et</strong></span> <span class='ocrx_word' id='word_1_382' title='bbox 1786 3098 1845 3137; x_wconf 90' lang='lat' dir='ltr'><strong>cum</strong></span> <span class='ocrx_word' id='word_1_383' title='bbox 1863 3081 1887 3137; x_wconf 91' lang='lat' dir='ltr'><strong>ei</strong></span> <span class='ocrx_word' id='word_1_384' title='bbox 1916 3080 2001 3135; x_wconf 87' lang='lat' dir='ltr'><strong>restis</strong></span> 
     </span>
     <span class='ocr_line' id='line_1_64' title="bbox 1200 3168 2000 3241; baseline 0 -20"><span class='ocrx_word' id='word_1_385' title='bbox 1200 3168 1349 3237; x_wconf 83' lang='lat' dir='ltr'><strong>pretiosior</strong></span> <span class='ocrx_word' id='word_1_386' title='bbox 1364 3185 1395 3224; x_wconf 90' lang='lat' dir='ltr'><strong>ac</strong></span> <span class='ocrx_word' id='word_1_387' title='bbox 1413 3170 1533 3225; x_wconf 89' lang='lat' dir='ltr'><strong>colorum</strong></span> <span class='ocrx_word' id='word_1_388' title='bbox 1549 3171 1679 3227; x_wconf 90' lang='lat' dir='ltr'><strong>varietate</strong></span> <span class='ocrx_word' id='word_1_389' title='bbox 1694 3172 1832 3227; x_wconf 83' lang='lat' dir='ltr'><strong>decentior</strong></span> <span class='ocrx_word' id='word_1_390' title='bbox 1853 3176 2000 3241; x_wconf 88' lang='lat' dir='ltr'><strong>aptaretur,</strong></span> 
     </span>
     <span class='ocr_line' id='line_1_65' title="bbox 1200 3256 1999 3329; baseline 0.001 -20"><span class='ocrx_word' id='word_1_391' title='bbox 1200 3256 1258 3325; x_wconf 88' lang='lat' dir='ltr'><strong>ipse</strong></span> <span class='ocrx_word' id='word_1_392' title='bbox 1274 3272 1335 3311; x_wconf 87' lang='lat' dir='ltr'><strong>eam</strong></span> <span class='ocrx_word' id='word_1_393' title='bbox 1362 3274 1411 3327; x_wconf 88' lang='lat' dir='ltr'><strong>pro</strong></span> <span class='ocrx_word' id='word_1_394' title='bbox 1434 3258 1577 3327; x_wconf 83' lang='lat' dir='ltr'><strong>alrjectiori</strong></span> <span class='ocrx_word' id='word_1_395' title='bbox 1601 3268 1628 3313; x_wconf 93' lang='lat' dir='ltr'><strong>et</strong></span> <span class='ocrx_word' id='word_1_396' title='bbox 1656 3259 1814 3329; x_wconf 87' lang='lat' dir='ltr'><strong>simpliciori</strong></span> <span class='ocrx_word' id='word_1_397' title='bbox 1831 3258 1999 3327; x_wconf 88' lang='lat' dir='ltr'><strong>respuebat;</strong></span> 
     </span>
     <span class='ocr_line' id='line_1_66' title="bbox 1200 3344 2002 3418; baseline 0.004 -20"><span class='ocrx_word' id='word_1_398' title='bbox 1200 3362 1250 3400; x_wconf 90' lang='lat' dir='ltr'><strong>nec</strong></span> <span class='ocrx_word' id='word_1_399' title='bbox 1277 3344 1407 3418; x_wconf 79' lang='lat' dir='ltr'><strong>lasciviae,</strong></span> <span class='ocrx_word' id='word_1_400' title='bbox 1438 3355 1465 3402; x_wconf 91' lang='lat' dir='ltr'><strong>ut</strong></span> <span class='ocrx_word' id='word_1_401' title='bbox 1485 3347 1612 3404; x_wconf 82' lang='lat' dir='ltr'><strong>illaaetas</strong></span> <span class='ocrx_word' id='word_1_402' title='bbox 1627 3348 1737 3416; x_wconf 87' lang='lat' dir='ltr'><strong>assolet,</strong></span> <span class='ocrx_word' id='word_1_403' title='bbox 1761 3348 1809 3404; x_wconf 83' lang='lat' dir='ltr'><strong>sed</strong></span> <span class='ocrx_word' id='word_1_404' title='bbox 1838 3344 2002 3403; x_wconf 81' lang='lat' dir='ltr'><strong>irinocentiae</strong></span> 
     </span>
     <span class='ocr_line' id='line_1_67' title="bbox 1199 3433 2001 3509; baseline -0.001 -21"><span class='ocrx_word' id='word_1_405' title='bbox 1199 3443 1226 3488; x_wconf 90' lang='lat' dir='ltr'><strong>et</strong></span> <span class='ocrx_word' id='word_1_406' title='bbox 1254 3433 1419 3504; x_wconf 85' lang='lat' dir='ltr'><strong>simplicitati</strong></span> <span class='ocrx_word' id='word_1_407' title='bbox 1442 3453 1551 3508; x_wconf 82' lang='lat' dir='ltr'><strong>operatu</strong></span> <span class='ocrx_word' id='word_1_408' title='bbox 1567 3437 1649 3490; x_wconf 88' lang='lat' dir='ltr'><strong>dabat</strong></span> <span class='ocrx_word' id='word_1_409' title='bbox 1665 3456 1672 3500; x_wconf 87' lang='lat'>;</span> <span class='ocrx_word' id='word_1_410' title='bbox 1689 3437 1842 3509; x_wconf 79' lang='lat' dir='ltr'><strong>frequenter</strong></span> <span class='ocrx_word' id='word_1_411' title='bbox 1865 3435 1944 3490; x_wconf 90' lang='lat' dir='ltr'><strong>etiam</strong></span> <span class='ocrx_word' id='word_1_412' title='bbox 1974 3441 2001 3488; x_wconf 86' lang='lat' dir='ltr'><strong>et</strong></span> 
     </span>
     <span class='ocr_line' id='line_1_68' title="bbox 1199 3522 2000 3594; baseline 0.004 -19"><span class='ocrx_word' id='word_1_413' title='bbox 1199 3522 1318 3588; x_wconf 89' lang='lat' dir='ltr'><strong>lectioni,</strong></span> <span class='ocrx_word' id='word_1_414' title='bbox 1335 3523 1425 3578; x_wconf 85' lang='lat' dir='ltr'><strong>inritis</strong></span> <span class='ocrx_word' id='word_1_415' title='bbox 1439 3526 1604 3594; x_wconf 80' lang='lat' dir='ltr'><strong>parentibus,</strong></span> <span class='ocrx_word' id='word_1_416' title='bbox 1622 3526 1809 3580; x_wconf 87' lang='lat' dir='ltr'><strong>incumbebat.</strong></span> <span class='ocrx_word' id='word_1_417' title='bbox 1828 3525 1878 3579; x_wconf 88' lang='lat' dir='ltr'><strong>Pro</strong></span> <span class='ocrx_word' id='word_1_418' title='bbox 1902 3523 2000 3594; x_wconf 88' lang='lat' dir='ltr'><strong>quibus</strong></span> 
     </span>
     <span class='ocr_line' id='line_1_69' title="bbox 1200 3611 1998 3682; baseline 0.003 -16"><span class='ocrx_word' id='word_1_419' title='bbox 1200 3611 1325 3666; x_wconf 89' lang='lat' dir='ltr'><strong>omuibus</strong></span> <span class='ocrx_word' id='word_1_420' title='bbox 1354 3620 1379 3666; x_wconf 91' lang='lat' dir='ltr'><strong>et</strong></span> <span class='ocrx_word' id='word_1_421' title='bbox 1394 3612 1436 3666; x_wconf 88' lang='lat' dir='ltr'><strong>his</strong></span> <span class='ocrx_word' id='word_1_422' title='bbox 1451 3613 1595 3682; x_wconf 83' lang='lat' dir='ltr'><strong>similibus,</strong></span> <span class='ocrx_word' id='word_1_423' title='bbox 1612 3614 1675 3667; x_wconf 91' lang='lat' dir='ltr'><strong>dum</strong></span> <span class='ocrx_word' id='word_1_424' title='bbox 1691 3629 1707 3667; x_wconf 89' lang='lat' dir='ltr'><strong>a</strong></span> <span class='ocrx_word' id='word_1_425' title='bbox 1722 3620 1797 3681; x_wconf 90' lang='lat' dir='ltr'><strong>patre</strong></span> <span class='ocrx_word' id='word_1_426' title='bbox 1811 3621 1838 3666; x_wconf 92' lang='lat' dir='ltr'><strong>ct</strong></span> <span class='ocrx_word' id='word_1_427' title='bbox 1863 3629 1878 3667; x_wconf 90' lang='lat' dir='ltr'><strong>a</strong></span> <span class='ocrx_word' id='word_1_428' title='bbox 1898 3614 1998 3668; x_wconf 69' lang='lat' dir='ltr'><strong>coaevis</strong></span> 
     </span>
     <span class='ocr_line' id='line_1_70' title="bbox 1199 3699 1996 3772; baseline 0.003 -18"><span class='ocrx_word' id='word_1_429' title='bbox 1199 3699 1280 3754; x_wconf 86' lang='lat' dir='ltr'><strong>etiam</strong></span> <span class='ocrx_word' id='word_1_430' title='bbox 1296 3709 1466 3772; x_wconf 84' lang='lat' dir='ltr'><strong>argueretur,</strong></span> <span class='ocrx_word' id='word_1_431' title='bbox 1479 3701 1581 3756; x_wconf 89' lang='lat' dir='ltr'><strong>scilicet</strong></span> <span class='ocrx_word' id='word_1_432' title='bbox 1592 3701 1662 3772; x_wconf 80' lang='lat' dir='ltr'><strong>quod</strong></span> <span class='ocrx_word' id='word_1_433' title='bbox 1676 3702 1734 3756; x_wconf 81' lang='lat' dir='ltr'><strong>lraec</strong></span> <span class='ocrx_word' id='word_1_434' title='bbox 1744 3701 1881 3756; x_wconf 79' lang='lat' dir='ltr'><strong>corrtraria</strong></span> <span class='ocrx_word' id='word_1_435' title='bbox 1892 3701 1996 3756; x_wconf 83' lang='lat' dir='ltr'><strong>militias</strong></span> 
     </span>
     <span class='ocr_line' id='line_1_71' title="bbox 1200 3787 1996 3861; baseline 0.003 -19"><span class='ocrx_word' id='word_1_436' title='bbox 1200 3789 1297 3855; x_wconf 86' lang='lat' dir='ltr'><strong>locent,</strong></span> <span class='ocrx_word' id='word_1_437' title='bbox 1328 3787 1489 3843; x_wconf 87' lang='lat' dir='ltr'><strong>deliberavit</strong></span> <span class='ocrx_word' id='word_1_438' title='bbox 1506 3789 1577 3860; x_wconf 91' lang='lat' dir='ltr'><strong>apud</strong></span> <span class='ocrx_word' id='word_1_439' title='bbox 1592 3805 1621 3844; x_wconf 91' lang='lat' dir='ltr'><strong>se</strong></span> <span class='ocrx_word' id='word_1_440' title='bbox 1635 3789 1714 3844; x_wconf 90' lang='lat' dir='ltr'><strong>aliam</strong></span> <span class='ocrx_word' id='word_1_441' title='bbox 1743 3787 1794 3843; x_wconf 85' lang='lat' dir='ltr'><strong>silri</strong></span> <span class='ocrx_word' id='word_1_442' title='bbox 1820 3790 1996 3861; x_wconf 73' lang='lat' dir='ltr'><strong>querendam</strong></span> 
     </span>
     <span class='ocr_line' id='line_1_72' title="bbox 1199 3877 1997 3950; baseline 0.005 -20"><span class='ocrx_word' id='word_1_443' title='bbox 1199 3877 1321 3932; x_wconf 86' lang='lat' dir='ltr'><strong>militiam</strong></span> <span class='ocrx_word' id='word_1_444' title='bbox 1347 3878 1389 3932; x_wconf 92' lang='lat' dir='ltr'><strong>cui</strong></span> <span class='ocrx_word' id='word_1_445' title='bbox 1420 3895 1473 3932; x_wconf 89' lang='lat' dir='ltr'><strong>non</strong></span> <span class='ocrx_word' id='word_1_446' title='bbox 1502 3887 1589 3933; x_wconf 80' lang='lat' dir='ltr'><strong>essem</strong></span> <span class='ocrx_word' id='word_1_447' title='bbox 1617 3879 1678 3946; x_wconf 87' lang='lat' dir='ltr'><strong>ista,</strong></span> <span class='ocrx_word' id='word_1_448' title='bbox 1694 3878 1752 3933; x_wconf 89' lang='lat' dir='ltr'><strong>sinc</strong></span> <span class='ocrx_word' id='word_1_449' title='bbox 1768 3879 1865 3950; x_wconf 85' lang='lat' dir='ltr'><strong>qrribus</strong></span> <span class='ocrx_word' id='word_1_450' title='bbox 1880 3878 1997 3934; x_wconf 85' lang='lat' dir='ltr'><strong>militare</strong></span> 
     </span>
     <span class='ocr_line' id='line_1_73' title="bbox 1198 3965 1457 4034; baseline -0.004 -14"><span class='ocrx_word' id='word_1_451' title='bbox 1198 3965 1293 4034; x_wconf 91' lang='lat' dir='ltr'><strong>nollet,</strong></span> <span class='ocrx_word' id='word_1_452' title='bbox 1309 3967 1457 4021; x_wconf 88' lang='lat' dir='ltr'><strong>contraria.</strong></span> 
     </span>
    </p>
   </div>
   <div class='ocr_carea' id='block_1_18' title="bbox 1159 4061 1996 4144">
    <p class='ocr_par' dir='ltr' id='par_1_19' title="bbox 1159 4061 1996 4144">
     <span class='ocr_line' id='line_1_74' title="bbox 1159 4061 1996 4144; baseline 0 -18"><span class='ocrx_word' id='word_1_453' title='bbox 1159 4061 1183 4126; x_wconf 90' lang='lat' dir='ltr'>C</span> <span class='ocrx_word' id='word_1_454' title='bbox 1233 4078 1258 4128; x_wconf 79' lang='lat'><strong>2.</strong></span> <span class='ocrx_word' id='word_1_455' title='bbox 1274 4073 1367 4144; x_wconf 83' lang='lat' dir='ltr'><strong>itaque</strong></span> <span class='ocrx_word' id='word_1_456' title='bbox 1390 4073 1492 4130; x_wconf 85' lang='lat' dir='ltr'><strong>relictis</strong></span> <span class='ocrx_word' id='word_1_457' title='bbox 1501 4074 1636 4142; x_wconf 89' lang='lat' dir='ltr'><strong>omnibus,</strong></span> <span class='ocrx_word' id='word_1_458' title='bbox 1650 4091 1666 4130; x_wconf 92' lang='lat' dir='ltr'><strong>a</strong></span> <span class='ocrx_word' id='word_1_459' title='bbox 1680 4075 1782 4130; x_wconf 83' lang='lat' dir='ltr'><strong>saeculo</strong></span> <span class='ocrx_word' id='word_1_460' title='bbox 1797 4074 1884 4130; x_wconf 89' lang='lat' dir='ltr'><strong>nudus</strong></span> <span class='ocrx_word' id='word_1_461' title='bbox 1898 4074 1996 4140; x_wconf 83' lang='lat' dir='ltr'><strong>evasit,</strong></span> 
     </span>
    </p>
   </div>
   <div class='ocr_carea' id='block_1_19' title="bbox 1196 4162 1997 5384">
    <p class='ocr_par' dir='ltr' id='par_1_20' title="bbox 1196 4162 1997 5384">
     <span class='ocr_line' id='line_1_75' title="bbox 1199 4162 1996 4234; baseline 0 -18"><span class='ocrx_word' id='word_1_462' title='bbox 1199 4170 1225 4217; x_wconf 92' lang='lat' dir='ltr'><strong>et</strong></span> <span class='ocrx_word' id='word_1_463' title='bbox 1239 4162 1273 4217; x_wconf 90' lang='grc' dir='ltr'><strong>Β.</strong></span> <span class='ocrx_word' id='word_1_464' title='bbox 1303 4162 1429 4219; x_wconf 91' lang='lat' dir='ltr'><strong>Odilonis</strong></span> <span class='ocrx_word' id='word_1_465' title='bbox 1449 4163 1605 4234; x_wconf 79' lang='lat' dir='ltr'><strong>nragisterio</strong></span> <span class='ocrx_word' id='word_1_466' title='bbox 1634 4181 1662 4220; x_wconf 89' lang='lat' dir='ltr'><strong>se</strong></span> <span class='ocrx_word' id='word_1_467' title='bbox 1689 4165 1860 4230; x_wconf 79' lang='lat' dir='ltr'><strong>submittens,</strong></span> <span class='ocrx_word' id='word_1_468' title='bbox 1878 4163 1996 4218; x_wconf 70' lang='lat' dir='ltr'><strong>illuriani</strong></span> 
     </span>
     <span class='ocr_line' id='line_1_76' title="bbox 1198 4250 1997 4324; baseline 0.004 -20"><span class='ocrx_word' id='word_1_469' title='bbox 1198 4253 1348 4306; x_wconf 88' lang='lat' dir='ltr'><strong>monachus</strong></span> <span class='ocrx_word' id='word_1_470' title='bbox 1362 4250 1475 4306; x_wconf 88' lang='lat' dir='ltr'><strong>efficitur</strong></span> <span class='ocrx_word' id='word_1_471' title='bbox 1489 4272 1496 4315; x_wconf 89' lang='lat'>;</span> <span class='ocrx_word' id='word_1_472' title='bbox 1512 4253 1539 4306; x_wconf 90' lang='lat' dir='ltr'><strong>in</strong></span> <span class='ocrx_word' id='word_1_473' title='bbox 1555 4254 1632 4322; x_wconf 83' lang='lat' dir='ltr'><strong>cujus</strong></span> <span class='ocrx_word' id='word_1_474' title='bbox 1645 4254 1816 4323; x_wconf 86' lang='lat' dir='ltr'><strong>susceptione</strong></span> <span class='ocrx_word' id='word_1_475' title='bbox 1838 4252 1948 4324; x_wconf 84' lang='lat' dir='ltr'><strong>quidam</strong></span> <span class='ocrx_word' id='word_1_476' title='bbox 1963 4251 1997 4307; x_wconf 87' lang='lat' dir='ltr'><strong>dc</strong></span> 
     </span>
     <span class='ocr_line' id='line_1_77' title="bbox 1198 4339 1992 4410; baseline 0.003 -18"><span class='ocrx_word' id='word_1_477' title='bbox 1198 4339 1360 4406; x_wconf 84' lang='lat' dir='ltr'><strong>senioribus,</strong></span> <span class='ocrx_word' id='word_1_478' title='bbox 1386 4347 1416 4392; x_wconf 92' lang='lat' dir='ltr'><strong>ut</strong></span> <span class='ocrx_word' id='word_1_479' title='bbox 1443 4339 1537 4405; x_wconf 86' lang='lat' dir='ltr'><strong>fertur,</strong></span> <span class='ocrx_word' id='word_1_480' title='bbox 1567 4339 1595 4394; x_wconf 91' lang='lat' dir='ltr'><strong>in</strong></span> <span class='ocrx_word' id='word_1_481' title='bbox 1610 4341 1669 4395; x_wconf 83' lang='lat' dir='ltr'><strong>haec</strong></span> <span class='ocrx_word' id='word_1_482' title='bbox 1691 4341 1776 4395; x_wconf 89' lang='lat' dir='ltr'><strong>verbe</strong></span> <span class='ocrx_word' id='word_1_483' title='bbox 1790 4355 1992 4410; x_wconf 81' lang='lat' dir='ltr'><strong>prorumpens:</strong></span> 
     </span>
     <span class='ocr_line' id='line_1_78' title="bbox 1200 4425 1995 4497; baseline 0.003 -17"><span class='ocrx_word' id='word_1_484' title='bbox 1200 4448 1212 4475; x_wconf 78' lang='lat' dir='ltr'><strong>r</strong></span> <span class='ocrx_word' id='word_1_485' title='bbox 1229 4425 1252 4480; x_wconf 92' lang='lat'>0</span> <span class='ocrx_word' id='word_1_486' title='bbox 1268 4433 1408 4497; x_wconf 74' lang='lat' dir='ltr'><strong>qrrautum,</strong></span> <span class='ocrx_word' id='word_1_487' title='bbox 1425 4426 1521 4496; x_wconf 88' lang='lat' dir='ltr'><strong>iuquit,</strong></span> <span class='ocrx_word' id='word_1_488' title='bbox 1537 4427 1618 4482; x_wconf 85' lang='lat' dir='ltr'><strong>hodie</strong></span> <span class='ocrx_word' id='word_1_489' title='bbox 1638 4429 1802 4494; x_wconf 87' lang='lat' dir='ltr'><strong>thesaurum,</strong></span> <span class='ocrx_word' id='word_1_490' title='bbox 1814 4428 1995 4482; x_wconf 86' lang='lat' dir='ltr'><strong>Cluniaceasis</strong></span> 
     </span>
     <span class='ocr_line' id='line_1_79' title="bbox 1199 4514 1994 4586; baseline 0 -18"><span class='ocrx_word' id='word_1_491' title='bbox 1199 4514 1330 4580; x_wconf 82' lang='lat' dir='ltr'><strong>Ecclesia,</strong></span> <span class='ocrx_word' id='word_1_492' title='bbox 1342 4515 1492 4583; x_wconf 83' lang='lat' dir='ltr'><strong>suscepisti,</strong></span> <span class='ocrx_word' id='word_1_493' title='bbox 1507 4515 1512 4568; x_wconf 93' lang='lat' dir='ltr'><strong>l</strong></span> <span class='ocrx_word' id='word_1_494' title='bbox 1526 4514 1578 4582; x_wconf 86' lang='lat' dir='ltr'><strong>Qui</strong></span> <span class='ocrx_word' id='word_1_495' title='bbox 1587 4522 1690 4586; x_wconf 87' lang='lat' dir='ltr'><strong>postca,</strong></span> <span class='ocrx_word' id='word_1_496' title='bbox 1702 4522 1810 4586; x_wconf 84' lang='lat' dir='ltr'><strong>quantae</strong></span> <span class='ocrx_word' id='word_1_497' title='bbox 1826 4515 1994 4582; x_wconf 87' lang='lat' dir='ltr'><strong>humilitatis,</strong></span> 
     </span>
     <span class='ocr_line' id='line_1_80' title="bbox 1198 4602 1995 4673; baseline -0.004 -15"><span class='ocrx_word' id='word_1_498' title='bbox 1198 4611 1306 4673; x_wconf 78' lang='lat' dir='ltr'><strong>quantae</strong></span> <span class='ocrx_word' id='word_1_499' title='bbox 1319 4603 1442 4672; x_wconf 88' lang='lat' dir='ltr'><strong>puritatis</strong></span> <span class='ocrx_word' id='word_1_500' title='bbox 1456 4611 1481 4658; x_wconf 92' lang='lat' dir='ltr'><strong>et</strong></span> <span class='ocrx_word' id='word_1_501' title='bbox 1497 4602 1655 4670; x_wconf 84' lang='lat' dir='ltr'><strong>honestetis,</strong></span> <span class='ocrx_word' id='word_1_502' title='bbox 1680 4619 1814 4673; x_wconf 84' lang='lat' dir='ltr'><strong>quemque</strong></span> <span class='ocrx_word' id='word_1_503' title='bbox 1834 4604 1941 4658; x_wconf 87' lang='lat' dir='ltr'><strong>terrens</strong></span> <span class='ocrx_word' id='word_1_504' title='bbox 1967 4603 1995 4656; x_wconf 93' lang='lat' dir='ltr'><strong>in</strong></span> 
     </span>
     <span class='ocr_line' id='line_1_81' title="bbox 1198 4689 1993 4760; baseline -0.003 -14"><span class='ocrx_word' id='word_1_505' title='bbox 1198 4707 1293 4747; x_wconf 89' lang='lat' dir='ltr'><strong>amore</strong></span> <span class='ocrx_word' id='word_1_506' title='bbox 1305 4691 1355 4746; x_wconf 89' lang='lat' dir='ltr'><strong>Dei</strong></span> <span class='ocrx_word' id='word_1_507' title='bbox 1368 4691 1508 4759; x_wconf 80' lang='lat' dir='ltr'><strong>exstiterit,</strong></span> <span class='ocrx_word' id='word_1_508' title='bbox 1524 4707 1578 4746; x_wconf 90' lang='lat' dir='ltr'><strong>non</strong></span> <span class='ocrx_word' id='word_1_509' title='bbox 1593 4707 1681 4747; x_wconf 86' lang='lat' dir='ltr'><strong>sermo</strong></span> <span class='ocrx_word' id='word_1_510' title='bbox 1699 4701 1803 4760; x_wconf 80' lang='lat' dir='ltr'><strong>rioster,</strong></span> <span class='ocrx_word' id='word_1_511' title='bbox 1818 4693 1907 4746; x_wconf 79' lang='lat' dir='ltr'><strong>sedit.</strong></span> <span class='ocrx_word' id='word_1_512' title='bbox 1924 4689 1993 4746; x_wconf 84' lang='lat' dir='ltr'><strong>Odi-</strong></span> 
     </span>
     <span class='ocr_line' id='line_1_82' title="bbox 1198 4777 1993 4850; baseline -0.003 -16"><span class='ocrx_word' id='word_1_513' title='bbox 1198 4780 1268 4836; x_wconf 92' lang='lat' dir='ltr'><strong>louis</strong></span> <span class='ocrx_word' id='word_1_514' title='bbox 1291 4780 1409 4848; x_wconf 85' lang='lat' dir='ltr'><strong>solertia,</strong></span> <span class='ocrx_word' id='word_1_515' title='bbox 1438 4780 1482 4850; x_wconf 84' lang='lat' dir='ltr'><strong>t1ui</strong></span> <span class='ocrx_word' id='word_1_516' title='bbox 1505 4797 1566 4834; x_wconf 83' lang='lat' dir='ltr'><strong>euna</strong></span> <span class='ocrx_word' id='word_1_517' title='bbox 1594 4780 1666 4835; x_wconf 88' lang='lat' dir='ltr'><strong>inira</strong></span> <span class='ocrx_word' id='word_1_518' title='bbox 1694 4777 1993 4844; x_wconf 85' lang='lat' dir='ltr'><strong>annoscdolesceutim,</strong></span> 
     </span>
     <span class='ocr_line' id='line_1_83' title="bbox 1198 4866 1995 4940; baseline -0.003 -18"><span class='ocrx_word' id='word_1_519' title='bbox 1198 4869 1400 4924; x_wconf 74' lang='lat' dir='ltr'><strong>cluniacensem</strong></span> <span class='ocrx_word' id='word_1_520' title='bbox 1429 4868 1563 4925; x_wconf 81' lang='lat' dir='ltr'><strong>ordinarit</strong></span> <span class='ocrx_word' id='word_1_521' title='bbox 1584 4870 1773 4940; x_wconf 72' lang='lat' dir='ltr'><strong>prepositum,</strong></span> <span class='ocrx_word' id='word_1_522' title='bbox 1803 4868 1936 4924; x_wconf 80' lang='lat' dir='ltr'><strong>declarat.</strong></span> <span class='ocrx_word' id='word_1_523' title='bbox 1964 4866 1995 4921; x_wconf 87' lang='lat' dir='ltr'><strong>ln</strong></span> 
     </span>
     <span class='ocr_line' id='line_1_84' title="bbox 1198 4955 1994 5028; baseline -0.004 -17"><span class='ocrx_word' id='word_1_524' title='bbox 1198 4959 1275 5028; x_wconf 83' lang='lat' dir='ltr'><strong>eujrrs</strong></span> <span class='ocrx_word' id='word_1_525' title='bbox 1290 4958 1434 5028; x_wconf 81' lang='lat' dir='ltr'><strong>regirariuie</strong></span> <span class='ocrx_word' id='word_1_526' title='bbox 1455 4957 1553 5026; x_wconf 86' lang='lat' dir='ltr'><strong>officio,</strong></span> <span class='ocrx_word' id='word_1_527' title='bbox 1570 4975 1622 5028; x_wconf 89' lang='lat' dir='ltr'><strong>qua</strong></span> <span class='ocrx_word' id='word_1_528' title='bbox 1638 4957 1819 5016; x_wconf 83' lang='lat' dir='ltr'><strong>irrisericordic</strong></span> <span class='ocrx_word' id='word_1_529' title='bbox 1846 4964 1873 5012; x_wconf 89' lang='lat' dir='ltr'><strong>et</strong></span> <span class='ocrx_word' id='word_1_530' title='bbox 1901 4955 1994 5010; x_wconf 88' lang='lat' dir='ltr'><strong>ebari-</strong></span> 
     </span>
     <span class='ocr_line' id='line_1_85' title="bbox 1198 5045 1994 5118; baseline -0.005 -16"><span class='ocrx_word' id='word_1_531' title='bbox 1198 5056 1260 5114; x_wconf 88' lang='lat' dir='ltr'><strong>tato,</strong></span> <span class='ocrx_word' id='word_1_532' title='bbox 1277 5063 1329 5118; x_wconf 81' lang='lat' dir='ltr'><strong>qnia</strong></span> <span class='ocrx_word' id='word_1_533' title='bbox 1355 5045 1513 5102; x_wconf 83' lang='lat' dir='ltr'><strong>strenuitate</strong></span> <span class='ocrx_word' id='word_1_534' title='bbox 1528 5051 1555 5102; x_wconf 91' lang='lat' dir='ltr'><strong>et</strong></span> <span class='ocrx_word' id='word_1_535' title='bbox 1567 5048 1709 5118; x_wconf 80' lang='lat' dir='ltr'><strong>vigilantia</strong></span> <span class='ocrx_word' id='word_1_536' title='bbox 1736 5046 1869 5114; x_wconf 90' lang='lat' dir='ltr'><strong>institerit,</strong></span> <span class='ocrx_word' id='word_1_537' title='bbox 1898 5045 1994 5099; x_wconf 89' lang='lat' dir='ltr'><strong>senio-</strong></span> 
     </span>
     <span class='ocr_line' id='line_1_86' title="bbox 1196 5133 1996 5204; baseline -0.003 -14"><span class='ocrx_word' id='word_1_538' title='bbox 1196 5153 1256 5190; x_wconf 90' lang='lat' dir='ltr'><strong>rum</strong></span> <span class='ocrx_word' id='word_1_539' title='bbox 1285 5134 1504 5191; x_wconf 85' lang='lat' dir='ltr'><strong>Cluniacensium</strong></span> <span class='ocrx_word' id='word_1_540' title='bbox 1533 5135 1641 5191; x_wconf 83' lang='lat' dir='ltr'><strong>devotio</strong></span> <span class='ocrx_word' id='word_1_541' title='bbox 1665 5135 1819 5189; x_wconf 80' lang='lat' dir='ltr'><strong>tiraniiestat</strong></span> <span class='ocrx_word' id='word_1_542' title='bbox 1848 5152 1855 5196; x_wconf 86' lang='grc'><strong>;</strong></span> <span class='ocrx_word' id='word_1_543' title='bbox 1884 5133 1930 5204; x_wconf 91' lang='lat' dir='ltr'><strong>qui</strong></span> <span class='ocrx_word' id='word_1_544' title='bbox 1959 5133 1996 5188; x_wconf 89' lang='lat' dir='ltr'><strong>ad</strong></span> 
     </span>
     <span class='ocr_line' id='line_1_87' title="bbox 1196 5222 1994 5296; baseline -0.004 -17"><span class='ocrx_word' id='word_1_545' title='bbox 1196 5227 1318 5296; x_wconf 90' lang='lat' dir='ltr'><strong>primum</strong></span> <span class='ocrx_word' id='word_1_546' title='bbox 1347 5226 1381 5280; x_wconf 90' lang='lat' dir='ltr'><strong>de</strong></span> <span class='ocrx_word' id='word_1_547' title='bbox 1407 5223 1515 5279; x_wconf 88' lang='lat' dir='ltr'><strong>abbatis</strong></span> <span class='ocrx_word' id='word_1_548' title='bbox 1538 5224 1672 5278; x_wconf 89' lang='lat' dir='ltr'><strong>electione</strong></span> <span class='ocrx_word' id='word_1_549' title='bbox 1700 5222 1824 5291; x_wconf 90' lang='lat' dir='ltr'><strong>verbum,</strong></span> <span class='ocrx_word' id='word_1_550' title='bbox 1851 5239 1912 5277; x_wconf 89' lang='lat' dir='ltr'><strong>eum</strong></span> <span class='ocrx_word' id='word_1_551' title='bbox 1933 5238 1994 5276; x_wconf 91' lang='lat' dir='ltr'><strong>eum</strong></span> 
     </span>
     <span class='ocr_line' id='line_1_88' title="bbox 1197 5311 1994 5384; baseline -0.001 -17"><span class='ocrx_word' id='word_1_552' title='bbox 1197 5314 1364 5370; x_wconf 79' lang='lat' dir='ltr'><strong>norniuasset</strong></span> <span class='ocrx_word' id='word_1_553' title='bbox 1378 5313 1424 5384; x_wconf 90' lang='lat' dir='ltr'><strong>qui</strong></span> <span class='ocrx_word' id='word_1_554' title='bbox 1439 5312 1562 5367; x_wconf 88' lang='lat' dir='ltr'><strong>electioni</strong></span> <span class='ocrx_word' id='word_1_555' title='bbox 1573 5318 1701 5382; x_wconf 62' lang='lat' dir='ltr'><strong>praerat,</strong></span> <span class='ocrx_word' id='word_1_556' title='bbox 1717 5319 1743 5366; x_wconf 89' lang='lat' dir='ltr'><strong>et</strong></span> <span class='ocrx_word' id='word_1_557' title='bbox 1771 5312 1799 5366; x_wconf 90' lang='lat' dir='ltr'><strong>io</strong></span> <span class='ocrx_word' id='word_1_558' title='bbox 1825 5311 1933 5368; x_wconf 70' lang='lat' dir='ltr'><strong>ceteris</strong></span> <span class='ocrx_word' id='word_1_559' title='bbox 1947 5327 1994 5366; x_wconf 86' lang='lat' dir='ltr'><strong>rru-</strong></span> 
     </span>
    </p>
   </div>
   <div class='ocr_carea' id='block_1_20' title="bbox 344 5393 1994 5472">
    <p class='ocr_par' dir='ltr' id='par_1_21' title="bbox 344 5393 1994 5472">
     <span class='ocr_line' id='line_1_89' title="bbox 344 5393 1994 5472; baseline 0.002 -24"><span class='ocrx_word' id='word_1_560' title='bbox 344 5397 424 5466; x_wconf 85' lang='lat' dir='ltr'><strong>quesi</strong></span> <span class='ocrx_word' id='word_1_561' title='bbox 437 5395 579 5465; x_wconf 89' lang='lat' dir='ltr'><strong>cujusdam</strong></span> <span class='ocrx_word' id='word_1_562' title='bbox 595 5393 719 5452; x_wconf 76' lang='lat' dir='ltr'><strong>infantuli</strong></span> <span class='ocrx_word' id='word_1_563' title='bbox 743 5395 833 5468; x_wconf 83' lang='lat' dir='ltr'><strong>imago</strong></span> <span class='ocrx_word' id='word_1_564' title='bbox 857 5398 1016 5466; x_wconf 86' lang='lat' dir='ltr'><strong>apparebat,</strong></span> <span class='ocrx_word' id='word_1_565' title='bbox 1041 5399 1068 5452; x_wconf 91' lang='lat' dir='ltr'><strong>in</strong></span> <span class='ocrx_word' id='word_1_566' title='bbox 1091 5412 1183 5472; x_wconf 83' lang='lat' dir='ltr'><strong>quaD</strong></span> <span class='ocrx_word' id='word_1_567' title='bbox 1201 5401 1336 5456; x_wconf 88' lang='lat' dir='ltr'><strong>rnioandis</strong></span> <span class='ocrx_word' id='word_1_568' title='bbox 1349 5401 1502 5472; x_wconf 89' lang='lat' dir='ltr'><strong>precedere</strong></span> <span class='ocrx_word' id='word_1_569' title='bbox 1517 5401 1654 5465; x_wconf 88' lang='lat' dir='ltr'><strong>voluisset,</strong></span> <span class='ocrx_word' id='word_1_570' title='bbox 1671 5400 1760 5454; x_wconf 88' lang='lat' dir='ltr'><strong>statim</strong></span> <span class='ocrx_word' id='word_1_571' title='bbox 1789 5401 1823 5454; x_wconf 91' lang='lat' dir='ltr'><strong>de</strong></span> <span class='ocrx_word' id='word_1_572' title='bbox 1852 5401 1915 5454; x_wconf 82' lang='lat' dir='ltr'><strong>sede</strong></span> <span class='ocrx_word' id='word_1_573' title='bbox 1930 5416 1994 5455; x_wconf 88' lang='lat' dir='ltr'><strong>euru</strong></span> 
     </span>
    </p>
   </div>
   <div class='ocr_carea' id='block_1_21' title="bbox 340 5481 1142 5998">
    <p class='ocr_par' dir='ltr' id='par_1_22' title="bbox 340 5481 1142 5998">
     <span class='ocr_line' id='line_1_90' title="bbox 344 5481 1141 5555; baseline 0.003 -17"><span class='ocrx_word' id='word_1_574' title='bbox 344 5481 496 5552; x_wconf 82' lang='lat' dir='ltr'><strong>exprimere</strong></span> <span class='ocrx_word' id='word_1_575' title='bbox 509 5492 617 5553; x_wconf 89' lang='lat' dir='ltr'><strong>poterat</strong></span> <span class='ocrx_word' id='word_1_576' title='bbox 632 5483 723 5555; x_wconf 87' lang='lat' dir='ltr'><strong>quanti</strong></span> <span class='ocrx_word' id='word_1_577' title='bbox 751 5483 823 5552; x_wconf 86' lang='lat' dir='ltr'><strong>apud</strong></span> <span class='ocrx_word' id='word_1_578' title='bbox 847 5485 932 5538; x_wconf 81' lang='lat' dir='ltr'><strong>ileum</strong></span> <span class='ocrx_word' id='word_1_579' title='bbox 962 5485 1034 5542; x_wconf 83' lang='lat' dir='ltr'><strong>toret</strong></span> <span class='ocrx_word' id='word_1_580' title='bbox 1049 5488 1141 5542; x_wconf 88' lang='lat' dir='ltr'><strong>meriti</strong></span> 
     </span>
     <span class='ocr_line' id='line_1_91' title="bbox 345 5571 1138 5644; baseline 0.005 -18"><span class='ocrx_word' id='word_1_581' title='bbox 345 5587 413 5640; x_wconf 89' lang='lat' dir='ltr'><strong>puer</strong></span> <span class='ocrx_word' id='word_1_582' title='bbox 438 5571 483 5628; x_wconf 92' lang='lat' dir='ltr'><strong>ille</strong></span> <span class='ocrx_word' id='word_1_583' title='bbox 505 5573 550 5642; x_wconf 86' lang='lat' dir='ltr'><strong>qui</strong></span> <span class='ocrx_word' id='word_1_584' title='bbox 579 5571 748 5628; x_wconf 88' lang='lat' dir='ltr'><strong>nascebatur.</strong></span> <span class='ocrx_word' id='word_1_585' title='bbox 773 5571 842 5640; x_wconf 82' lang='lat' dir='ltr'><strong>Mos,</strong></span> <span class='ocrx_word' id='word_1_586' title='bbox 859 5581 967 5644; x_wconf 87' lang='lat' dir='ltr'><strong>peracto</strong></span> <span class='ocrx_word' id='word_1_587' title='bbox 993 5575 1138 5630; x_wconf 87' lang='lat' dir='ltr'><strong>missarum</strong></span> 
     </span>
     <span class='ocr_line' id='line_1_92' title="bbox 341 5655 1142 5730; baseline 0.005 -16"><span class='ocrx_word' id='word_1_588' title='bbox 341 5655 442 5728; x_wconf 87' lang='lat' dir='ltr'><strong>officio,</strong></span> <span class='ocrx_word' id='word_1_589' title='bbox 463 5661 572 5716; x_wconf 81' lang='lat' dir='ltr'><strong>festinat</strong></span> <span class='ocrx_word' id='word_1_590' title='bbox 587 5661 715 5716; x_wconf 89' lang='lat' dir='ltr'><strong>sacerdos</strong></span> <span class='ocrx_word' id='word_1_591' title='bbox 737 5666 766 5714; x_wconf 90' lang='lat' dir='ltr'><strong>ut</strong></span> <span class='ocrx_word' id='word_1_592' title='bbox 791 5661 830 5714; x_wconf 91' lang='lat' dir='ltr'><strong>rei</strong></span> <span class='ocrx_word' id='word_1_593' title='bbox 845 5661 943 5730; x_wconf 87' lang='lat' dir='ltr'><strong>probet</strong></span> <span class='ocrx_word' id='word_1_594' title='bbox 963 5671 1099 5730; x_wconf 59' lang='lat' dir='ltr'><strong>otrentum,</strong></span> <span class='ocrx_word' id='word_1_595' title='bbox 1116 5671 1142 5718; x_wconf 90' lang='lat' dir='ltr'><strong>et</strong></span> 
     </span>
     <span class='ocr_line' id='line_1_93' title="bbox 340 5748 1141 5823; baseline 0.006 -21"><span class='ocrx_word' id='word_1_596' title='bbox 340 5748 474 5810; x_wconf 81' lang='lat' dir='ltr'><strong>infantem</strong></span> <span class='ocrx_word' id='word_1_597' title='bbox 489 5759 581 5806; x_wconf 89' lang='lat' dir='ltr'><strong>natum</strong></span> <span class='ocrx_word' id='word_1_598' title='bbox 607 5751 718 5819; x_wconf 88' lang='lat' dir='ltr'><strong>reperit,</strong></span> <span class='ocrx_word' id='word_1_599' title='bbox 748 5750 823 5816; x_wconf 85' lang='lat' dir='ltr'><strong>cujus</strong></span> <span class='ocrx_word' id='word_1_600' title='bbox 849 5751 1015 5823; x_wconf 71' lang='lat' dir='ltr'><strong>presagium</strong></span> <span class='ocrx_word' id='word_1_601' title='bbox 1039 5753 1141 5807; x_wconf 89' lang='lat' dir='ltr'><strong>viderat</strong></span> 
     </span>
     <span class='ocr_line' id='line_1_94' title="bbox 341 5837 1141 5908; baseline 0.005 -16"><span class='ocrx_word' id='word_1_602' title='bbox 341 5841 533 5908; x_wconf 82' lang='lat' dir='ltr'><strong>stagnaverat</strong></span> <span class='ocrx_word' id='word_1_603' title='bbox 556 5837 582 5892; x_wconf 92' lang='lat' dir='ltr'><strong>in</strong></span> <span class='ocrx_word' id='word_1_604' title='bbox 604 5839 671 5892; x_wconf 87' lang='lat' dir='ltr'><strong>tanti</strong></span> <span class='ocrx_word' id='word_1_605' title='bbox 694 5837 804 5906; x_wconf 90' lang='lat' dir='ltr'><strong>speculo</strong></span> <span class='ocrx_word' id='word_1_606' title='bbox 818 5839 988 5893; x_wconf 87' lang='lat' dir='ltr'><strong>sacrementi.</strong></span> <span class='ocrx_word' id='word_1_607' title='bbox 1018 5837 1141 5896; x_wconf 86' lang='lat' dir='ltr'><strong>Tuncde</strong></span> 
     </span>
     <span class='ocr_line' id='line_1_95' title="bbox 341 5923 1141 5998; baseline 0.006 -20"><span class='ocrx_word' id='word_1_608' title='bbox 341 5923 389 5979; x_wconf 93' lang='lat' dir='ltr'><strong>illo</strong></span> <span class='ocrx_word' id='word_1_609' title='bbox 417 5925 501 5980; x_wconf 89' lang='lat' dir='ltr'><strong>multa</strong></span> <span class='ocrx_word' id='word_1_610' title='bbox 516 5924 674 5998; x_wconf 77' lang='lat' dir='ltr'><strong>praedic-ens,</strong></span> <span class='ocrx_word' id='word_1_611' title='bbox 704 5939 834 5996; x_wconf 71' lang='lat' dir='ltr'><strong>magnum</strong></span> <span class='ocrx_word' id='word_1_612' title='bbox 857 5925 936 5982; x_wconf 91' lang='lat' dir='ltr'><strong>illum</strong></span> <span class='ocrx_word' id='word_1_613' title='bbox 956 5925 979 5982; x_wconf 91' lang='lat' dir='ltr'><strong>si</strong></span> <span class='ocrx_word' id='word_1_614' title='bbox 1001 5925 1141 5986; x_wconf 83' lang='lat' dir='ltr'><strong>adviveret</strong></span> 
     </span>
    </p>
   </div>
   <div class='ocr_carea' id='block_1_22' title="bbox 1195 5487 1996 5998">
    <p class='ocr_par' dir='ltr' id='par_1_23' title="bbox 1195 5487 1996 5998">
     <span class='ocr_line' id='line_1_96' title="bbox 1195 5487 1994 5562; baseline -0.005 -16"><span class='ocrx_word' id='word_1_615' title='bbox 1195 5497 1353 5562; x_wconf 85' lang='lat' dir='ltr'><strong>rapuerunt,</strong></span> <span class='ocrx_word' id='word_1_616' title='bbox 1369 5499 1395 5544; x_wconf 89' lang='lat' dir='ltr'><strong>et</strong></span> <span class='ocrx_word' id='word_1_617' title='bbox 1409 5504 1470 5542; x_wconf 87' lang='lat' dir='ltr'><strong>cunr</strong></span> <span class='ocrx_word' id='word_1_618' title='bbox 1486 5488 1536 5544; x_wconf 89' lang='lat' dir='ltr'><strong>Dei</strong></span> <span class='ocrx_word' id='word_1_619' title='bbox 1551 5487 1676 5541; x_wconf 88' lang='lat' dir='ltr'><strong>laudibus</strong></span> <span class='ocrx_word' id='word_1_620' title='bbox 1689 5488 1718 5542; x_wconf 90' lang='lat' dir='ltr'><strong>ia</strong></span> <span class='ocrx_word' id='word_1_621' title='bbox 1745 5488 1872 5543; x_wconf 78' lang='lat' dir='ltr'><strong>abbatem</strong></span> <span class='ocrx_word' id='word_1_622' title='bbox 1882 5490 1994 5542; x_wconf 84' lang='lat' dir='ltr'><strong>levave-</strong></span> 
     </span>
     <span class='ocr_line' id='line_1_97' title="bbox 1196 5575 1996 5648; baseline -0.004 -15"><span class='ocrx_word' id='word_1_623' title='bbox 1196 5589 1265 5634; x_wconf 89' lang='lat' dir='ltr'><strong>runt.</strong></span> <span class='ocrx_word' id='word_1_624' title='bbox 1282 5579 1357 5634; x_wconf 81' lang='lat' dir='ltr'><strong>Tunc</strong></span> <span class='ocrx_word' id='word_1_625' title='bbox 1385 5576 1503 5645; x_wconf 88' lang='lat' dir='ltr'><strong>denique</strong></span> <span class='ocrx_word' id='word_1_626' title='bbox 1518 5592 1585 5648; x_wconf 86' lang='lat' dir='ltr'><strong>quas</strong></span> <span class='ocrx_word' id='word_1_627' title='bbox 1599 5592 1678 5632; x_wconf 90' lang='lat' dir='ltr'><strong>cruce</strong></span> <span class='ocrx_word' id='word_1_628' title='bbox 1694 5576 1744 5630; x_wconf 87' lang='lat' dir='ltr'><strong>sibi</strong></span> <span class='ocrx_word' id='word_1_629' title='bbox 1756 5576 1894 5643; x_wconf 79' lang='lat' dir='ltr'><strong>indixerit,</strong></span> <span class='ocrx_word' id='word_1_630' title='bbox 1910 5575 1996 5630; x_wconf 87' lang='lat' dir='ltr'><strong>lorica</strong></span> 
     </span>
     <span class='ocr_line' id='line_1_98' title="bbox 1197 5661 1996 5737; baseline -0.008 -14"><span class='ocrx_word' id='word_1_631' title='bbox 1197 5668 1252 5736; x_wconf 89' lang='lat' dir='ltr'><strong>illa,</strong></span> <span class='ocrx_word' id='word_1_632' title='bbox 1262 5683 1315 5737; x_wconf 88' lang='lat' dir='ltr'><strong>qua</strong></span> <span class='ocrx_word' id='word_1_633' title='bbox 1325 5664 1434 5719; x_wconf 90' lang='lat' dir='ltr'><strong>indutos</strong></span> <span class='ocrx_word' id='word_1_634' title='bbox 1449 5664 1484 5718; x_wconf 91' lang='lat' dir='ltr'><strong>ad</strong></span> <span class='ocrx_word' id='word_1_635' title='bbox 1495 5679 1603 5718; x_wconf 83' lang='lat' dir='ltr'><strong>carnem</strong></span> <span class='ocrx_word' id='word_1_636' title='bbox 1615 5663 1786 5732; x_wconf 88' lang='lat' dir='ltr'><strong>juventutem</strong></span> <span class='ocrx_word' id='word_1_637' title='bbox 1802 5679 1880 5718; x_wconf 87' lang='lat' dir='ltr'><strong>suam</strong></span> <span class='ocrx_word' id='word_1_638' title='bbox 1894 5661 1996 5732; x_wconf 88' lang='lat' dir='ltr'><strong>perdo·</strong></span> 
     </span>
     <span class='ocr_line' id='line_1_99' title="bbox 1197 5749 1994 5823; baseline -0.009 -13"><span class='ocrx_word' id='word_1_639' title='bbox 1197 5756 1272 5819; x_wconf 92' lang='lat' dir='ltr'><strong>muit,</strong></span> <span class='ocrx_word' id='word_1_640' title='bbox 1287 5771 1340 5808; x_wconf 91' lang='lat' dir='ltr'><strong>una</strong></span> <span class='ocrx_word' id='word_1_641' title='bbox 1353 5768 1412 5823; x_wconf 84' lang='lat' dir='ltr'><strong>prae</strong></span> <span class='ocrx_word' id='word_1_642' title='bbox 1426 5751 1531 5806; x_wconf 82' lang='lat' dir='ltr'><strong>caeteris</strong></span> <span class='ocrx_word' id='word_1_643' title='bbox 1545 5751 1579 5806; x_wconf 88' lang='lat' dir='ltr'><strong>ad</strong></span> <span class='ocrx_word' id='word_1_644' title='bbox 1594 5751 1730 5807; x_wconf 88' lang='lat' dir='ltr'><strong>medicum</strong></span> <span class='ocrx_word' id='word_1_645' title='bbox 1746 5751 1859 5806; x_wconf 90' lang='lat' dir='ltr'><strong>deducta</strong></span> <span class='ocrx_word' id='word_1_646' title='bbox 1869 5749 1994 5819; x_wconf 86' lang='lat' dir='ltr'><strong>sufficiat,</strong></span> 
     </span>
     <span class='ocr_line' id='line_1_100' title="bbox 1196 5837 1995 5913; baseline -0.005 -16"><span class='ocrx_word' id='word_1_647' title='bbox 1196 5843 1324 5913; x_wconf 87' lang='lat' dir='ltr'><strong>subqua,</strong></span> <span class='ocrx_word' id='word_1_648' title='bbox 1352 5847 1378 5894; x_wconf 89' lang='lat' dir='ltr'><strong>ot</strong></span> <span class='ocrx_word' id='word_1_649' title='bbox 1393 5855 1480 5906; x_wconf 90' lang='lat' dir='ltr'><strong>suam,</strong></span> <span class='ocrx_word' id='word_1_650' title='bbox 1497 5838 1559 5894; x_wconf 89' lang='lat' dir='ltr'><strong>licet</strong></span> <span class='ocrx_word' id='word_1_651' title='bbox 1574 5838 1713 5908; x_wconf 88' lang='lat' dir='ltr'><strong>innocens,</strong></span> <span class='ocrx_word' id='word_1_652' title='bbox 1726 5845 1752 5893; x_wconf 91' lang='lat' dir='ltr'><strong>et</strong></span> <span class='ocrx_word' id='word_1_653' title='bbox 1767 5838 1849 5908; x_wconf 88' lang='lat' dir='ltr'><strong>patris</strong></span> <span class='ocrx_word' id='word_1_654' title='bbox 1877 5837 1918 5892; x_wconf 85' lang='lat' dir='ltr'><strong>eui</strong></span> <span class='ocrx_word' id='word_1_655' title='bbox 1947 5838 1995 5908; x_wconf 83' lang='lat' dir='ltr'><strong>qut</strong></span> 
     </span>
     <span class='ocr_line' id='line_1_101' title="bbox 1196 5921 1993 5998; baseline -0.008 -11"><span class='ocrx_word' id='word_1_656' title='bbox 1196 5933 1230 5987; x_wconf 92' lang='lat' dir='ltr'><strong>de</strong></span> <span class='ocrx_word' id='word_1_657' title='bbox 1244 5927 1346 5985; x_wconf 88' lang='lat' dir='ltr'><strong>mundo</strong></span> <span class='ocrx_word' id='word_1_658' title='bbox 1371 5926 1429 5998; x_wconf 81' lang='lat' dir='ltr'><strong>jam</strong></span> <span class='ocrx_word' id='word_1_659' title='bbox 1452 5933 1606 5984; x_wconf 83' lang='lat' dir='ltr'><strong>excesserat</strong></span> <span class='ocrx_word' id='word_1_660' title='bbox 1619 5925 1807 5995; x_wconf 68' lang='lat' dir='ltr'><strong>poenitentiam</strong></span> <span class='ocrx_word' id='word_1_661' title='bbox 1822 5921 1931 5996; x_wconf 78' lang='lat' dir='ltr'><strong>agebat.</strong></span> <span class='ocrx_word' id='word_1_662' title='bbox 1952 5927 1993 5981; x_wconf 84' lang='lat' dir='ltr'><strong>ilc</strong></span> 
     </span>
    </p>
   </div>
   <div class='ocr_carea' id='block_1_23' title="bbox 0 0 2380 6725">
    <p class='ocr_par' dir='ltr' id='par_1_24' title="bbox 0 0 2380 6725">
     <span class='ocr_line' id='line_1_102' title="bbox 0 0 2380 6725; baseline 0 1"><span class='ocrx_word' id='word_1_663' title='bbox 0 0 2380 6725; x_wconf 95' lang='lat' dir='ltr'><strong> </strong></span> 
     </span>
    </p>
   </div>
  </div>
 </body>
</html>
