4750 6725
315 613 361 670 tel

836 608 971 666 St‘Utttt.
991 635 1024 646 -
1044 597 1091 658 DE
1106 597 1275 656 CONCEPT.
1291 601 1321 654 Β.
1341 594 1468 654 atnalAE.

1913 616 1964 670 322

314 739 441 812 pertexit,
462 746 488 794 et
504 737 605 792 ibidem
623 731 775 790 monachali
794 730 887 786 habitu
908 730 1059 792 decoratus,
1087 732 1113 778 ct
1128 721 1154 786 Α
1170 723 1303 790 nativitas,
1316 722 1354 778 sic
1368 721 1419 781 luit
1433 724 1585 779 necessaria
1603 727 1662 796 ejus
1693 728 1836 798 conceptio
1852 750 1858 794 ;
1886 734 1965 803 jussu

314 836 375 900 post
393 836 500 899 tompus
515 827 642 898 exiguum
657 823 759 878 meritis
776 821 863 876 beatae
891 817 982 873 llariae
1008 829 1115 883 semper

316 917 443 990 Virginis,
471 931 531 986 quac
546 915 654 986 quidem
672 913 815 984 diligentes
829 925 857 964 se
872 908 982 962 decorat
1009 917 1115 972 semper

314 1017 339 1062 ct
357 1005 506 1078 beatificat,
529 1002 658 1076 Aquileiae
681 1001 823 1070 episcopus
850 995 1004 1068 patriarcba
1028 992 1115 1046 lactas

314 1097 411 1150 lesttrm
427 1091 609 1162 conceptionis
624 1093 652 1145 a.
670 1089 786 1161 Virginis
813 1087 856 1141 elie
885 1082 1007 1154 praelato,
1025 1095 1114 1152 quan-

315 1183 360 1240 diu
380 1183 457 1248 vixit,
478 1181 615 1235 attractalitn
630 1194 690 1232 cum
705 1176 822 1248 propriis
841 1173 943 1230 uotiuis
972 1171 1116 1240 diligenter

314 1271 470 1338 celebrarit,
480 1279 506 1324 el
520 1269 620 1340 ubique
634 1266 824 1322 celebrandum
846 1261 1016 1334 praedicarit.

347 1378 427 1434 Aliud
438 1379 519 1433 etium
535 1373 694 1432 miraculum
711 1373 791 1441 liujus
809 1368 960 1426 festivitatis
983 1365 1047 1420 alibi
1077 1363 1116 1417 cli-

316 1467 541 1536 riuuinspirantc
555 1464 655 1536 gratia,
676 1460 783 1516 anobis
801 1459 961 1514 declaratur.
978 1453 1115 1524 lupelago

317 1555 426 1610 Gallico
442 1554 586 1610 canonieus
601 1552 722 1624 quidam,
738 1546 974 1612 ordinesocerdos,
984 1541 1114 1598 solitusll.

317 1645 410 1700 blaciae
431 1631 1117 1715 Virginisltorascanonicasdecantare,avillaqua-

318 1731 392 1796 dam,
408 1728 454 1783 ubi
470 1743 530 1781 cum
547 1740 630 1779 uxore
645 1722 752 1778 alterius
767 1721 914 1776 fonticulus
941 1719 1037 1784 suerat,
1071 1730 1116 1768 re-

320 1819 407 1884 diens,
420 1815 456 1869 ad
471 1813 605 1884 oppidum
621 1812 648 1865 in
664 1805 1115 1881 quomorabaturteuderecuruos,

319 1915 343 1962 et
359 1905 473 1976 pelagus
489 1903 619 1972 Sequana
639 1909 802 1955 transmeare
825 1896 946 1965 cupiens,
967 1894 1039 1947 soliis
1066 1907 1119 1945 na-

318 1993 531 2064 rerningressus
554 1988 704 2044 Dominicae
737 1985 828 2040 llatris
858 1986 937 2038 liores
962 1979 1118 2051 navigando

1168 813 1216 866 Dei
1232 815 1381 887 concipitur
1399 825 1424 871 et
1441 816 1567 870 nascitur.
1586 815 1651 870 lndc
1662 813 1683 868 si
1700 815 1791 871 divina
1820 820 1888 876 ratio
1908 839 1967 892 por·

1168 903 1303 974 spiciatur,
1316 905 1462 975 spiritualis
1490 903 1674 973 conceptionis
1711 905 1767 972 ejus
1793 906 1851 962 dies
1880 911 1968 981 ntajor

1168 990 1226 1046 lore
1246 993 1414 1062 approbatur
1429 1008 1510 1062 quarn
1525 992 1752 1062 ojusnativitatis.

1205 1105 1258 1160 Res
1273 1107 1345 1160 enim
1360 1106 1448 1176 major
1461 1106 1573 1174 exstitit,
1589 1109 1675 1162 ,ldam
1696 1110 1778 1165 aDeo
1794 1114 1878 1167 creari
1886 1131 1967 1186 quam

1169 1192 1239 1248 lilios
1252 1195 1317 1248 nde
1331 1196 1366 1250 de
1378 1203 1464 1250 matre
1478 1195 1551 1250 nasci
1566 1213 1573 1256 ;
1590 1211 1645 1250 uon
1664 1205 1703 1252 cst
1722 1199 1818 1253 mirum
1838 1203 1861 1256 si
1885 1205 1967 1260 ltomo

1170 1296 1185 1336 a
1204 1283 1262 1336 Deo
1277 1283 1310 1336 dc
1325 1291 1408 1338 matre
1424 1283 1550 1337 nascitur.
1568 1284 1825 1357 Erubescantigitur
1857 1292 1967 1347 austrino

1169 1369 1308 1435 inserenti,
1324 1370 1455 1442 quitanta
1480 1379 1658 1441 sacramenta,
1688 1381 1815 1446 tantoque
1843 1381 1968 1450 mysteria

1170 1458 1290 1513 tenebris
1313 1459 1474 1531 ignorantiae
1498 1459 1625 1515 cxeaecuti
1654 1461 1714 1516 idco
1742 1474 1872 1534 respuunt
1899 1469 1968 1523 celc-

1170 1547 1249 1601 brure
1263 1548 1335 1617 quod
1352 1547 1400 1602 viri
1415 1563 1447 1603 ac
1462 1548 1583 1602 mulieris
1599 1549 1741 1620 copulatio
1756 1552 1968 1626 inconceptione

1171 1635 1289 1706 Virginis
1303 1635 1402 1690 exstitit
1417 1654 1424 1698 ;
1436 1637 1458 1689 si
1477 1637 1550 1692 orum
1563 1636 1622 1706 ejus
1636 1639 1849 1709 conceptionem,
1866 1643 1969 1702 idcirco

1171 1723 1245 1795 qnod
1260 1724 1378 1778 carnalis
1393 1724 1502 1794 exstitit,
1518 1725 1606 1778 stultis
1620 1741 1674 1780 non
1687 1727 1776 1798 placet
1790 1731 1870 1786 hodie
1894 1735 1967 1789 celo-

1171 1812 1262 1879 brare,
1275 1820 1365 1866 tamen
1380 1812 1451 1867 diem
1471 1820 1497 1867 et
1510 1820 1617 1867 noctem
1632 1814 1705 1868 illurn
1722 1815 1842 1886 dignuin,
1870 1838 1968 1893 quam-

1172 1902 1212 1957 vis
1226 1901 1317 1956 tuultis
1331 1901 1363 1955 sit
1379 1901 1525 1972 incognita,
1542 1910 1566 1956 et
1578 1908 1686 1972 tempus
1713 1911 1740 1958 et
1768 1906 1862 1962 horam
1886 1911 1969 1980 spiri·

1173 1990 1253 2070 taralis
1277 1989 1461 2060 conceptionis
1488 1993 1545 2057 ejus
1572 1990 1654 2045 lrodie
1678 1993 1812 2050 celebrare
1846 1997 1968 2068 delectet,

318 2097 415 2139 canere
443 2079 534 2150 coepit.
563 2079 684 2146 Cutntpte
709 2073 902 2140 invitatorium,
930 2072 994 2138 laic,
1019 2071 1229 2149 dictataque
1250 2078 1310 2147 ipse
1334 2077 1486 2132 animarum
1509 2079 1621 2133 Creator
1646 2081 1763 2136 animam
1795 2101 1851 2141 suae
1878 2090 1972 2146 matris

317 2173 410 2244 prolia
426 2167 785 2242 plenuttomtnustecum,
803 2163 914 2229 diceret,
948 2167 975 2215 et
1006 2159 1064 2229 jam
1093 2159 1120 2212 in

317 2259 410 2316 medio
424 2257 542 2313 lluminis
558 2263 637 2323 esset,
658 2251 806 2309 ecceturba
821 2266 920 2322 magno
931 2250 1083 2304 demonum
1094 2248 1120 2300 in

317 2347 455 2424 profundo
467 2345 569 2418 pelagi,
589 2360 643 2398 una
657 2359 716 2396 cum
732 2341 791 2413 ejtrs
809 2339 933 2394 navicula
947 2354 1009 2392 eum
1021 2336 1120 2407 praeci-

318 2438 426 2511 pitarit,
447 2435 546 2504 atejus
564 2431 685 2487 animam
714 2429 802 2500 rapuit
834 2428 868 2482 ad
897 2434 1044 2483 tormenta.
1070 2423 1120 2479 Die

319 2536 410 2582 autern
428 2525 504 2580 tertia
525 2523 616 2577 locum
638 2535 691 2592 quo
720 2520 861 2574 daemones
888 2531 950 2571 cum
983 2514 1121 2570 tormentis

320 2613 486 2680 alliciebant,
502 2611 576 2667 venit
590 2611 674 2664 llater
688 2609 749 2662 lesu
760 2623 821 2661 cunt
836 2621 936 2678 magna
961 2603 1119 2675 angelorum

320 2703 459 2769 societate,
481 2699 573 2755 dicens
591 2697 645 2753 eis:
664 2698 696 2752 Ut
716 2695 780 2766 quid
795 2694 912 2749 animam
929 2691 1022 2746 famuli
1037 2689 1120 2745 nostri

321 2793 359 2847 ita
368 2791 469 2860 injuste
487 2786 630 2860 affligitis?
647 2785 714 2850 Nos,
743 2782 878 2853 inquiunt,
905 2797 966 2836 earn
991 2779 1121 2834 debemus

322 2879 435 2946 trabere,
452 2885 478 2934 et
492 2877 596 2941 merito,
613 2874 739 2944 quoniam
760 2873 786 2926 in
801 2869 1121 2940 nostrisoperibuseapta

323 2979 372 3026 est.
390 2967 499 3038 Quibus
519 2965 602 3020 llater
616 2963 697 3018 Jesu:
718 2961 746 3016 Si
762 2959 834 3015 illius
849 2960 931 3014 debet
955 2973 1013 3014 csse
1046 2957 1122 3025 cujus
1142 3011 1145 3016 ,

322 3073 406 3128 opera
421 3054 549 3121 iaciebat,
570 3068 635 3125 ergo
663 3059 754 3106 nostra
788 3049 869 3104 debet
896 3063 966 3114 esso,
994 3046 1121 3117 quoniam

323 3145 471 3202 matutinas
490 3150 604 3206 nostras,
621 3141 684 3195 dum
699 3155 747 3195 ros
766 3154 828 3194 eum
842 3136 1006 3208 peremistis,
1028 3135 1123 3189 decau-

323 3235 414 3296 tabat;
432 3230 600 3302 unclcmagis
615 3229 654 3284 rei
674 3226 748 3294 estis,
771 3225 816 3298 qui
844 3225 936 3295 iniqua
967 3233 1060 3280 eontra
1079 3237 1122 3277 me

324 3321 427 3397 egistis.
442 3321 489 3375 llis
517 3319 595 3374 dietis
620 3317 760 3373 daemones
786 3315 838 3371 hue
866 3315 982 3385 illucque
1008 3312 1123 3383 dispersi

1175 2167 1296 2238 dignam,
1313 2166 1542 2220 etsanctissimam
1558 2169 1667 2237 corpori
1685 2171 1811 2242 virginali
1831 2175 1891 2244 ejus
1916 2180 1972 2232 mi-

1173 2255 1351 2309 nistrantibus
1370 2255 1473 2326 angelis
1494 2256 1653 2324 copulavit;
1682 2274 1763 2327 quarn
1791 2261 1872 2318 etiarn
1899 2265 1971 2322 diem

1173 2343 1290 2414 primam
1318 2351 1417 2397 nostre
1445 2343 1621 2414 reparationis
1649 2353 1676 2399 et
1706 2347 1798 2402 salutis
1826 2351 1973 2423 dispositor

1174 2441 1271 2488 nostrae
1285 2431 1440 2487 salvationis
1454 2432 1525 2486 inter
1541 2441 1653 2488 caeteros
1669 2434 1727 2489 dies
1741 2436 1813 2505 lecit,
1820 2443 1971 2515 praeelegit,

1174 2527 1200 2576 et
1215 2519 1391 2576 sanctificarit
1407 2538 1413 2582 ;
1431 2535 1494 2574 nant
1509 2521 1570 2575 duro
1584 2529 1644 2575 sunt
1658 2527 1974 2595 oottccptionesbominis

1174 2611 1239 2680 (lroc
1253 2609 1378 2662 omuibus
1392 2609 1487 2678 peritis
1500 2616 1594 2663 notum
1616 2611 1676 2679 est),
1697 2629 1751 2667 rina
1778 2631 1831 2686 qua
1859 2622 1974 2677 carnalis

1174 2697 1270 2767 copula
1285 2697 1336 2751 riri
1352 2697 1514 2751 acmulieris
1541 2698 1640 2768 agitur,
1670 2699 1724 2753 alia
1747 2718 1801 2774 qua
1823 2707 1974 2777 spiritualis

1174 2787 1342 2840 animanova
1357 2793 1384 2840 et
1397 2801 1465 2854 pura
1479 2786 1537 2840 Deo
1556 2793 1688 2855 operante
1712 2793 1818 2861 corpori
1846 2795 1974 2855 divinitas

1174 2874 1339 2946 adjungitur.
1356 2872 1384 2928 Si
1399 2888 1452 2928 non
1463 2874 1552 2944 placet
1560 2874 1597 2929 illi
1609 2875 1748 2932 celebrare
1759 2879 1972 2942 Dominieaelda-

1175 2963 1222 3019 tris
1238 2962 1373 3019 carnalem
1383 2962 1597 3032 conceptionem,
1615 2964 1711 3018 saltem
1725 2966 1973 3036 pleccatcclebrare

1175 3053 1234 3123 ejus
1248 3051 1346 3106 animae
1359 3051 1526 3120 spiritualem
1541 3050 1707 3107 creationem
1722 3059 1896 3130 corporisque
1911 3080 1974 3120 curn

1176 3140 1268 3194 anima
1282 3137 1491 3210 copulationem.
1509 3138 1643 3208 0qnanta
1661 3150 1702 3197 est
1715 3143 1774 3198 dics
1786 3145 1842 3212 illa,
1859 3165 1911 3220 qua
1930 3169 1977 3208 no

1176 3237 1239 3282 strae
1250 3226 1425 3296 reparatricis
1437 3226 1527 3280 anima
1542 3227 1626 3298 digua
1642 3237 1757 3299 creatur,
1773 3239 1801 3288 et
1822 3237 1977 3295 sanctitica-

1177 3323 1229 3383 tur,
1246 3323 1273 3372 et
1287 3314 1461 3371 sanctissimo
1471 3315 1579 3384 corpori
1594 3315 1887 3379 uolturlnonestenim
1900 3344 1978 3385 verus

323 3414 463 3486 sugerunt,
473 3418 499 3465 et
515 3408 595 3464 beata
607 3406 691 3463 Maria
706 3406 822 3461 animam
838 3404 944 3459 reduxit
959 3402 994 3457 ad
1010 3416 1121 3471 corpus,
1138 3423 1163 3487 C
1178 3412 1287 3459 amator
1301 3404 1420 3474 Virginis
1435 3403 1482 3475 qui
1496 3404 1602 3473 respuit
1622 3406 1714 3462 colere
1732 3408 1803 3465 diem
1830 3414 1889 3483 ejus
1916 3433 1981 3473 con-

324 3512 351 3559 ct
364 3500 502 3557 bominem
517 3498 551 3553 ab
567 3504 681 3567 utroque
696 3494 791 3549 sunere
808 3492 967 3549 suscitatum
981 3507 1030 3563 per
1057 3492 1122 3546 bra-

324 3591 416 3647 obium
424 3587 565 3658 arripiam,
582 3600 679 3656 aquam
691 3582 817 3639 adextris
831 3589 887 3637 eta
915 3581 1031 3635 sinistris
1050 3580 1124 3651 quasi

325 3694 433 3735 murum
446 3684 518 3731 stare
530 3674 639 3745 jubens,
655 3672 690 3727 de
703 3670 838 3743 profundo
853 3670 943 3742 pelagi
959 3669 993 3724 ed
1017 3677 1124 3739 portum

325 3768 491 3824 incolumem
507 3762 620 3818 reduxit.
636 3762 672 3818 At
685 3761 730 3815 ille
744 3759 864 3833 gaudens
879 3758 992 3830 pedibus
1008 3760 1037 3812 n.
1062 3758 1123 3813 Vir-

325 3856 399 3929 ginis
413 3860 566 3925 prostratus
580 3850 617 3905 ait
633 3866 639 3902 :
657 3848 830 3915 Cltarissima,
861 3846 972 3902 domina
999 3861 1069 3915 mea,
1098 3852 1125 3901 et

326 3946 410 4017 Virgo
425 3940 550 4013 speciosa
569 3938 675 3995 Citristo
694 3935 858 4009 gratissima,
876 3935 942 4008 quid
951 3933 998 3988 tibi
1008 3933 1124 3989 tribuam

328 4049 379 4104 pro
393 4031 474 4087 tantis
487 4026 624 4083 beneficiis
639 4042 700 4099 quae
713 4024 778 4079 milri
799 4022 915 4079 iecisti?
934 4022 1053 4079 liberasti
1082 4038 1125 4077 me

328 4122 361 4176 de
376 4134 425 4177 ore
435 4117 533 4184 leonis,
548 4123 575 4171 et
593 4115 627 4170 de
660 4114 803 4170 tormentis
831 4111 930 4167 inferni
958 4110 1126 4183 gravissimis

327 4209 449 4265 animam
467 4220 564 4261 meam.
581 4204 629 4260 Cui
644 4203 802 4257 llaterlesu
817 4201 876 4255 ait:
900 4201 1000 4256 Precor
1027 4206 1063 4266 to,
1092 4214 1126 4254 nc

328 4299 476 4353 decaetero
496 4294 522 4348 iu
538 4292 659 4347 adulterii
675 4294 816 4362 pecccatum
831 4289 927 4357 cadas,
957 4304 990 4343 ne
1009 4286 1055 4342 fiat
1076 4287 1125 4342 tibi

328 4384 491 4442 norissimus
509 4396 585 4437 error
602 4380 681 4453 pejor
695 4378 797 4449 priore.
817 4378 916 4434 Precor
929 4384 956 4432 tc
971 4376 1069 4432 iterum
1097 4381 1127 4431 ut

328 4475 362 4529 de
377 4481 475 4530 caetero
490 4470 587 4526 festum
603 4466 787 4538 conceptionis
801 4482 868 4522 nicae
890 4466 986 4521 devote
1007 4466 1128 4521 celebres

330 4561 467 4618 annuatim
490 4576 517 4615 ιι
529 4558 590 4613 ldus
608 4556 776 4619 Decembris,
786 4563 811 4610 et
821 4554 923 4627 ubique
934 4554 1127 4611 celebrandurn

328 4648 473 4723 pradinas.
483 4648 546 4701 Mox
560 4652 588 4700 nt
602 4644 630 4700 id
649 4645 716 4699 dixit
726 4644 755 4698 B.
767 4643 849 4716 Virgo
861 4644 952 4711 llario,
961 4651 1127 4702 cocernente

1178 3493 1321 3563 captionis.
1339 3491 1505 3546 Erubescnnt
1518 3492 1711 3549 iteruminsaoi
1739 3498 1786 3569 qui
1810 3501 1882 3557 ltuuc
1908 3505 1980 3561 diem

1179 3582 1270 3638 colere
1282 3596 1335 3636 non
1351 3580 1442 3635 nolunt
1467 3578 1569 3635 idcirco
1597 3582 1661 3652 quia
1688 3583 1802 3640 aliorum
1826 3599 1979 3650 sanctorum

1178 3670 1371 3739 conceptiones
1390 3668 1501 3721 minime
1512 3668 1605 3723 colere
1620 3678 1711 3726 sancta
1725 3678 1866 3733 consucvit
1882 3681 1979 3738 Eccle-

1178 3758 1230 3813 sia.
1242 3756 1359 3812 llaxima
1372 3755 1474 3826 quippe
1482 3756 1618 3810 rusticitas
1629 3765 1668 3812 est
1683 3775 1741 3814 carn
1758 3762 1818 3819 aliis
1832 3770 1931 3823 sanctis
1950 3771 1979 3826 in

1175 3848 1231 3909 ¹lroc
1243 3858 1411 3915 comparare,
1429 3843 1456 3897 io
1470 3859 1523 3914 qua
1533 3844 1606 3898 Deus
1620 3860 1730 3904 carnem
1755 3850 1900 3910 humanum
1930 3874 1977 3913 as-

1179 3932 1305 4004 sumpsit,
1317 3949 1397 4004 quam
1409 3932 1491 3988 etiam
1506 3948 1589 4003 super
1602 3940 1815 4013 omnesangelos
1825 3952 1851 3998 et
1860 3948 1980 4002 arelian-

1179 4023 1257 4096 gelos
1271 4022 1299 4076 in
1326 4022 1402 4077 coelis
1427 4021 1605 4092 sublimarit3
1632 4029 1755 4096 queraris
1781 4032 1853 4087 enirn
1875 4020 2000 4094 caeteris⁸

1179 4112 1280 4166 sanctis
1295 4111 1353 4166 dios
1367 4108 1550 4181 conceptionis
1561 4125 1654 4167 eorum
1669 4132 1722 4172 non
1737 4119 1772 4173 sit
1787 4136 1942 4179 concessum
1953 4135 1982 4182 ut

1179 4200 1339 4269 celebretur,
1361 4200 1400 4254 illi
1421 4208 1509 4254 tumen
1531 4216 1547 4255 a
1571 4199 1670 4271 Spiritu
1699 4216 1795 4263 salicto
1823 4226 1981 4268 concessum

1180 4297 1230 4357 est,
1245 4289 1403 4358 qrtaenraJor
1418 4298 1443 4346 et
1461 4294 1638 4351 excellentior
1661 4298 1764 4351 cunctis
1786 4306 1839 4353 est.
1870 4300 1983 4359 Pulchre

1180 4388 1207 4433 et
1221 4378 1304 4451 digne
1317 4378 1527 4436 dominationem
1553 4400 1635 4455 super
1662 4395 1779 4441 caeteros
1804 4396 1909 4444 sanctos
1936 4390 1983 4446 ille

1181 4466 1262 4522 debet
1277 4466 1385 4531 habere,
1402 4483 1451 4537 per
1465 4486 1545 4539 quam
1558 4487 1652 4527 ontnes
1667 4474 1752 4528 sancti
1766 4476 1978 4547 sanctificantem

1182 4555 1366 4610 diciturenim
1391 4556 1514 4612 Christus
1534 4566 1691 4615 sauctorum
1720 4561 1844 4630 Sanctus,
1865 4572 1891 4619 et
1919 4566 1983 4637 ipsa

1182 4652 1336 4699 sanctorum
1351 4644 1449 4699 Sancta
1460 4660 1467 4715 ;
1479 4653 1506 4701 et
1519 4646 1587 4702 sicut
1600 4648 1658 4704 sine
1672 4665 1748 4706 more
1759 4667 1882 4707 summus
1892 4670 1983 4712 rerum

330 4735 597 4803 coelososcendit,et
628 4733 686 4804 ipso
711 4732 877 4789 eremiticam
899 4734 982 4789 ritum
1010 4732 1335 4814 ducens‚1)1)ispositor
1359 4748 1442 4803 super
1467 4748 1562 4791 omnes
1586 4745 1693 4793 sanctos
1721 4746 1747 4792 01
1775 4748 1882 4796 sanetas
1909 4743 1982 4800 plum

330 4827 402 4899 quod
417 4825 468 4880 sibi
483 4822 629 4889 acciderat,
650 4822 752 4877 cunctis
766 4820 858 4876 audire
885 4823 1040 4881 volentibus
1063 4845 1130 4885 nar-

331 4916 409 4982 ravit,
430 4919 563 4983 etpostoa
592 4910 710 4982 quandiu
735 4910 811 4979 vixit,
841 4910 905 4965 illud
934 4912 1029 4970 festum
1061 4934 1129 4975 con.

332 5000 463 5075 captionis
477 4999 634 5055 solemniter
647 5006 673 5053 ot
693 4998 790 5054 devote
812 4998 966 5069 celebrarit,
1002 5011 1029 5058 ct
1056 5007 1129 5063 cele.

331 5100 466 5157 beandum
498 5096 664 5169 praedieavit.
694 5096 727 5151 Et
754 5112 812 5163 nos,
842 5096 939 5153 iratres
963 5101 1129 5173 charissimi,

333 5206 423 5255 nostra
464 5194 685 5265 archiepiscopali
727 5194 885 5251 auctoritato
924 5198 1132 5256 corroboramus

333 5305 414 5367 atque
427 5293 603 5365 praecipimus
618 5300 645 5347 ut
667 5291 754 5347 nullus
778 5300 900 5349 nostrum
924 5294 963 5349 ita
991 5296 1024 5351 sit
1053 5298 1134 5354 robus

335 5390 530 5463 temporalibus
543 5398 589 5445 aut
601 5390 719 5460 propriis
742 5388 846 5445 delictis
873 5392 1042 5464 desperatae,
1069 5396 1133 5466 quin

335 5486 474 5543 bituriae
504 5484 623 5557 Virginis
650 5484 854 5557 conceptionem
877 5488 1000 5545 celebret
1027 5506 1134 5547 annua-

336 5585 393 5641 tim.
410 5582 484 5639 Sicut
497 5584 571 5638 enirn
586 5583 613 5637 in
634 5590 729 5639 sancta
757 5584 881 5641 Ecclesia
908 5586 967 5658 ejus
993 5587 1135 5645 extollitur

335 5681 472 5749 nativitas,
487 5680 526 5735 ita
539 5679 686 5751 debetejns
700 5680 793 5737 extolli
807 5684 949 5754 conceptio
966 5701 973 5749 ;
989 5685 1041 5741 nisi
1064 5688 1135 5744 euim

338 5778 532 5853 conciperetur,
549 5792 688 5851 nunquam
704 5786 871 5836 nasceretur.
902 5780 978 5839 Sicut
1006 5782 1080 5841 enim
1101 5785 1137 5844 ad

337 5874 596 5953 mirandumgeaus
608 5874 756 5936 humanum
770 5876 1055 5943 olimlultnocaesaria
1078 5884 1138 5960 ejus

1185 4820 1345 4893 dignitatem
1360 4822 1399 4876 illi
1418 4822 1542 4890 eontulit,
1558 4832 1587 4879 ut
1601 4826 1718 4904 Verbum
1733 4844 1843 4883 carnem
1876 4830 1982 4889 tactum

1185 4910 1269 4982 Virgo
1279 4910 1431 5009 correiperet
1445 4919 1471 4966 ct
1485 4923 1603 4983 pareret,
1627 4922 1741 4985 etpost
1767 4926 1874 4987 parturn
1899 4920 1982 4994 Virgo

1184 5006 1364 5070 permaneret,
1375 5015 1414 5054 sto
1427 4998 1488 5071 ipse
1503 5017 1557 5072 prae
1572 5002 1698 5059 omnibus
1712 5004 1815 5076 absque
1829 5011 1984 5068 morobano

1186 5098 1345 5171 dignitatem
1361 5098 1399 5151 illi
1415 5097 1539 5170 praebuit,
1556 5104 1585 5154 ut
1612 5102 1795 5172 conceptionis
1815 5113 1841 5161 et
1853 5092 1983 5164 nativita-

1186 5194 1220 5248 tis
1234 5195 1291 5263 eJus
1304 5193 1438 5249 solemnia
1452 5206 1626 5253 socrosancta
1640 5199 1667 5253 in
1680 5208 1773 5256 sancta
1788 5202 1911 5260 Ecclesia
1935 5220 1985 5263 oe-

1186 5291 1331 5347 lebretnus.
1348 5291 1419 5361 Quid
1431 5294 1540 5365 longius
1553 5296 1566 5350 i
1581 5298 1734 5356 Dominicae
1748 5300 1843 5359 llatris
1864 5320 1986 5377 concap·

1187 5392 1289 5449 tionem
1302 5394 1404 5463 colere,
1422 5394 1518 5449 Christi
1531 5397 1736 5467 generationem
1750 5409 1793 5457 est
1816 5418 1988 5462 commemo·

1188 5502 1250 5543 rare
1266 5505 1273 5551 ;
1288 5503 1351 5542 nam
1365 5489 1424 5559 ejus
1439 5491 1580 5562 conceptio
1608 5490 1710 5549 Christi
1737 5499 1920 5569 generationis
1949 5506 1990 5556 ost

1189 5582 1271 5640 linea.
1290 5582 1462 5656 Qtrapropter
1481 5586 1659 5659 Evangelium
1684 5590 1770 5648 Liber
1795 5598 1988 5664 generationis

1191 5680 1335 5751 (liuilni,
1351 5682 1518 5755 l)ipsadie,
1543 5685 1612 5742 sicut
1638 5686 1667 5743 in
1693 5690 1841 5748 Nativitatc
1869 5694 1989 5768 Domini,

1191 5788 1253 5837 onte
1266 5782 1437 5840 matutinales
1446 5783 1542 5842 laudes
1557 5786 1630 5843 bono
1643 5804 1720 5846 more
1748 5789 1933 5863 decantamus,
1962 5799 1992 5853 ct

1192 5880 1227 5941 ad
1241 5880 1350 5941 misam
1365 5882 1489 5961 legimus.
1505 5883 1600 5945 Merito
1615 5901 1681 5963 ergo
1695 5887 1796 5947 colitur
1808 5897 1836 5949 et
1847 5890 1897 5949 filii
1907 5908 1992 5971 gene·
