4750 6725
442 630 497 699 Μ
958 627 1112 687 monent
1120 626 1565 689 ctututmnttstsnottttcttt
2032 622 2087 681 788

444 776 568 841 mindam
586 776 751 851 simplicium
763 773 792 835 iii
818 772 891 840 bunc
905 774 1021 833 fratrum
1035 790 1091 833 ncn
1110 780 1235 833 conmm-
1250 753 1278 819 Α
1292 772 1487 831 commendare
1500 772 1653 846 euplebam.
1669 773 1726 829 Nec
1740 771 1768 829 in
1782 771 1824 829 his
1847 784 1908 827 mec
1930 784 2012 826 sensu
2029 782 2098 823 usus

444 869 544 931 candae
559 867 690 926 voluntati
712 866 939 937 obtemperantes,
967 865 1065 922 usitato
1092 879 1168 921 more
1195 864 1240 920 lc·
1293 878 1364 933 sum,
1378 862 1426 919 sed
1440 862 1516 919 firme
1530 871 1557 919 et
1570 863 1614 920 cui
1640 879 1695 919 nou
1721 861 1833 919 credere
1869 858 2004 917 nefarium
2034 870 2099 915 essa

445 958 545 1034 quendi
560 955 622 1029 styli
636 954 724 1015 officio
738 955 852 1013 feudare
865 953 1048 1020 decrevimus,
1065 952 1240 1024 aciiptIaquae
1295 951 1441 1009 credebam
1456 952 1564 1007 Petrum
1584 954 1746 1009 auctoritate
1770 949 1910 1019 subnixus,
1939 963 2010 1021 quos
2027 945 2097 1003 milii

441 1046 498 1107 elic
512 1045 628 1119 quodam
642 1044 915 1117 elocutionIsgeuere
938 1044 1000 1116 ipae
1025 1050 1104 1117 gesta
1117 1056 1241 1099 comme-
1296 1042 1433 1109 quondam
1447 1047 1587 1099 attestatos
1609 1040 1694 1097 fuisse
1722 1040 1853 1097 recordor
1880 1056 1908 1095 se
1935 1054 1981 1094 res
2007 1036 2098 1109 ipsas,

441 1140 550 1195 morant
573 1133 728 1207 sapientum
754 1132 964 1191 considerationi
991 1131 1105 1189 relictis.
1138 1131 1188 1187 Cui
1213 1138 1243 1186 ut
1294 1130 1369 1202 juiii
1383 1128 1457 1203 quod
1471 1145 1517 1187 eas
1530 1129 1721 1195 describimus,
1736 1136 1811 1187 certo
1826 1128 1911 1184 relatu
1937 1142 2039 1185 eorum
2054 1124 2100 1199 qui
2174 1194 2175 1203 χ

441 1220 651 1293 licetinsipieus
670 1221 882 1293 acquiescerem,
900 1236 945 1277 me
962 1218 1086 1277 nonnihil
1099 1218 1244 1276 illexerunt
1296 1218 1397 1291 optime
1425 1219 1486 1275 illes
1513 1227 1646 1275 noverant
1673 1219 1844 1291 cognovisse.
1881 1218 1985 1273 Horum
2013 1230 2100 1269 unum
2174 1220 2175 1227 ’

441 1311 538 1370 mdem
550 1311 662 1382 scripte,
672 1326 705 1367 eo
719 1309 794 1381 quod
808 1309 835 1365 in
849 1308 1016 1381 quibusdam
1028 1308 1165 1365 nonnullis
1179 1322 1243 1363 mo·
1296 1308 1470 1381 AEgelredum
1485 1308 1598 1377 scilicet,
1614 1309 1661 1380 qui
1675 1306 1829 1379 subprioris
1842 1314 1869 1362 et
1896 1304 2021 1362 cantoris
2038 1300 2102 1359 offi-

442 1398 509 1462 dum
523 1403 629 1455 uaimtin
642 1399 803 1455 corretionis
817 1398 972 1455 excessisse
993 1398 1129 1453 videntur.
1145 1396 1242 1453 dddu·
1296 1397 1368 1453 cium
1383 1398 1411 1451 in
1424 1397 1540 1453 ecclesie
1553 1396 1741 1453 Cantuuriensi
1755 1395 1941 1454 strenuissime
1960 1410 2012 1465 per
2025 1391 2103 1447 mul-

443 1496 502 1548 atus
515 1488 597 1548 eliani
610 1486 640 1545 iu
654 1489 706 1545 boc
720 1502 779 1563 sum
808 1486 987 1559 quorumdam
1015 1485 1168 1551 calumniis,
1198 1486 1244 1556 qui
1298 1492 1354 1542 tnm
1370 1488 1501 1559 temporis
1515 1485 1730 1555 admiuIstrabet,
1748 1486 1846 1557 quique
1867 1484 2051 1555 postmodum
2067 1480 2101 1536 cb
2174 1548 2175 1557 χ

444 1576 600 1650 frequenter
613 1575 699 1647 questi
714 1578 777 1633 suot
790 1582 818 1633 et
830 1574 963 1647 conqueri
976 1590 1033 1631 non
1045 1574 1179 1630 desistunt
1193 1588 1244 1629 au-
1297 1576 1453 1649 religicsam
1468 1576 1639 1647 prudentiam
1668 1582 1694 1631 et
1708 1574 1870 1647 prudentem
1884 1570 2099 1645 religiositatem
2174 1564 2175 1569 ’

444 1675 548 1723 ctoreiu
561 1665 618 1737 (30)
631 1665 753 1737 ipsorum
761 1664 924 1736 scriptorum
931 1664 1050 1737 vulgatae
1057 1678 1148 1720 rernm
1161 1664 1244 1718 bistc
1298 1679 1375 1719 auam
1390 1662 1850 1737 Wigcmensiecclesiaesubbeatie
1863 1661 2002 1717 memor-ire
2016 1658 2103 1715 Wul-
2174 1680 2175 1707 i

445 1754 496 1812 rie
509 1770 565 1811 non
578 1752 743 1811 omnimodis
756 1753 950 1809 concordasse.
968 1751 1049 1822 Quod
1059 1768 1115 1809 nori
1134 1750 1245 1824 quIdem
1299 1756 1377 1809 steno
1392 1752 1520 1825 episcopo
1536 1752 1662 1824 prelatus
1676 1760 1742 1819 erat,
1772 1758 1799 1807 et
1827 1750 1922 1806 moltis
1948 1750 1995 1823 qui
2010 1748 2104 1805 adfine
2174 1790 2175 1803 ,

446 1844 475 1899 iii
489 1841 636 1909 miraculis,
652 1858 715 1913 qnae
730 1841 765 1897 de
778 1840 840 1911 ipso
854 1841 933 1898 Putre
945 1840 1047 1913 scripta
1060 1848 1130 1908 sunt,
1146 1839 1171 1896 ei
1184 1839 1247 1897 sub.
1299 1848 1448 1913 supersunt
1461 1841 1618 1897 notissimus
1633 1839 1728 1905 fuerat,
1756 1856 1790 1897 ne
1817 1839 1897 1896 nudis
1923 1838 2103 1895 solummodo

446 1932 564 2003 repsisse
580 1928 755 1987 confitemur.
774 1931 815 1987 lle
842 1929 950 2001 quibus,
978 1930 1055 1986 verbi
1079 1930 1177 2003 gretia,
1204 1935 1247 1984 est
1298 1930 1389 1987 uerbis
1403 1946 1488 2003 egere
1499 1930 1614 2001 judicer,
1630 1930 1737 1986 omissis
1756 1929 1816 1986 eliis
1842 1942 2001 2001 pmponera
2028 1926 2105 1984 cordi

447 2020 521 2092 quod
528 2018 618 2075 scribit
628 2018 813 2090 episcopatum
822 2020 1059 2090 WIrgcinenaem,
1072 2017 1244 2075 comedente
1300 2018 1360 2076 fuit.
1376 2019 1427 2075 illc
1439 2018 1573 2091 AEgelricc
1588 2019 1738 2077 Ciccstrens
1765 2018 1896 2090 episcopo
1917 2016 2024 2073 homini
2041 2032 2103 2070 ina-

449 2109 530 2164 Pater
544 2108 700 2165 liunstanua
724 2107 826 2164 electus
840 2114 867 2164 et
893 2115 1066 2167 consecratus
1093 2116 1143 2176 est,
1161 2106 1246 2163 folsee
1261 2108 1289 2174 Β
1302 2124 1415 2182 gnarum
1431 2125 1520 2166 rernm
1536 2108 1635 2179 peritia
1660 2108 1777 2180 piaediic
1804 2110 1918 2163 entheas
1940 2106 1988 2162 diu
2003 2105 2101 2162 adtiae-

449 2196 597 2253 inhonore
617 2196 703 2253 bestia
731 2197 827 2252 initiis
854 2197 904 2253 Dei
932 2197 1033 2264 barin,
1061 2212 1123 2255 cum
1150 2210 1248 2252 revera
1302 2206 1383 2266 serat,
1397 2206 1424 2255 et
1437 2198 1473 2253 ab
1487 2212 1519 2254 ec
1534 2198 1619 2254 multa
1633 2198 1668 2254 de
1683 2198 1763 2253 beato
1790 2198 1943 2263 Dunetenc,
1973 2196 2018 2251 cui
2034 2210 2104 2265 pene

445 2286 530 2343 fuerit
554 2285 584 2340 in
597 2286 727 2342 honorem
747 2284 861 2358 gloriosi
893 2285 1076 2356 apostolorum
1115 2284 1247 2357 principis
1301 2294 1543 2358 contemporaneus
1559 2286 1618 2353 fuit,
1638 2284 1788 2351 didicerat;
1819 2300 1881 2355 qnae
1895 2283 1941 2339 ille
1955 2283 1992 2338 ab
2007 2283 2042 2337 iis
2058 2283 2103 2354 qni

447 2375 517 2431 Petri
528 2394 537 2441 3
553 2382 581 2429 et
594 2374 668 2444 quod
682 2374 776 2444 refert,
791 2375 941 2429 secundum
957 2372 1136 2441 Edwardum,
1151 2379 1249 2445 marty·
1301 2374 1430 2431 interesse
1458 2382 1614 2431 meruerunt
1628 2390 1657 2431 ee
1683 2373 1820 2445 accepisse
1852 2370 1997 2428 fatebatur.
2028 2372 2102 2427 Sunt
2174 2372 2175 2389 ¹

448 2478 507 2520 reni
521 2478 557 2519 ex
571 2462 773 2519 sanctimoniali
801 2462 1030 2531 seminantium,
1059 2479 1125 2518 cnm
1151 2463 1248 2535 procul
1301 2480 1382 2536 super
1395 2464 1566 2537 bascscripts
1581 2471 1703 2520 veterum
1717 2460 1873 2532 simpliciori
1895 2460 1963 2532 stylo
1994 2462 2105 2534 digesta
2174 2530 2175 2533 Ἴ

447 2551 532 2608 dubio
545 2558 649 2607 constet
663 2567 726 2607 enm
739 2567 774 2606 ex
785 2551 908 2624 legitima
922 2552 1040 2625 conjuge
1054 2560 1245 2624 procreatum
1302 2559 1329 2609 et
1343 2554 1530 2609 chronicorum
1547 2552 1712 2608 abbrevistae
1726 2551 1888 2617 notationes,
1914 2550 2003 2619 iisque
2032 2549 2105 2603 scri-
2174 2598 2175 2611 ,

446 2648 474 2697 et
496 2640 549 2697 alia
571 2641 699 2713 quaedam
713 2640 827 2696 inhnnc
842 2640 965 2697 modum.
991 2642 1112 2711 Quorum
1126 2642 1246 2698 omnium
1301 2642 1390 2697 blmus
1404 2646 1571 2698 attestantes·
1588 2642 1627 2697 De
1642 2642 1676 2697 iis
1705 2648 1794 2696 autem
1824 2654 1884 2711 quae
1912 2646 1972 2710 post
2001 2654 2100 2693 saera-

446 2745 545 2801 puram
560 2730 699 2785 veritatem
708 2738 821 2802 rogatus
836 2730 873 2787 ab
887 2731 986 2787 amicta
999 2732 1067 2787 meis
1089 2740 1146 2787 tent
1158 2732 1247 2787 studio
1302 2732 1434 2787 tissimum
1450 2732 1590 2787 transitum
1606 2730 1664 2803 ejus
1678 2745 1727 2801 per
1740 2744 1804 2785 euin
1817 2725 2098 2801 factasignificamus,

445 2818 611 2891 investigare
625 2819 759 2875 sollicitus
775 2819 814 2875 fui
827 2829 856 2875 ut
870 2836 975 2893 quaque
988 2822 1183 2894 perdngliam,
1201 2822 1247 2878 ubi
1302 2821 1429 2893 quaedatn
1444 2836 1478 2875 ex
1492 2819 1641 2875 litterarum
1656 2817 2026 2888 monumentis,'quaedamex
2041 2831 2105 2887 pic

448 2907 542 2965 talium
556 2908 650 2964 studia
663 2907 757 2980 vigere
767 2908 887 2965 sciebam
902 2919 929 2965 et
942 2910 1060 2981 ipsemet
1074 2912 1113 2966 ire
1124 2926 1178 2966 non
1195 2926 1247 2981 po·
1301 2908 1425 2980 priorum
1432 2924 1558 2964 sensuum
1564 2906 1814 2979 approbationibus,
1823 2905 1991 2978 quaedamex
2001 2904 2104 2961 veridi-

445 3004 541 3062 temm,
557 3012 606 3069 pro
620 2997 742 3067 hccipso
757 3013 800 3053 me
815 2998 924 3055 mittere
939 3014 994 3055 non
1009 3000 1125 3072 pigeret,
1135 3000 1247 3057 omniuo
1301 3011 1394 3053 corum
1408 2998 1530 3054 virorum
1545 2996 1762 3069 allegationibus,
1778 2996 1825 3069 qui
1851 3010 1882 3050 ee
1909 3003 2018 3067 partem
2031 2995 2103 3061 risu,

448 3084 577 3141 uidelicet
594 3084 784 3140 detestandum
812 3087 976 3143 existimaus
1003 3104 1019 3143 a
1044 3104 1133 3145 rerum
1162 3089 1248 3147 limite
1302 3087 1401 3157 partlm
1430 3084 1534 3154 auditu,
1577 3088 1678 3157 partim
1707 3085 1892 3156 erpeiimento
1929 3084 2028 3155 seipsis
2057 3082 2104 3138 di·
2174 3086 2175 3097 ¹

450 3171 631 3229 exorbitantia
644 3173 784 3229 ventilem
812 3190 895 3231 nosse
923 3175 1078 3232 uolentibus
1103 3176 1177 3234 dicto
1205 3178 1248 3235 vel
1302 3174 1433 3241 dicerunt,
1461 3175 1534 3231 omni
1576 3182 1680 3230 remota
1714 3174 1930 3245 scrupulositate,
1964 3172 2103 3247 cognori-
2174 3186 2175 3195 ¹

449 3260 550 3332 scripto
565 3260 781 3317 subministrare.
799 3262 876 3319 Unde
891 3279 928 3319 na
940 3265 1004 3337 quie
1017 3281 1062 3321 me
1075 3268 1174 3338 quavis
1202 3284 1247 3323 ar·
1300 3278 1369 3320 mus.
1386 3264 1414 3320 Si
1430 3265 1489 3335 quis
1504 3263 1571 3337 igitu
1586 3265 1646 3321 haec
1667 3263 1759 3335 legere
1787 3262 1944 3333 dignabitur
1972 3260 2017 3316 vel
2050 3276 2104 3315 au·

447 3348 573 3424 rogantia
586 3347 631 3406 rcl
644 3348 747 3408 Invidia
762 3350 871 3408 ductum
897 3352 1001 3424 judIcet
1024 3354 1083 3411 istis
1096 3356 1249 3414 scribendis
1301 3352 1368 3424 dire,
1396 3353 1443 3425 ita,
1480 3370 1574 3427 queso
1602 3352 1678 3428 legat
1704 3351 1748 3409 vet
1773 3351 1855 3409 audin
1869 3359 1898 3407 ut
1921 3349 2103 3407 consolentiae

447 3453 558 3497 manum
573 3438 747 3509 imposuisse,
763 3439 851 3496 istem
868 3443 1053 3499 testimonium
1077 3445 1142 3500 mibi
1157 3447 1287 3528 perlito
1303 3443 1543 3514 meaesimpIIcitati
1558 3458 1612 3499 non
1627 3443 1752 3516 deroget.
1770 3441 1940 3497 Nemeancn
1956 3438 2106 3495 detrahere

444 3527 526 3584 benis
539 3527 821 3584 consolentiauieaIn
837 3531 896 3601 ipsa
911 3532 1065 3599 remtate,a
1093 3550 1147 3604 quii
1162 3535 1242 3589 Cliri-
1300 3532 1439 3598 studiosis
1456 3533 1506 3587 sed
1533 3531 1658 3604 parvitali
1687 3547 1739 3587 mae
1763 3545 1940 3600 meorumque
1967 3527 2103 3583 similium

445 3617 565 3672 atianum
591 3617 703 3673 deviare
728 3633 782 3673 non
811 3619 883 3688 licet,
913 3620 977 3693 quia
991 3621 1044 3676 iiiii
1059 3639 1103 3678 me
1117 3625 1243 3681 humanm
1298 3621 1517 3677 condescendere
1531 3621 1679 3678 scientibus
1705 3628 1787 3691 atque
1811 3619 1922 3690 paratis,
1944 3633 1995 3688 pro
2019 3626 2107 3688 captu

444 3707 662 3762 mentiscaecitas
677 3705 760 3776 fallat,
777 3707 814 3762 nil
829 3707 919 3764 inliec
933 3719 1011 3780 perte
1032 3727 1094 3782 quaa
1115 3711 1244 3768 dixiritia
1298 3709 1509 3781 meodescripta
1522 3725 1582 3767 esse
1609 3709 1763 3780 pronuntio.
1793 3707 1855 3764 Ncn
1883 3705 1974 3778 itaque
2002 3720 2033 3760 se
2048 3706 2106 3760 illis

444 3796 563 3865 valuere,
579 3796 628 3851 aed
651 3795 725 3852 solus
739 3811 817 3856 emur
829 3799 896 3865 reri,
912 3812 967 3870 quc
978 3807 1081 3855 tantum
1096 3802 1202 3856 Patrem
1218 3809 1244 3858 et
1299 3815 1360 3869 quar
1374 3799 1518 3854 scribimus
1532 3797 1648 3854 inaniter
1674 3805 1798 3870 occupet,
1824 3795 1866 3851 ciii
1880 3794 1952 3868 quud
1979 3794 2105 3866 petimus

445 3883 626 3956 presentibus
640 3893 667 3939 et
679 3885 808 3942 secuturis
821 3889 895 3942 omni
924 3888 1042 3958 seposita
1067 3889 1245 3963 ambiguitate
1298 3886 1327 3943 in
1341 3891 1431 3945 manle
1444 3903 1498 3945 non
1511 3889 1597 3944 sedet.

489 4032 699 4114 (³⁰)A11020tis
715 4033 934 4114 litiumriserit,
950 4036 1027 4118 cujus
1039 4052 1147 4094 errores
1167 4039 1244 4094 Ead—
1299 4039 1423 4121 ordinato
1437 4040 1632 4124 conscripsisse
1660 4039 1749 4096 tradit.
1776 4039 1868 4122 ‘Hujus
1894 4035 1969 4092 enlm
1997 4033 2107 4105 scrIpte

446 4105 1246 4255 erninstent,restituturum,tare
1299 4107 2111 4255 iiniussnittet-lalscrnmllris

447 4245 553 4325 Virgini
568 4244 665 4306 dicate.
681 4261 732 4301 nec
746 4246 781 4300 de
796 4245 924 4301 Edwardi
940 4249 1014 4320 regis
1028 4257 1113 4305 matre
1128 4253 1248 4307 mentio·
1303 4252 1466 4320 superfuisse
1480 4254 1552 4310 idern
1564 4254 1704 4310 Osbernus
1717 4251 1852 4322 perhibet.
1863 4249 1979 4306 Osberni
1992 4247 2109 4318 quidem

444 4315 622 4397 nem-intulit.
640 4317 695 4373 late
718 4317 829 4398 quidem
855 4318 998 4376 ecclesiam
1026 4319 1248 4392 wigorniensem
1303 4321 1401 4378 librum
1419 4324 1553 4380 Eadmerc
1568 4339 1658 4398 neque
1672 4329 1757 4378 totum
1786 4321 1869 4377 fuisse
1897 4325 2013 4375 constat.
2045 4319 2110 4390 Ipse

445 4386 477 4442 B.
494 4386 597 4467 Virgini
610 4396 743 4443 sacmtom
758 4389 840 4444 fnisse
854 4389 953 4459 refert,
968 4390 1004 4447 de
1018 4391 1145 4448 Edwardi
1155 4401 1246 4450 autem
1303 4401 1392 4450 autem
1406 4395 1546 4454 Osbernus
1560 4396 1652 4450 omnia
1666 4393 1848 4465 antiquiorum
1862 4390 1991 4446 derebus
2015 4389 2111 4444 Dum-

446 4465 532 4514 matre
547 4457 585 4512 nil
599 4457 692 4513 nubet.
705 4459 794 4514 Atium
809 4458 892 4531 igitur
906 4462 941 4517 ab
957 4462 1093 4518 Eodmerc
1117 4464 1244 4520 subinnui
1300 4463 1369 4518 steni
1384 4467 1471 4536 gestis
1484 4467 1585 4536 scripte
1598 4466 1761 4539 perlegerat,
1791 4462 1972 4531 eumdemque
1986 4461 2109 4516 Tininu·

448 4536 583 4586 auctorem
597 4537 682 4599 puto:
699 4545 778 4601 quem
794 4531 937 4586 Osbernus
951 4532 979 4586 iii
1007 4533 1167 4603 praefaticne
1194 4551 1242 4590 sua
1301 4533 1402 4592 theosis
1414 4539 1518 4609 passim
1533 4537 1688 4594 describere
1703 4535 1774 4591 solet
1787 4535 1815 4590 in
1842 4533 1961 4590 Historia
1976 4546 2027 4586 sua
2044 4547 2103 4586 ms.
2174 4533 2175 4550 ¹

447 4608 596 4672 respectas
608 4600 744 4657 Dunstani
758 4601 828 4674 stylo
856 4602 954 4659 festivo
992 4604 1097 4676 pariter
1124 4614 1151 4661 et
1175 4605 1245 4663 bene
1300 4602 1347 4659 lib.
1364 4625 1419 4680 xiii,
1437 4610 1463 4665 iu
1479 4625 1530 4683 que
1545 4608 1680 4680 prolixam
1695 4595 1898 4663 setisDunstani
1913 4602 2003 4659 Vitam
2014 4601 2110 4657 dedit.
2174 4593 2175 4625 ¹

1135 4778 1261 4850 Explicit
1279 4781 1419 4854 prologus.

975 5102 1314 5256 INCIPIT
1343 5098 1565 5250 VITA

483 5397 581 5453 Beatus
596 5413 662 5471 ergo
678 5399 843 5467 Ilunstanue,
858 5418 894 5458 ex
903 5401 1070 5459 nobilissima
1085 5403 1173 5474 gentis
1186 5403 1245 5458 An·
1260 5379 1290 5446 D
1305 5395 1351 5452 trIa
1366 5395 1417 5452 Dei
1429 5397 1542 5453 festiuus
1556 5395 1660 5452 illuxit.
1678 5393 1824 5452 Multitudo
1850 5393 1935 5468 igitur
1961 5395 2107 5466 utriusque
2174 5421 2175 5464 ;

446 5485 553 5558 giorum
568 5487 696 5558 presepia
711 5489 841 5560 originem
869 5491 980 5558 duceris,
1008 5507 1041 5548 ec
1069 5490 1189 5548 nobilius
1215 5492 1245 5548 in
1300 5501 1380 5542 sexus
1407 5486 1546 5542 homiuum
1572 5501 1620 5557 prc
1649 5484 1806 5542 excellentia
1836 5487 1917 5540 tantm
1946 5483 2106 5540 festivitatis
2174 5479 2175 5484 ’

446 5573 528 5645 liujus
543 5575 636 5631 mundi
652 5574 821 5633 latitudinem
849 5579 949 5649 prodiit
970 5596 1024 5652 quo
1051 5581 1103 5636 sub
1128 5580 1243 5636 materni
1299 5576 1509 5648 circumquaque
1525 5583 1618 5631 coacta
1633 5573 1711 5630 fluxit
1725 5575 1760 5630 ad
1775 5573 1931 5641 caelestem,
1947 5588 2008 5643 quae
2024 5575 2101 5629 anti-

444 5662 520 5720 ainns
531 5661 591 5735 ipsc
605 5663 696 5722 adhuc
722 5665 846 5738 angustia
872 5667 965 5724 clauso
990 5669 1083 5728 diriuc
1111 5670 1243 5727 miraculo
1299 5665 1390 5737 quitus
1402 5663 1551 5722 Glestcnire
1566 5663 1603 5720 de
1615 5663 1698 5736 lignis
1711 5661 1843 5718 edificata
1857 5661 1884 5716 in
1898 5659 2030 5716 bonorem
2037 5671 2101 5718 erat
2174 5641 2175 5718 I

443 5752 617 5824 designatum
633 5755 852 5824 estpraeclarum
881 5757 984 5812 mundo
1011 5774 1137 5829 pereum
1150 5759 1242 5816 lumen
1297 5753 1418 5823 ejusdem
1433 5753 1483 5808 Dei
1500 5751 1645 5808 GenitrIcis
1668 5758 1835 5808 consecrate.
1851 5749 1949 5821 lnqca
1970 5749 2103 5806 multitu-

443 5842 588 5903 oriturum.
605 5842 672 5906 Cum
695 5842 795 5898 etenIm
814 5851 902 5900 miter
919 5846 978 5913 ejus
993 5861 1026 5902 eo
1045 5847 1158 5920 gmina
1189 5863 1241 5920 epe
1295 5841 1361 5900 dine
1375 5840 1628 5900 multosncbititate
1642 5841 1831 5916 dignitateque
1849 5837 2002 5912 precellens
2015 5845 2100 5910 pater

442 5928 530 5998 prolia
544 5927 641 5989 fotiiric
653 5931 1163 6000 intermundieel’uridceticoisbeetn
1179 5937 1239 5993 lfa-
1294 5931 1379 5990 sancti
1394 5930 1539 6001 bucelini,
1555 5931 1711 5988 llerstauus
1748 5928 1867 6000 nomiae,
1894 5945 1956 5992 cure
1987 5930 2098 6004 clipiie-
