4750 6725
414 644 467 699 939
936 622 969 679 S.
993 618 1154 676 ttucottts
1173 615 1262 672 aaut
1280 610 1542 671 ctuNttcttNSts.
2019 616 2073 671 itit)

412 763 661 834 sustineatpoensa,
677 764 704 814 et
734 770 750 810 s
781 750 870 808 bonta
880 746 937 803 suia
967 750 1060 801 careat
1079 742 1209 799 lucernis.
1225 736 1462 805 Adtrahatensis,
1478 734 1612 807 simulque
1626 734 1752 793 instinctu
1781 735 1961 807 quommdam
1987 736 2071 809 prin-

451 853 634 923 Quapropter,
662 842 777 919 egregie
804 840 896 904 Pater,
925 832 1042 907 supplici
1068 831 1215 888 devotione
1269 826 1370 899 cipum,
1384 824 1499 897 quosad
1513 824 1564 882 bor
1578 838 1688 881 mecum
1714 822 1915 896 disponendum
1940 824 2072 887 alacriori

411 946 490 999 tuam
504 941 622 1013 deposco
645 930 829 998 elementiam,
843 926 909 982 hnic
936 920 1122 993 deprecationi
1144 934 1215 975 mem
1268 914 1378 987 quidem
1394 913 1511 972 concilio
1525 913 1686 971 convocavi.
1699 910 1777 982 juxta
1792 911 1952 984 petitionem
1979 914 2072 986 ipsius

413 1030 536 1103 beniqtm
549 1027 609 1085 dnn
622 1024 728 1091 invem,
748 1034 830 1091 quam
848 1022 905 1073 ste
929 1019 1022 1086 petere
1045 1009 1216 1083 adpraesens
1267 1002 1375 1059 abbatia
1388 1010 1470 1073 atque
1490 1000 1657 1059 voluntatem
1680 1001 1747 1057 mibi
1768 1000 1876 1059 caelitus
1893 1001 2068 1073 inspiratam,

413 1118 505 1189 enpio,
520 1115 621 1174 vellem
636 1110 796 1177 admodum,
811 1106 834 1161 si
848 1102 938 1179 qratia
960 1100 998 1157 tni
1021 1105 1102 1168 esset,
1132 1096 1214 1154 dom·
1267 1091 1460 1147 monasterinm
1493 1089 1570 1147 Beati
1593 1088 1706 1158 serdot,
1738 1089 1885 1161 omniaque
1912 1090 1948 1147 sd
1973 1092 2067 1163 ipsam

414 1222 479 1265 num
494 1204 644 1263 ilobertnm
659 1199 772 1258 omuino
793 1196 821 1251 in
843 1190 942 1250 nostris
963 1189 1086 1259 partibus
1106 1184 1212 1254 adesse,
1266 1179 1440 1252 pertinentis,
1455 1186 1511 1235 tam
1525 1178 1645 1235 exterius
1655 1193 1739 1249 quam
1753 1177 1877 1248 interius,
1892 1187 1919 1237 et
1933 1180 2068 1253 quidquid

415 1311 497 1370 quem
511 1307 649 1350 summum
663 1292 744 1360 atque
762 1281 956 1343 charissimum
970 1292 1020 1351 pro
1033 1274 1216 1333 omnibusrs-
1264 1267 1301 1326 sd
1314 1283 1364 1327 nos
1377 1285 1410 1325 ac
1423 1276 1609 1325 antecessores
1622 1274 1716 1323 nostru
1739 1282 1775 1323 ex
1802 1268 1901 1325 eodem
1929 1270 2066 1327 hactenus

413 1383 467 1441 bus
480 1382 580 1451 babeo,
593 1377 691 1453 quade
705 1388 789 1433 causa
802 1370 900 1429 veliem
915 1383 978 1425 eum
993 1378 1169 1422 mecumesse
1183 1362 1212 1417 in
1264 1356 1396 1414 atdaebst
1409 1358 1467 1414 ileo
1481 1364 1509 1413 et
1535 1363 1632 1413 sancto
1663 1356 1752 1423 Petro,
1778 1355 1857 1414 vobis
1883 1372 2003 1429 qnoque,
2033 1374 2068 1415 nc

413 1474 471 1532 vita
484 1470 550 1529 etin
565 1452 1129 1538 morte,quoniamiilinsauiiuioiortitd),
1144 1450 1215 1523 ejus
1265 1446 1466 1503 suecessoribus
1491 1444 1587 1503 vestris
1606 1460 1656 1517 per
1682 1444 1886 1503 concessionem
1916 1444 2069 1505 dioemmni

412 1578 466 1635 qne
479 1556 645 1617 dulcissimis
656 1552 748 1612 verbis
760 1550 871 1609 ioveor.
887 1546 960 1602 Nam
972 1542 1047 1601 scitia
1060 1547 1213 1614 procerte
1264 1534 1387 1608 episcopi
1413 1533 1532 1591 libenter
1571 1532 1756 1601 concedimus,
1790 1539 1818 1589 et
1845 1548 1894 1605 per
1921 1536 2068 1606 pransemm

412 1657 506 1709 vestro
520 1647 582 1704 usui
596 1660 658 1703 ease
671 1655 753 1701 omne
771 1636 919 1698 consilium
941 1633 1014 1706 qnod
1035 1630 1127 1704 agitur
1146 1643 1213 1701 erqa
1265 1622 1384 1695 pesitum
1409 1621 1582 1679 traditionem
1607 1621 1810 1694 inreperpetuo
1824 1621 1969 1691 dommus,
1985 1630 2068 1696 atque

412 1754 469 1811 me,
487 1737 605 1809 ideoque
618 1742 649 1790 ut
663 1746 757 1790 curam
771 1727 826 1783 mei
840 1722 962 1781 habentia
976 1734 1057 1794 rogo,
1072 1726 1100 1774 nt
1114 1715 1214 1773 unnim
1265 1724 1315 1781 pto
1330 1710 1518 1783 redemptione
1532 1709 1631 1767 animm
1642 1725 1722 1779 mem,
1734 1724 1766 1766 ac
1781 1724 1974 1767 anomoeorum
1988 1728 2068 1770 meo.

411 1842 493 1887 causa
499 1819 688 1895 impedimenti
703 1814 847 1875 dimittatis
861 1812 927 1885 quin
947 1810 976 1865 in
996 1805 1099 1865 nostris
1121 1803 1212 1880 patti-
1266 1812 1338 1866 rum,
1353 1814 1404 1871 pro
1418 1798 1506 1855 sainte
1520 1797 1737 1870 qnoqnsdomini
1752 1797 1806 1855 mei
1822 1798 1933 1855 ttoberti
1946 1801 2066 1871 comitis,

415 1917 467 1974 bus
480 1914 593 1973 omnino
607 1925 670 1967 enm
684 1905 779 1964 sinatis
792 1903 925 1960 babitare.
1266 1885 1300 1943 ds
1314 1886 1392 1957 cttjtts
1406 1886 1545 1944 voluntate
1559 1894 1640 1957 atqns
1654 1901 1768 1943 assensu
1782 1902 1865 1958 super
1878 1887 1931 1944 hoe
1942 1890 2066 1961 negotio,

446 2003 621 2061 Deltomano
635 2003 725 2055 antero
739 1992 831 2051 officio
843 1988 917 2062 quod
930 1996 975 2045 tna
986 1984 1109 2058 jussione
1130 1996 1211 2039 aece-
1265 1974 1290 2030 si
1304 1976 1373 2032 iorte
1387 1975 1478 2033 divina
1493 1975 1582 2047 pietas
1595 1989 1658 2031 eum
1673 1974 1820 2042 reduxerit,
1830 1974 2066 2035 mammmemm

412 2095 515 2167 pimus,
525 2088 616 2147 sciatis
629 2092 749 2143 nostram
764 2090 866 2139 terram
890 2075 1037 2135 admodum
1060 2070 1210 2131 desolatam
1225 2062 1356 2155 Blesum
1370 2063 1447 2121 ilium
1469 2062 1619 2120 secundnm
1647 2071 1772 2121 tenorem
1799 2063 1948 2121 litterarum
1971 2066 2064 2122 domni

412 2198 475 2240 em
486 2199 494 2238 :
505 2178 577 2237 „nde
586 2183 704 2236 ,emm
715 2172 848 2245 deprecor
860 2164 1062 2241 paternitatem,
1079 2168 1212 2233 quatenus
1264 2167 1345 2226 papas
1360 2153 1481 2225 periente
1492 2151 1570 2210 vobis
1579 2150 1770 2224 subjiciemus,
1786 2151 1823 2207 its
1838 2153 1922 2209 etism
1935 2161 1965 2210 nt
1978 2154 2066 2211 abbas

411 2270 518 2328 iacietis
531 2266 692 2323 ntdomnns
705 2276 778 2333 papa
792 2256 958 2315 nobissuum
972 2251 1062 2309 mittat
1081 2247 1211 2306 cardina·
1265 2240 1375 2299 avobis
1390 2240 1493 2297 ibidem
1520 2239 1671 2307 ordinatus,
1693 2239 1727 2307 si,
1753 2240 1901 2297 secundnm
1928 2241 2063 2315 ileqmam

409 2360 475 2427 lem,
489 2355 622 2414 videlicet
635 2352 767 2409 domnum
781 2344 937 2414 Giraldum,
951 2350 981 2398 nt
1000 2356 1033 2397 ea
1059 2352 1120 2409 que
1147 2341 1212 2391 aunt
1263 2328 1348 2387 sancti
1362 2329 1512 2397 Benedicti,
1527 2337 1554 2385 et
1568 2343 1662 2385 sacras
1675 2328 1860 2387 institutiones
1874 2338 1973 2389 restra
1994 2331 2063 2389 Clu.

410 2444 582 2507 emendanda
595 2438 732 2510 emendet,
761 2442 789 2493 et
814 2450 847 2492 ea
874 2447 936 2505 quta
959 2436 1022 2487 sunt
1048 2424 1211 2499 corrigenda
1262 2418 1397 2476 pianensis
1411 2416 1555 2486 Ecclesia,
1571 2432 1626 2473 non
1641 2416 1748 2487 vixerit,
1764 2415 1879 2475 liberam
1905 2418 2064 2477 facultatem

409 2536 537 2611 corrigat.
553 2531 637 2590 Vale.
1262 2506 1431 2575 removendi,
1447 2505 1618 2577 alterumque
1632 2504 1813 2562 substituendi
1825 2504 1958 2575 babeatis,
1986 2524 2065 2579 pra-

1262 2595 1355 2652 sertim
1368 2608 1499 2653 cumnon
1527 2592 1648 2663 abunde,
1677 2593 1729 2649 nisi
1755 2593 1942 2663 deGiuniaoo,
1972 2612 2066 2669 quem.

1263 2700 1346 2757 qnam
1360 2681 1490 2755 deinceps
1500 2680 1604 2739 ibidem
1617 2679 1700 2738 liceat
1724 2697 1858 2755 praesse.
1886 2682 1951 2740 lieo
1973 2692 2067 2743 sutem

1037 2838 1044 2853 ‚
1263 2770 1356 2828 omnis
1385 2784 1515 2828 concessa
1543 2779 1570 2827 et
1598 2770 1712 2827 iirrniter
1737 2770 1891 2828 collaudata
1921 2780 1984 2829 suut
2011 2774 2065 2831 sub

407 2834 1210 2967 incitetiilamcdresormcuademaveacstewsS.itct·-
1263 2857 1416 2916 mimoni„
1430 2857 1621 2928 epjmpwum
1649 2867 1954 2932 supramemoratorum,
1980 2861 2064 2919 ioan-

457 2948 501 2991 ιιι
1282 2947 1289 2959 .
1474 2946 1480 2957 ,
1689 2947 1695 2958 Ι
1881 2948 1887 2960 .
2043 2952 2049 2962 Ι

443 2928 599 3060 ξιηξῑῗωά
612 2911 1017 2983 cmmn'wmmnmbyw
1086 2916 1208 2977 “mm
1262 2964 1304 3003 nas
1317 2946 1506 3017 tamniensis,
1520 2952 1547 3003 et
1560 2945 1697 3003 Lambertt
1710 2946 1912 3017 Atrebatensts,
1931 2963 1964 3006 ac
1991 2959 2063 3021 opu.

487 3102 646 3179 omn
662 3092 950 3160 uomet·
965 3091 988 3159 .‚
1004 3103 1032 3161 ι
1049 3086 1123 3155 nu
1262 3034 2066 3198 attvtvt..ttrtttttttlttttil

449 3233 481 3289 ln
502 3228 616 3288 nomine
636 3223 736 3293 Patris,
761 3226 789 3277 et
818 3216 895 3283 Filii,
919 3220 946 3270 et
968 3210 1086 3283 Spiritus
1106 3204 1204 3262 sancti.
1263 3213 1416 3283 captationi,
1432 3228 1483 3269 nec
1496 3227 1551 3269 non
1564 3212 1678 3270 Baldrioi
1693 3230 1802 3287 magnae
1825 3214 1967 3285 probitatis
1994 3217 2062 3274 viri.

409 3322 517 3383 Domno
531 3317 645 3374 Huuont
666 3317 768 3369 sanctae
790 3299 979 3362 cluniacensis
1001 3296 1132 3355 Ecclesiae
1156 3292 1209 3348 ab·
1263 3303 1304 3359 td
1319 3310 1439 3361 vostram
1457 3316 1524 3376 ergo
1532 3299 1704 3375 prudentiam
1712 3308 1796 3377 atque
1812 3304 1985 3362 mundatem
1997 3322 2065 3379 spe-

409 3413 479 3482 biii,
508 3408 671 3464 Cfflfflffl
698 3393 906 3456 flffldfflnsiiffl
932 3387 1079 3456 ⁰⁰mifi⁸5³a
1101 3384 1208 3468 hialim
1263 3400 1317 3448 ctat
1328 3391 1418 3449 locum
1431 3391 1510 3447 illum
1525 3405 1575 3466 pro
1590 3407 1684 3450 amore
1698 3390 1750 3449 Dei
1764 3408 1795 3448 er
1810 3392 1908 3449 vestris
1929 3393 2064 3468 religiosis

409 3517 471 3559 0¹¹¹ss
485 3498 592 3555 ‘¹0¹⁸‘ae
608 3491 693 3566 Μ’
705 3487 807 3547 ⁰Vib¹¹⁸
820 3481 982 3556 i>⁰i¹i0¹¹0¹⁰·
1221 3450 1247 3516 c
1260 3481 1386 3554 penoris
1400 3495 1432 3536 ec
1445 3480 1569 3537 honestis
1578 3480 1645 3536 viris
1660 3479 1757 3552 quibus
1769 3480 1914 3537 abundetis
1929 3481 1970 3539 aio
1983 3483 2063 3540 ordi.

442 3585 578 3660 0⁰⁰⁰i⁰¹1¹
592 3582 628 3638 (¹0
642 3575 750 3653 pietatis
764 3579 860 3631 tisim
874 3565 1036 3632 ii⁸00flb¹¹⁸t
1057 3563 1140 3618 Ρῑῑθῑ·
1160 3575 1208 3616 ¹⁹·
1261 3585 1338 3640 nare,
1352 3575 1486 3642 quatenns
1501 3566 1604 3624 malitia
1618 3568 1686 3624 inibi
1701 3567 1804 3626 mutius
1815 3569 1875 3640 jam
1887 3569 1984 3626 inolita
2007 3587 2061 3644 pe-

407 3676 538 3742 verende,
549 3670 695 3745 plurimum
710 3675 859 3738 praesumo,
875 3657 979 3715 idcirco
1002 3668 1051 3726 pro
1078 3649 1210 3724 religione
1261 3657 1333 3714 „pus
1346 3657 1615 3731 exsp,·pe,u,‚,pque
1628 3655 1657 3712 in
1671 3655 1725 3714 vi„
1739 3671 1901 3730 mamque
1916 3659 2060 3718 homme

409 3771 438 3826 in
452 3763 576 3840 partibus
589 3757 690 3817 nostris
704 3771 755 3827 per
768 3766 818 3809 voa
833 3743 1026 3811 construenda,
1041 3755 1113 3796 nunc
1138 3737 1210 3794 scri·
1260 3746 1363 3803 ibidem
1378 3742 1596 3804 ,ommatium
1610 3759 1710 3803 nomen
1722 3745 1832 3803 Domini
1846 3761 1896 3820 W
1917 3746 2010 3805 om
2025 3747 2060 3805 ὡ

406 3856 552 3931 ptis,nnne
562 3843 744 3912 internuntiis,
761 3835 924 3896 fiducialiter
946 3832 982 3889 ed
996 3826 1210 3886 misericordiam
1260 3835 1387 3893 omnibu,
1401 3832 1576 3910 gporpfioepffi
1592 3836 1693 3892 Amen,

412 3951 532 4004 vestram
545 3949 669 3996 recurtu.
686 3924 885 3988 Nullumenim
899 3937 969 3994 opus
997 3916 1099 3992 gratius
1125 3914 1209 3972 Ctea-
1620 3959 1686 4016 xm

413 4031 466 4090 tori
479 4034 575 4085 nostro
590 4024 649 4080 iore
663 4017 789 4077 existimo
803 4027 886 4085 qnam
899 4017 930 4066 nt
951 4007 997 4065 bic
1019 4020 1130 4078 operam
1158 4002 1210 4059 de·
1688 4000 1695 4016 ·

409 4133 484 4186 mna,
500 4121 634 4188 quatenus
646 4108 733 4173 locus,
747 4102 795 4176 qui
807 4101 863 4156 buc
875 4112 960 4169 usque
973 4094 1056 4166 plane
1078 4098 1137 4148 erat
1163 4107 1212 4147 eo-

411 4205 499 4266 clesia
511 4194 732 4274 malignantium,
748 4207 784 4248 ex
797 4185 907 4262 anperui
922 4189 1060 4256 respectus
1079 4179 1211 4236 immuto·
1263 4171 1397 4232 Concedit
1411 4171 1526 4245 Hoqmrt
1541 4171 1635 4230 locam
1644 4172 1745 4230 Sancti
1756 4172 1912 4231 Saturnini
1925 4173 2062 4232 fredelo-

775 2640 838 2697 xil.

553 2746 719 2795 mmmm
737 2738 891 2787 commeare
908 2735 1066 2780 emanata.

1443 4063 1575 4106 Ro‘l‘flssiffl
1595 4063 1709 4106 contris
1727 4063 1878 4108 turbasse.

408 4298 483 4355 boue
518 4291 567 4348 fist
592 4285 713 4363 gloriosa
735 4277 869 4337 babitatio
896 4275 955 4333 ileo
982 4269 1158 4328 servientium
1186 4275 1214 4326 et
1333 4243 1991 4314 cemtamonmttetrsmtttmosesamam,

1454 4340 1614 4412 (Μιιιιὲιιι,
1629 4341 1709 4406 told..
1726 4339 1779 4398 col.
1796 4341 1870 4414 stt.)

411 4379 575 4458 regulariter
589 4392 625 4435 ao
638 4373 686 4447 pie
699 4366 810 4428 insimul
831 4363 995 4424 virentium.
1021 4357 1058 4416 Et
1084 4357 1214 4430 quoniam

411 4479 507 4532 sancta
520 4464 666 4544 prudentia
680 4467 770 4519 vestra
783 4455 851 4512 mibi
865 4450 984 4524 scripsit,
1000 4447 1140 4519 atinate
1161 4461 1213 4502 cu·
1299 4441 1405 4498 Damno
1433 4441 1545 4497 itucnm
1572 4438 1665 4496 abbati
1694 4437 1877 4509 cluniacensi,
1899 4440 2063 4499 ilorcmns

408 4561 521 4636 insdsm
535 4554 662 4628 superius
676 4549 791 4616 dietam,
805 4544 867 4617 plus
892 4554 985 4597 rernm
1012 4539 1104 4593 exitus
1132 4550 1214 4608 quam
1263 4545 1356 4588 comes
1384 4529 1418 4585 de
1441 4529 1522 4601 inps,
1550 4537 1578 4586 et
1602 4545 1673 4586 uxor
1699 4528 1760 4599 ejus
1785 4531 1883 4601 datm,
1902 4538 1931 4588 et
1947 4531 2062 4588 omnino

409 4649 518 4708 initium
539 4643 718 4708 attenderem,
747 4647 852 4706 vosque
878 4626 1031 4687 discordias
1058 4638 1211 4697 procerum,
1263 4619 1334 4676 servi
1357 4633 1408 4692 pro
1429 4632 1512 4691 posse
1533 4616 1613 4676 sais
1639 4615 1780 4678 salvatore
1804 4633 1864 4689 sun,
1893 4617 2064 4678 salutemet
2167 4633 2168 4670 1

407 4753 443 4799 ec
456 4736 543 4809 ipsius
556 4730 612 4788 loci
624 4729 738 4784 irauum
752 4719 855 4788 rerem,
871 4717 908 4774 ad
921 4715 950 4772 id
963 4714 1083 4787 primum
1096 4710 1211 4768 audaci·
1261 4721 1356 4780 opem.

410 4837 453 4885 ter
464 4819 618 4896 respondeo
630 4812 705 4890 quod
719 4812 746 4868 in
761 4812 814 4867 boc
835 4822 899 4864 meo
921 4801 1072 4877 proposito,
1100 4799 1249 4894 omninno
1296 4795 1397 4854 Notum
1411 4803 1453 4852 est
1466 4793 1554 4865 nobis,
1565 4793 1644 4852 Pater
1657 4801 1685 4852 et
1706 4793 1840 4870 magister
1867 4794 2064 4870 animatamque

410 4899 821 4985 fim,‚im0000012ntimima,
835 4897 894 4952 Deo
917 4900 995 4959 teste,
1017 4889 1210 4963 perseverabo,
1262 4883 2062 4959 pastontestecommogenerepassimquottdteobeunte,

409 5021 461 5062 noo
473 5018 524 5076 pro
538 4993 709 5056 dissensione
723 5002 866 5063 procerum
881 4998 943 5058 quae
962 4979 1037 5038 nulls
1056 4978 1118 5048 erit,
1146 4993 1209 5034 cum
1263 4989 1317 5030 non
1330 4987 1380 5030 nos
1392 4987 1501 5046 semper
1515 4970 1697 5044 corporaliter
1710 4974 1806 5031 rivere
1816 4988 1905 5046 posse.
1917 4973 1982 5030 ideo
1992 4989 2062 5031 con·

407 5093 530 5149 maxims
545 5084 621 5143 cordi
635 5085 677 5140 sit
700 5077 838 5145 omnibus,
862 5088 913 5129 nec
939 5085 991 5142 pro
1017 5065 1211 5125 controversiis
1262 5061 1325 5118 silio
1337 5061 1403 5119 inito
1416 5062 1488 5118 inter
1500 5076 1550 5118 nos
1563 5061 1598 5117 sd
1611 5059 1762 5118 remedium
1777 5068 1804 5118 et
1826 5069 1985 5119 nostrorum
2012 5079 2062 5118 aa·

407 5196 458 5236 seu
473 5169 736 5236 contradictionibus
750 5167 873 5231 fratrum,
888 5176 957 5235 quas
984 5155 1148 5216 omnimodis
1175 5153 1210 5212 ad
1263 5152 1346 5208 intem
1361 5150 1522 5219 animarum,
1536 5149 1784 5223 remissionemque
1797 5166 1859 5224 quae
1874 5150 1980 5224 epirum
1993 5167 2061 5223 1³0⁰·

407 5265 524 5323 nibilum
538 5262 705 5333 redigemus,
723 5271 739 5313 s
754 5264 809 5312 tam
823 5259 916 5309 sancto
936 5263 1029 5321 opere,
1042 5254 1151 5317 tamque
1164 5243 1210 5317 pis
1263 5247 1395 5311 cstomm,
1427 5256 1462 5297 ea
1487 5239 1657 5308 haereditate,
1687 5254 1770 5312 qnam
1798 5239 1828 5295 in
1855 5239 2061 5311 presentiarum
2167 5275 2168 5284 ,

408 5353 568 5420 intentione,
582 5348 672 5422 quoad
692 5346 797 5413 vixero,
822 5354 941 5412 unquam
962 5334 1118 5395 declinabo.
1149 5333 1210 5406 qu
1262 5330 1404 5403 possidere
1417 5329 1553 5398 videmur,
1584 5327 1746 5400 usuaituria,
1766 5326 1832 5386 dare
1850 5328 1932 5386 robis
1952 5335 2061 5400 partem
2167 5325 2168 5340 ¹

407 5443 495 5518 igitur
509 5436 669 5506 Clementia,
684 5435 771 5507 gratia
789 5431 840 5487 Dei
864 5424 1039 5484 Fisndrensis
1062 5420 1209 5492 comitissa,
1261 5418 1524 5492 jamdisposuimus,
1537 5425 1566 5474 nt
1580 5425 1740 5491 perpetuam
1754 5431 1983 5474 marsumaticum
2002 5417 2062 5474 00.

405 5533 504 5590 eadem
517 5529 651 5602 potestate
669 5537 702 5579 ac
714 5519 863 5578 stabilitate
885 5531 940 5590 qna
965 5513 1092 5572 dominus
1117 5526 1206 5578 meus,
1260 5508 1335 5566 mino
1349 5507 1516 5578 mercedem,
1531 5514 1803 5580 quapoatoofpomm
1813 5505 2058 5566 mmmmm

403 5623 470 5681 dnm
485 5617 579 5677 adbuc
592 5615 621 5672 in
638 5619 714 5670 terra
726 5622 777 5666 sus
791 5613 875 5676 esset,
891 5599 1140 5676 quaecunquejntis
1153 5597 1208 5656 mei
1260 5596 1401 5655 incoelesti
1424 5595 1540 5654 feliciter
1564 5595 1691 5654 vivamus
1716 5595 1819 5670 requio.
1847 5594 1927 5666 Quod
1947 5609 2058 5669 quoque

405 5721 470 5771 sunt
483 5709 616 5768 ordinans
629 5711 712 5776 atque
727 5698 884 5769 disponens,
895 5687 1207 5763 consitioepiacoporum
1258 5686 1345 5746 vestri
1354 5684 1574 5744 ordinismeritis
1583 5693 1611 5743 et
1620 5683 1748 5758 precibus
1755 5683 1893 5742 credimus
1915 5684 2059 5758 acquirere

401 5780 985 5868 meorumtosnnisvidelicetllorinensis,
1010 5786 1038 5836 et
1064 5775 1204 5834 lamberti
1259 5773 1510 5850 superabundanter
1531 5789 1613 5849 quam
1636 5771 1755 5847 petimus
1778 5772 1880 5832 chtisti
1900 5770 2059 5833 maurienn-

437 5923 513 5996 (tto)
527 5913 734 5979 brotsortun
748 5905 871 5980 aliquod.
