4750 6725
393 574 461 631 tait
570 558 1030 626 etstaaattrtuatsatrttana.
1046 552 1241 617 westhuri.
1258 554 1557 617 olseurnrrorutl.
1573 560 1645 617 CUM
1660 555 1859 618 cums'rtltrt.
1978 560 2051 617 todo

393 694 532 753 cherubim
555 692 649 749 decem
672 690 824 747 cubitorum
846 684 994 742 altitudinis
1008 685 1059 757 (lli
1069 686 1131 753 ilep.
1148 698 1184 749 rr,
1202 683 1316 744 Alihro
1326 684 1430 757 Regum
1446 684 1648 758 legionesquod
1663 686 1801 742 Bersabee
1816 686 1942 743 adoravit
1957 704 2057 760 regom

394 786 449 854 aa).
473 782 590 843 ·›1dem;
608 769 1197 833 olndrrxeruntsacerdutesarcamioederis
1251 770 1348 840 David,
1373 781 1399 828 et
1418 773 1447 827 in
1467 774 1561 830 multis
1586 783 1736 832 vestrarum
1759 775 1965 847 Scripturarum
1989 776 2060 831 iocis

397 871 507 928 Domini
523 868 653 925 inlocum
670 880 761 931 suum,
777 864 804 917 in
819 862 959 918 oraculum
975 860 1067 930 templi
1081 859 1108 913 in
1124 858 1196 913 San·
1250 860 1369 933 legimns
1384 861 1458 933 quod
1473 862 1556 919 lromo
1581 863 1719 919 hominem
1734 863 1868 929 adorauit,
1884 866 2016 936 quamvis
2029 864 2058 919 in

397 970 470 1019 etum
493 965 659 1023 sanctorum,
682 954 774 1008 subter
801 951 858 1006 alas
880 950 1021 1007 cherubim
1050 948 1099 1017 (lli
1127 949 1192 1019 ltep.
1250 948 1522 1021 legescriptnmsit:
1542 951 1903 1008 «hominumhoininum
1920 954 2057 1009 adorabis

398 1067 456 1117 vrn,
472 1033 521 1117 dis
534 1070 544 1095 ιι
559 1046 628 1099 Ecce
643 1051 738 1113 aperte
748 1041 870 1096 nominat
879 1040 999 1110 picturas
1012 1046 1040 1092 et
1052 1036 1195 1107 sculptilia,
1250 1037 1344 1105 (Dent.
1359 1054 1394 1106 rr,
1410 1037 1460 1106 133
1476 1054 1504 1106 1,
1520 1042 1554 1093 ao
1571 1054 1579 1107 ;
1604 1042 1702 1097 parm,
1716 1056 1753 1105 lv,
1771 1042 1823 1107 1⁰3
1840 1042 1907 1097 luc·
1921 1058 1959 1106 1„
1978 1042 2018 1110 8).
2042 1065 2052 1089 ‚

396 1154 450 1194 non
464 1133 655 1207 improbando,
672 1131 721 1186 sed
735 1128 913 1201 approbando
927 1143 960 1183 co
978 1142 1037 1198 quae
1052 1125 1078 1180 in
1095 1123 1197 1195 templo
1251 1125 1317 1179 Cum
1342 1125 1426 1196 igitur
1449 1126 1616 1183 Christianus
1636 1144 1744 1185 cracem
1765 1129 1871 1193 adorat,
1894 1130 1993 1185 divino
2007 1146 2055 1185 re-

395 1224 504 1288 Domini
529 1223 602 1278 iacta
625 1220 743 1276 existunt
775 1216 921 1288 sculptilia.
950 1216 1019 1271 Nam
1042 1213 1113 1268 Deus
1137 1212 1197 1282 ipse
1251 1211 1360 1284 ligionis
1385 1214 1459 1269 cultu
1481 1215 1577 1271 adorat
1600 1217 1725 1272 incruee
1755 1217 1910 1287 passionem
1936 1218 2053 1285 Christi,

395 1313 490 1371 omnia
513 1327 573 1381 quae
588 1309 659 1364 iacta
674 1316 734 1361 sunt
756 1304 929 1377 approbando
944 1320 973 1358 sa
988 1301 1133 1357 insinuavit
1148 1314 1196 1354 ac·
1250 1310 1364 1371 propter
1384 1302 1511 1369 hominis,
1537 1318 1553 1358 a
1568 1304 1627 1358 Deo
1650 1304 1780 1376 assumpti
1795 1304 1822 1359 io
1837 1306 1971 1360 unitatem
1987 1322 2054 1375 per-

396 1402 515 1473 cepisse.
542 1422 553 1447 ι
574 1399 609 1453 Et
623 1412 678 1453 non
690 1401 825 1466 poterant,
847 1392 943 1463 iuquit,
960 1390 1113 1446 sacerdotes
1125 1397 1197 1442 sture
1251 1405 1336 1454 sonas,
1349 1390 1513 1461 passionem,
1531 1407 1564 1447 ac
1573 1391 1665 1447 debito
1675 1391 1858 1449 venerationis
1867 1392 1941 1447 cultu
1953 1394 2055 1449 adorat

396 1500 423 1549 ot
445 1490 608 1558 ministrare,
633 1492 745 1557 propter
767 1481 919 1539 nebulam:
943 1480 1102 1552 impleuerat
1124 1478 1196 1533 enim
1252 1478 1340 1531 crucis
1361 1477 1489 1550 effigiem,
1515 1479 1600 1551 ipsius
1615 1480 1767 1537 Dominicae
1792 1480 1930 1551 passionis
1943 1482 2053 1538 cnseat.

397 1580 485 1653 gIoria
504 1575 613 1634 Domini
636 1575 748 1629 domum
772 1570 882 1627 Domini
898 1568 988 1641 (idid,
1006 1568 1060 1639 ll).
1084 1590 1095 1616 ι
1113 1567 1198 1621 lsnias
1250 1574 1323 1636 ptam
1339 1566 1555 1623 similitudinem.
1581 1569 1615 1624 Ut
1629 1584 1682 1641 ego
1697 1570 1793 1639 paucis
1809 1578 1836 1625 et
1849 1570 1969 1627 brevitet·
1982 1586 2051 1628 000.

397 1668 531 1741 propheta
558 1664 653 1719 dixit:
685 1684 695 1713 ιι
717 1662 747 1716 lu
776 1674 847 1715 anno
875 1673 929 1728 quo
957 1663 1197 1713 mortuusestrex
1251 1653 1371 1721 cludam,
1396 1652 1427 1683 ¹⁸·
1442 1655 1545 1710 nnllam
1560 1658 1670 1713 omnino
1685 1657 1854 1713 christianus
1867 1658 1961 1715 nivino
1975 1661 2049 1715 0⁰11„

398 1757 490 1825 Ozias,
507 1754 564 1809 vidi
578 1752 725 1808 Dominum
741 1750 883 1804 sedentem
898 1762 978 1817 super
992 1744 1087 1799 solium
1104 1743 1197 1799 exeel-
1252 1742 1290 1797 rei
1312 1743 1428 1814 alicujus
1451 1744 1545 1799 adoret
1568 1743 1696 1817 effigiem,
1723 1745 1815 1801 debito
1834 1754 1926 1802 tome„
1940 1747 2054 1803 honori,

398 1862 459 1903 sum
474 1851 500 1900 et
512 1843 659 1899 elevatum.
676 1835 816 1907 Seraphim
828 1835 935 1890 stabant
948 1850 1030 1904 super
1044 1832 1109 1888 illud
1127 1850 1134 1895 ;
1150 1847 1197 1885 sex
1253 1831 1327 1885 cultu
1342 1836 1465 1887 sacratas
1489 1847 1626 1888 sacrarum
1642 1849 1730 1889 rerum
1743 1834 1807 1890 colit
1820 1842 1848 1889 et
1861 1834 1979 1891 honorat
1992 1836 2054 1891 effi·

400 1936 451 1989 alas
478 1930 535 1996 uni,
556 1936 582 1984 et
610 1925 724 1982 sexalae
752 1924 828 1979 alteri
845 1924 910 1993 (lan.
940 1938 976 1989 vr,
994 1922 1031 1991 Ξ).
1056 1942 1066 1969 ι
1090 1920 1199 1975 Deillis
1254 1919 1497 1991 giesetpictnras.
1524 1921 1876 1993 Recitacrgoscriptnras,
1893 1923 1983 1995 legem
1996 1924 2051 1981 sni.

401 2030 515 2094 quatuor
548 2016 704 2071 animalium
726 2011 877 2082 speciebus,
907 2026 973 2081 ques
995 2009 1129 2065 derisione
1152 2006 1317 2097 in-Biicet
1344 2015 1371 2062 et
1393 2009 1552 2077 prophetas,
1576 2009 1681 2064 videbis
1713 2026 1745 2065 ea
1768 2011 1871 2078 omnia,
1892 2028 1955 2082 qaae
1984 2013 2051 2081 dini,
2147 2007 2148 2030 ¹

400 2111 474 2181 justa
494 2104 605 2171 notasti,
620 2100 746 2158 Ezechiel
759 2100 894 2170 propheta
909 2099 944 2153 ita
958 2097 1078 2169 loquitur
1093 2115 1098 2151 :
1119 2120 1129 2145 ι
1151 2096 1196 2151 Si·
1251 2096 1351 2167 scripta
1362 2110 1421 2151 esse
1435 2095 1463 2150 in
1477 2096 1539 2169 iege
1553 2105 1599 2153 aut
1613 2098 1765 2169 prophetis,
1780 2107 1828 2153 aut
1842 2100 1938 2155 eadem
1954 2103 2051 2167 uerba,
2148 2107 2149 2124 ¹

401 2194 525 2253 militndo
546 2192 635 2248 vultus
651 2195 766 2261 quatuor
785 2187 950 2253 animalium,
967 2186 1051 2241 iacies
1066 2185 1197 2266 hominis,
1253 2192 1298 2238 out
1316 2184 1441 2239 eumdem
1467 2186 1577 2241 omnino
1598 2203 1708 2243 sensum
1723 2188 1860 2243 habentia.
1877 2188 1987 2261 Cogito,
2010 2190 2054 2245 tn.

400 2293 427 2343 et
442 2280 624 2339 faciesleonis
640 2294 656 2333 a
671 2276 772 2332 dextris
784 2276 906 2347 ipsorum
921 2284 1044 2345 quatuor,
1057 2272 1099 2345 [¹²¹
1115 2273 1200 2329 iacies
1254 2288 1347 2341 qnam,
1371 2280 1398 2328 et
1416 2274 1536 2345 recogita
1564 2276 1630 2346 quid
1665 2276 1838 2346 exspectatis,
1862 2285 1890 2333 et
1912 2294 2056 2349 quousque

400 2390 465 2431 uero
489 2370 564 2428 uituli
589 2385 603 2424 a
628 2366 743 2422 sinistris
765 2365 887 2435 ipsorum
910 2372 1043 2434 quatuor,
1074 2370 1100 2417 et
1116 2360 1200 2417 iacies
1254 2360 1427 2432 exspectatis,
1440 2370 1526 2431 etqua
1536 2364 1618 2435 signo
1628 2368 1785 2434 exspectata
1799 2362 1843 2431 ¹¹⁴,
1854 2381 1919 2421 cum
1932 2367 2058 2435 adcmnt,

399 2460 496 2534 aquilae
511 2460 628 2527 desuper
649 2455 774 2526 ipsorum
792 2460 910 2524 quatuor
924 2450 1037 2523 (Erech.
1064 2466 1083 2517 r,
1110 2449 1198 2522 tulo
1256 2449 1433 2520 dignoscetis.
1471 2451 1542 2506 Nam
1575 2451 1621 2521 qui
1653 2452 1862 2523 promittebatur
1892 2452 2059 2527 mittendas,

398 2550 478 2620 Quod
493 2562 560 2619 crgo
575 2544 659 2600 lsaias
681 2542 761 2608 uidit,
778 2540 847 2595 dixit
861 2548 887 2596 et
902 2539 1022 2611 scripsit,
1039 2539 1112 2611 quod
1129 2540 1201 2593 Eze·
1255 2538 1331 2593 venit
1353 2539 1408 2607 jam
1435 2538 1543 2606 missus,
1567 2539 1636 2596 sicut
1660 2548 1823 2595 attestantur
1853 2542 1933 2615 signa
1963 2543 2060 2613 quibus
2153 2617 2154 2636 Χ

399 2639 469 2695 chiel
485 2636 561 2703 uidit,
584 2633 655 2689 dixit
669 2638 696 2687 et
712 2630 828 2701 scripsit,
845 2629 908 2685 licet
922 2636 985 2699 post
1000 2643 1047 2683 eos
1062 2627 1157 2695 scribi,
1174 2634 1200 2681 et
1256 2625 1489 2695 pronuntiabatur
1501 2627 1580 2683 lesus
1594 2628 1726 2696 Christus,
1742 2631 1911 2701 exspectatio
1924 2631 2059 2707 gendum,

400 2727 496 2785 (liniet
518 2725 632 2794 picturas
650 2720 743 2793 aliqua
767 2722 830 2773 nota
853 2716 966 2789 signari.
983 2716 1058 2773 Sicut
1071 2716 1145 2771 enirn
1160 2715 1201 2770 lit·
1258 2716 1304 2770 cui
1327 2715 1415 2771 honor
1437 2724 1464 2771 et
1482 2714 1625 2787 imperium
1650 2732 1699 2788 per
1712 2718 1805 2773 omnia
1818 2718 1924 2774 saecula
1937 2720 2055 2803 staectrlo¹

401 2824 466 2872 terae
491 2808 694 2884 quodammodo
707 2806 785 2878 [finnt
807 2806 952 2862 verborum
967 2803 1063 2877 figurae
1079 2812 1106 2861 et
1121 2812 1203 2869 notae,
1259 2817 1332 2858 rum.
1348 2803 1448 2858 Amen.

401 2905 479 2959 itaet
503 2901 615 2972 picturrn
640 2896 836 2967 scripturarum
866 2910 958 2949 rorum
973 2894 1091 2948 existunt
1107 2892 1206 2946 simili·
1296 2888 1327 2918 ¹⁸⁵
1346 2891 1584 2948 Reverendissimo
1596 2895 1779 2961 haannnao,
1791 2893 1842 2949 Dei
1851 2895 1943 2969 gratia
1954 2894 2061 2952 Lincol-

404 2992 510 3047 tudines
525 2996 550 3043 et
564 2994 644 3043 notae·
661 2984 732 3054 Quid
744 2984 849 3055 plural
865 2998 1019 3038 sermonem
1036 2982 1208 3053 colligamus,
1261 2979 1339 3035 ncnsi
1355 2979 1497 3051 episcopo,
1512 2980 1622 3050 qnidam
1632 2980 1695 3036 lidci
1707 2981 1866 3039 Christiania
1878 2992 2064 3055 propugnator

405 3089 433 3137 ct
448 3080 484 3135 ad
506 3074 650 3148 propositae
672 3072 819 3146 questionis
841 3070 922 3127 linem
944 3072 1117 3128 accedamus.
1145 3070 1208 3125 Pro·
1262 3075 1289 3123 et
1311 3084 1416 3138 seruus,
1441 3068 1468 3121 in
1492 3069 1589 3139 spiritu
1613 3069 1662 3125 Dei
1686 3078 1762 3126 recta
1786 3087 1891 3142 sapere,
1908 3076 1936 3127 et
1950 3072 2060 3141 deejns

410 3166 497 3222 hibuit
512 3166 587 3219 Deus
601 3178 635 3216 nc
650 3161 719 3216 finnt
733 3160 875 3230 sculptilia,
893 3168 918 3215 et
933 3168 1034 3223 tannen,
1052 3160 1121 3214 siunt
1136 3158 1206 3229 logi·
1261 3172 1371 3226 semper
1385 3156 1570 3213 consolatione
1583 3157 1715 3231 vadere,
1733 3157 1819 3228 Quam
1834 3159 1981 3228 plurimum
1994 3160 2052 3214 tino

409 3254 584 3323 musanen
608 3250 686 3319 jussa
702 3256 764 3303 sunt
778 3247 837 3304 fieri
859 3247 1004 3317 sculptilia.
1021 3246 1212 3317 competenter
1263 3245 1302 3300 ris
1323 3245 1381 3300 istis
1404 3245 1551 3300 instructus
1575 3247 1622 3315 ait,
1657 3262 1712 3301 non
1735 3248 1821 3303 solum
1845 3248 1985 3317 humanis,
2014 3248 2062 3302 sed

409 3343 492 3417 igitur
514 3338 674 3396 mandatnm
700 3336 770 3409 legis
797 3336 986 3407 accipiendum
1003 3342 1052 3406 est,
1073 3336 1128 3391 imo
1143 3336 1213 3392 sient
1264 3332 1346 3390 eham
1370 3332 1469 3390 divinis
1483 3333 1591 3406 legibus
1610 3334 1742 3402 cruditus,
1758 3344 1785 3392 et
1799 3337 1953 3407 personalis
1967 3338 2062 3411 gratie

408 3434 467 3504 ipse
489 3429 627 3503 legislator
649 3427 767 3482 declamt
799 3423 1004 3497 intelligendum
1029 3432 1083 3481 est.
1104 3447 1115 3472 ι
1137 3391 1248 3491 Non,C
1266 3423 1370 3478 honore
1384 3422 1526 3492 praeditus,
1543 3423 1620 3480 mitto
1634 3424 1713 3480 robis
1723 3425 1982 3495 disputatiunculam
1995 3443 2061 3497 per·

410 3521 508 3592 inquit,
531 3517 612 3574 iacies
637 3515 763 3586 sculptile
786 3514 885 3584 (deod.
912 3530 958 3580 xx,
983 3514 1022 3582 l),
1041 3535 1052 3562 a
1070 3521 1135 3582 etc,
1151 3529 1214 3570 cou-

411 3607 701 3680 samquodemonstrat
717 3620 723 3659 ε
740 3627 750 3652 ι
763 3605 826 3659 Non
841 3602 1022 3668 adorabam,
1035 3617 1123 3672 neque
1138 3602 1213 3658 coles

411 3698 500 3772 (ibid,
514 3699 552 3768 ὅ).
576 3718 586 3744 ι
605 3693 724 3748 Exclusa
740 3691 822 3765 igitur
836 3690 932 3762 perfidi
948 3690 1033 3746 celtus
1048 3689 1201 3746 idololatria

414 3788 560 3844 factasunt
576 3783 613 3837 ab
629 3781 680 3850 eis,
696 3789 724 3836 et
739 3779 795 3836 fieri
811 3787 923 3852 possunt
937 3795 953 3833 a
967 3779 1046 3834 nobis
1060 3777 1210 3848 sculptilia.

416 3875 540 3932 Facimus
554 3873 611 3927 Deo
626 3871 754 3942 picturas,
778 3867 891 3922 iacimus
906 3867 965 3922 Deo
980 3865 1129 3930 coelaturas,
1147 3866 1214 3920 iaci-

414 3981 475 4022 mus
489 3965 547 4017 Deo
557 3968 583 4016 et
596 3959 766 4028 sculpturas;
784 3957 832 4010 seui
846 3955 940 4010 diuino
955 3954 1026 4009 cultu
1037 3971 1087 4009 nec
1101 3954 1215 4010 colimus

415 4066 474 4119 eas,
489 4065 542 4106 neo
561 4047 715 4100 odoramus.
737 4044 808 4098 Num
819 4044 907 4112 ipsam
922 4057 1038 4110 omrem,
1055 4058 1133 4112 quam
1149 4057 1213 4096 crn-

417 4154 477 4194 oem
500 4138 624 4190 sanctam
650 4131 775 4199 dicimus,
799 4129 892 4200 ntique
915 4129 1029 4201 liguum,
1045 4145 1098 4184 non
1114 4131 1212 4196 Deum,

415 4241 475 4284 esse
497 4222 621 4287 dicimus,
648 4219 803 4288 nullamque
817 4217 844 4272 in
860 4233 900 4286 se,
917 4225 966 4272 aut
984 4233 1017 4272 cx
1033 4233 1072 4282 so,
1088 4217 1213 4274 uirtutem

415 4314 519 4371 habere
542 4327 602 4366 eam
625 4308 768 4374 dicimus,
793 4322 825 4362 ao
848 4313 994 4378 postquem
1021 4305 1213 4362 bencdictione

416 4399 567 4478 pontificali
603 4395 788 4454 sartatificatur
814 4395 841 4449 in
874 4395 1033 4451 memoriam
1062 4395 1213 4450 Dominicae

415 4490 559 4564 passionis,
573 4487 632 4558 jam
647 4501 756 4541 crucam
771 4500 825 4540 non
840 4484 942 4550 divino,
960 4483 1008 4538 sed
1022 4483 1112 4538 debito
1128 4499 1214 4540 uene·

418 4579 532 4636 rationis
561 4577 631 4632 cultu
656 4573 813 4640 attollimus,
846 4573 991 4628 adoramus
1022 4579 1048 4626 ct
1076 4571 1212 4635 colimus;

417 4670 486 4726 sicut
496 4669 524 4722 in
538 4665 646 4737 psalmo
661 4663 777 4718 dicitur:
792 4683 802 4710 ι
819 4662 937 4716 Adoretc
951 4661 1098 4716 scabellum
1114 4661 1214 4732 pedum

1267 3524 1330 3565 ram
1345 3517 1435 3566 vestm
1449 3510 1658 3567 examinandam
1670 3511 1785 3581 jndicio,
1801 3529 1883 3583 qurum
1898 3531 1987 3586 nuper
2001 3530 2062 3570 cum

1268 3599 1384 3668 quodam
1406 3599 1501 3655 iudae
1524 3599 1674 3672 confligens
1688 3601 1771 3656 edidi.
1788 3600 1906 3671 Quidam
1922 3603 1987 3658 mihi
2002 3619 2062 3659 curn

1268 3687 1394 3758 cognitus
1406 3695 1478 3742 esset
1488 3686 1597 3744 ludens
1620 3689 1764 3758 enjusdam
1778 3690 1881 3761 negotii
1895 3705 1987 3758 cansa,
2004 3700 2065 3746 tan-

1268 3774 1330 3829 dem
1351 3784 1466 3846 cogente
1489 3791 1582 3832 amore
1605 3777 1815 3848 frequentarint
1837 3779 1986 3834 suadebam
2001 3795 2064 3850 qna·

1269 3869 1346 3917 tenus
1369 3864 1510 3919 ludaismo
1533 3866 1628 3921 relicto
1652 3865 1821 3922 Christianus
1835 3865 2005 3934 efficeretur;
2021 3867 2063 3924 cui

1268 3950 1349 4006 etiam
1377 3952 1555 4008 multimodas
1577 3953 1677 4008 erroris
1704 3953 1746 4008 sni
1774 3954 1831 4010 rias
1857 3955 1982 4011 veritatis
2006 3956 2066 4010 luce

1268 4048 1491 4107 monstraveram,
1507 4047 1533 4096 et
1544 4043 1618 4114 qnod
1632 4041 1758 4098 dicebam
1773 4059 1829 4098 sure
1842 4041 1913 4116 legis
1927 4050 1953 4099 et
1966 4052 2065 4100 nostra

1267 4127 1428 4184 testimoniis
1451 4128 1656 4200 approbabam
1687 4131 1812 4187 sedeam
1837 4131 1970 4188 obdurato
1985 4133 2067 4188 corde

1268 4217 1295 4270 in
1309 4231 1359 4272 aua
1382 4215 1541 4274 infidelitate
1554 4219 1728 4287 persisteret,
1749 4227 1829 4289 atque
1851 4235 1973 4276 errorem
1986 4237 2067 4276 suum

1267 4305 1367 4375 ineptis
1385 4306 1581 4375 quaestionibus
1604 4315 1633 4362 et
1645 4308 1924 4380 argumentationibus
1939 4317 2066 4376 tueretur,

1268 4393 1378 4448 tandem
1402 4393 1539 4449 amicabili
1558 4396 1738 4452 conuentione
1761 4397 1948 4466 convenimus,
1969 4398 2068 4454 otdis·

1268 4482 1377 4551 putandi
1406 4481 1495 4555 gratia
1530 4483 1689 4538 resedimus.
1722 4484 1808 4556 lgitm
1834 4493 1998 4557 rogauerunt
2023 4501 2069 4541 me

1268 4571 1406 4626 auditores
1421 4580 1450 4627 ut
1465 4573 1517 4627 hoo
1530 4588 1579 4642 pro
1593 4573 1711 4628 utilitate
1721 4571 1800 4628 fideis
1809 4573 1907 4630 litteris
1921 4575 2067 4644 traderem,

1268 4659 1366 4729 quibus
1389 4658 1505 4714 libenter
1530 4659 1662 4716 obediens
1684 4675 1736 4730 pro
1759 4662 1911 4732 capacitate
1934 4661 2068 4734 ingenioli

418 4757 489 4829 ejus,
506 4755 629 4826 quoniam
655 4759 778 4807 sanctum
793 4758 834 4805 est
848 4748 936 4816 (Psoi.
953 4765 1047 4816 savin,
1063 4753 1101 4820 ὅ).
1125 4772 1136 4798 a
1155 4751 1214 4805 Dc·
1228 4742 1255 4803 D
1271 4747 1325 4802 mei
1353 4747 1402 4802 snb
1430 4763 1548 4818 persona
1573 4747 1662 4804 Judaei
1676 4755 1703 4804 et
1731 4748 1879 4804 Christiani
1907 4748 2070 4819 disputantis

416 4848 473 4904 bito
499 4840 679 4900 uenerationis
702 4839 776 4894 cultu
801 4838 904 4892 idcireo
937 4837 1065 4904 dicimus,
1081 4837 1145 4908 qaia
1160 4838 1215 4894 alio
1266 4835 1389 4906 apicibus
1410 4835 1550 4891 adnotavi.
1564 4837 1596 4890 ln
1617 4852 1670 4908 quo
1685 4838 1708 4891 si
1724 4837 1789 4909 quid
1803 4837 1875 4893 hene
1886 4837 2000 4905 dictum,
2016 4839 2070 4894 Dei

416 4935 499 4991 modo
510 4933 643 4988 dicimus:
659 4951 669 4977 ιι
679 4926 846 4982 Christianus
856 4925 1033 4992 collineant,
1048 4925 1124 4980 nolio
1133 4925 1214 4981 modo
1263 4924 1361 4997 gratis
1380 4923 1531 4992 tribuatur,
1555 4924 1578 4978 si
1593 4925 1658 4995 qnid
1672 4925 1792 4980 otiosum
1807 4931 1838 4982 et
1851 4925 1963 4994 inatile,
1977 4933 2071 4982 restra

416 5023 530 5080 dicimus
556 5042 566 5069 ι
589 5017 654 5075 colit
675 5016 792 5071 rusticus
812 5030 917 5086 agrum.
942 5035 953 5062 a
981 5013 1048 5068 Item
1064 5013 1215 5070 ullomodo
1264 5012 1407 5084 prudentia
1421 5013 1526 5068 nouerit
1540 5027 1676 5082 rmecare,
1691 5012 1750 5070 sire
1764 5021 1861 5082 totam,
1877 5013 1934 5070 sire
1948 5022 2068 5085 partem,

416 5114 534 5169 dicimus
551 5133 562 5158 ι
580 5107 675 5163 adorat
689 5104 877 5170 homoDeum,
895 5124 905 5152 ι
919 5102 973 5157 alio
989 5101 1070 5157 modo
1085 5101 1211 5171 dicimus,
1264 5100 1443 5157 libentissimo
1467 5099 1554 5156 leram
1568 5101 1701 5172 quidquid
1724 5101 1802 5157 robis
1814 5101 1949 5172 placuerit
1964 5102 2067 5158 tmere.

418 5223 430 5250 ιι
459 5199 554 5254 adoret
573 5197 655 5251 homo
679 5193 797 5263 aliquem
822 5189 936 5260 alicujus
955 5189 1095 5261 dignitatis
1115 5190 1212 5259 uimm,
1270 5189 1346 5263 Ergo
1359 5187 1524 5245 Judaeusille
1538 5190 1684 5260 plurimum
1696 5190 1819 5264 sualege
1832 5191 1947 5260 peritus,
1962 5199 2070 5247 nostra·

414 5287 459 5348 rel
482 5285 592 5357 aliquod
616 5282 729 5353 alicuius
749 5279 888 5354 dignitatis
900 5279 1028 5353 signum.
1060 5301 1070 5328 ι
1096 5279 1165 5334 Nam
1186 5279 1216 5335 in
1269 5295 1329 5334 rum
1343 5278 1425 5335 etiam
1440 5278 1589 5334 litterarum
1604 5294 1659 5336 non
1673 5279 1773 5336 inscius
1785 5277 1825 5335 sic
1838 5277 1959 5351 incaepit.

1072 5482 1185 5540 VriiilAE
1201 5481 1409 5540 tacrtorttts.

450 5680 823 5746 ¹''lls.he·m.omit.uncis
849 5677 969 5732 inciaco.
1017 5673 1112 5732 ¹¹¹lls.
1139 5679 1227 5746 ilem,
1250 5674 1402 5734 excludam.
1440 5678 1472 5709 ¹²¹
1486 5679 1534 5736 lis.
1551 5679 1586 5736 S.
1611 5679 1719 5744 Germ,
1747 5686 1915 5750 exspectato.
1956 5675 2070 5736 mlinc

415 5763 539 5834 epistola,
564 5767 590 5812 ut
606 5759 699 5834 liqrret,
726 5759 763 5804 cst
780 5749 935 5833 Gisllrberti,
951 5747 1255 5832 et'luricdispntntioni¹
1279 5749 1562 5836 ororpraeroittenda3
1580 5751 1649 5805 sicut
1663 5749 1691 5804 in
1717 5765 1769 5834 ms.
1787 5750 1888 5806 l'ictor.
1904 5751 1956 5820 ipsi
1971 5751 2070 5822 praeti-

414 5837 487 5905 gitur
501 5835 550 5886 suu
567 5832 617 5884 hoe
633 5825 709 5881 trtulo
725 5842 730 5877 :
748 5820 1009 5892 lncrptinltercatro
1024 5819 1174 5889 caturcium
1191 5819 1348 5875 claruimus
1362 5826 1391 5877 et
1405 5822 1496 5877 laedet
1510 5821 1544 5877 dc
1558 5821 1612 5891 fide
1622 5820 1775 5878 catholico.
