4750 6725
377 595 425 650 sss
863 577 1022 639 sanaem
1042 573 1328 638 umrusmausts
1346 577 1504 638 nossem
1983 581 2039 641 452

417 739 428 765 ι
447 711 585 773 ruentis
599 708 750 784 episcopus,
766 723 858 766 servus
872 721 1015 763 servorum
1033 704 1083 760 Dei
1097 719 1181 761 vens-
1196 706 1225 766 A
1239 720 1351 775 umque
1364 719 1435 775 pene
1448 711 1533 761 aotam
1554 719 1611 762 sus
1625 704 1722 762 ditioni
1736 706 1892 780 subegerat.
1916 709 2039 766 rossus

380 804 463 862 rabili
488 803 566 860 tratri
595 797 779 856 Cautuariensi
811 795 1016 866 archiepiscopo
1044 793 1183 862 anselmo,
1239 808 1337 863 nempe
1364 792 1475 848 liuberti
1513 795 1763 853 Northmuunorum
1796 796 1914 865 comitis,
1948 798 2042 853 taetris

383 894 535 952 salutemet
548 887 726 962 apostolicam
742 884 971 942 benedictionem.
1239 880 1343 938 scilicet
1363 882 1487 952 ejusdem
1514 884 1597 955 regis,
1624 883 1662 938 ita
1689 884 1791 941 cunctis
1818 901 1850 940 ea
1877 889 2041 959 tempestate

420 981 577 1040 «Deillata
592 974 765 1045 tibiinjuris,
785 996 797 1023 ι
814 981 865 1031 eto.
889 971 956 1029 Vide
976 973 1008 1028 irs
1036 970 1184 1028 Paenituit.
1240 968 1356 1026 viluemt
1368 974 1398 1025 ut
1412 969 1455 1025 vix
1470 969 1541 1026 ullus
1553 985 1604 1042 pro
1618 987 1651 1027 co
1681 972 1829 1044 quidquam
1852 974 1943 1030 faeere
1958 976 2041 1031 veltet

417 1074 492 1128 lianc
506 1069 589 1142 igitur
602 1064 747 1137 epistolam
759 1071 903 1134 postquam
924 1060 1068 1118 anselmus
1091 1074 1186 1115 susce-
1240 1059 1313 1129 quod
1327 1074 1378 1129 pro
1399 1069 1474 1116 terrae
1487 1060 1613 1130 principe
1629 1076 1737 1132 quaqua
1751 1062 1874 1133 gentium
1887 1062 1946 1118 fieri
1959 1064 2041 1120 solet,

380 1161 430 1234 pit,
446 1156 569 1230 inspexit,
586 1152 719 1210 intellexit
733 1168 763 1207 sc
790 1151 906 1222 amplius
934 1150 1035 1204 trustra
1062 1147 1187 1220 Lugduni
1240 1146 1318 1202 Pium
1332 1147 1432 1203 etenim
1446 1163 1493 1205 cor
1507 1155 1534 1202 et
1546 1153 1716 1204 terrenarum
1730 1166 1821 1206 rerum
1849 1149 1962 1207 minima
1988 1169 2040 1209 ou-

381 1248 532 1305 Romanam
560 1257 640 1315 opem
667 1239 829 1312 prestolari,
863 1237 1013 1310 presertim
1039 1251 1101 1292 cnm
1125 1235 1187 1305 jam
1239 1236 1316 1308 pido,
1332 1237 1434 1307 quaein
1455 1252 1488 1293 eo
1505 1237 1584 1307 juxta
1606 1237 1747 1310 uigebant,
1769 1238 1855 1296 hocei
1868 1249 2041 1311 pepererant.

381 1348 568 1406 sepenumero
583 1330 637 1402 ipsi
650 1329 780 1386 itomanae
794 1327 867 1383 sedis
886 1324 1001 1382 antistiti
1028 1324 1135 1397 legatos
1160 1331 1187 1380 et
1241 1324 1345 1381 Omnes
1358 1325 1441 1397 igitur
1455 1326 1541 1382 terme
1554 1327 1803 1382 Nortbmannomm
1826 1330 1944 1398 maiores
1969 1328 2043 1386 illico

379 1425 485 1482 litteras
500 1422 535 1478 de
549 1419 590 1476 sui
605 1417 709 1492 negotii
732 1416 966 1474 consummatione
994 1412 1185 1482 transmiserit,
1241 1413 1364 1486 adregis
1377 1412 1536 1482 adrentum,
1566 1425 1657 1486 spreto
1685 1416 1785 1472 comite
1814 1417 1924 1476 domino
1942 1434 2002 1487 suo,
2017 1428 2045 1474 et

380 1521 407 1570 et
421 1526 551 1584 eousque
576 1507 645 1564 nihil
672 1505 886 1576 nisiquamdam
901 1502 979 1575 quasi
1002 1500 1188 1560 consolatorias
1240 1501 1323 1558 fidem
1337 1502 1456 1573 quamsi
1471 1502 1606 1560 debebant
1618 1509 1821 1577 postponentes,
1837 1505 1867 1560 iu
1888 1521 1984 1562 surum
2014 1513 2044 1563 et

382 1598 589 1674 exspectationis
602 1593 810 1669 pmmissionem
834 1593 868 1650 de
895 1591 1010 1648 termino
1037 1590 1065 1646 in
1092 1589 1188 1647 termi-
1241 1599 1385 1664 argentum
1403 1592 1477 1665 regis
1498 1599 1682 1660 cucumerunt,
1705 1593 1784 1666 eique
1806 1594 1931 1652 civitates
1958 1604 2047 1653 castr.

382 1705 447 1748 num
461 1689 496 1746 ab
520 1701 553 1744 eo
578 1683 720 1742 meruerit.
752 1681 842 1738 Tertio
867 1695 973 1752 quoque
999 1679 1101 1737 litteras
1126 1693 1189 1736 suas
1242 1680 1369 1737 aturbes
1382 1679 1561 1737 tradiderunt.

383 1779 442 1854 regi
461 1777 574 1851 Anglim
588 1790 638 1847 pro
653 1787 761 1830 suarum
775 1785 866 1828 rerum
880 1767 1048 1826 resaisitione
1076 1766 1187 1824 direxe-
1278 1769 1344 1826 Cum
1359 1769 1450 1840 itaque
1468 1784 1517 1825 rex
1544 1785 1596 1841 per
1622 1770 1730 1843 legator
1758 1771 1906 1829 eomitissa,
1923 1773 2048 1832 naseam

383 1876 436 1937 rat,
452 1881 501 1923 nec
515 1863 619 1936 aliquid
632 1862 666 1919 ab
680 1877 724 1932 eo,
754 1859 807 1916 uisi
829 1859 902 1930 quod
929 1857 1113 1914 blandientem
1135 1855 1188 1913 sibi
1242 1856 1399 1928 adrentum,
1414 1865 1442 1914 ct
1456 1857 1639 1930 quamobrem
1660 1860 1758 1916 relicta
1779 1861 1935 1936 burgundia
1957 1863 2048 1920 Fran-

385 1956 544 2014 dilationem
560 1953 707 2026 ingereret,
728 1947 851 2020 responsi
878 1953 1029 2018 acceperat.
1059 1943 1189 2002 Consulto
1242 1944 1312 2002 ciam
1327 1944 1432 2002 venerit
1445 1946 1603 2016 accepisset,
1622 1948 1737 2018 qualiter
1750 1949 1872 2005 animum
1886 1951 1936 2006 viri
1950 1967 1967 2006 a
1980 1969 2050 2024 pro-

382 2047 475 2119 itaquc
489 2041 641 2100 venerabili
651 2039 765 2112 praelato
775 2035 965 2110 Lugdunensis
987 2033 1104 2092 civitatis
1126 2033 1186 2106 epi·
1200 2067 1227 2128 Β
1242 2034 1331 2106 posita
1344 2034 1495 2090 inteudme
1503 2034 1647 2092 deflectere
1663 2045 1756 2108 posset
1781 2039 1953 2112 perquisivit.
1977 2041 2051 2098 tatto

381 2149 464 2206 scopo
478 2131 611 2204 Lugduno
634 2127 773 2184 Franciam
796 2127 931 2198 petiturus
960 2122 1087 2190 decessit,
1115 2137 1186 2178 moe·
1242 2122 1327 2196 igitur
1350 2137 1412 2179 cum
1440 2123 1497 2180 suis
1523 2123 1647 2191 consilio,
1676 2141 1727 2195 per
1753 2127 1863 2182 nuntius
1888 2127 2052 2200 deprecatus

385 2231 465 2281 rento
480 2236 563 2292 super
574 2221 626 2274 boc
638 2215 766 2290 pontifice
780 2215 841 2286 ipso
854 2221 881 2270 et
894 2213 969 2270 omni
982 2211 1084 2283 populo
1100 2219 1185 2268 terrae.
1242 2220 1283 2267 est
1296 2211 1462 2268 comitissam
1477 2219 1610 2283 quatenus
1628 2214 1663 2267 ad
1690 2213 1855 2285 loquendum
1883 2217 1935 2271 sibi
1958 2219 2048 2274 virum

419 2313 486 2369 Cum
494 2324 560 2382 ergo
569 2307 724 2364 cluniacum
741 2305 774 2360 sd
789 2303 954 2360 Char-itatem
971 2305 1020 2372 (a),
1037 2316 1100 2372 quae
1119 2300 1189 2354 cella
1242 2300 1466 2357 Nortbmanuism
1482 2302 1606 2369 duceret,
1630 2301 1760 2372 pollicens
1786 2320 1816 2358 sc
1842 2304 1869 2358 in
1896 2306 1986 2362 multis
2012 2309 2048 2364 de

383 2398 565 2461 Cluuiacensis
579 2395 696 2454 coeuobii
718 2401 768 2464 est,
796 2391 979 2456 venissemus,
1009 2388 1102 2444 didicit
1129 2391 1187 2444 An·
1242 2389 1353 2461 querela
1366 2389 1483 2459 pristina
1497 2387 1628 2445 voluntati
1655 2391 1724 2461 eius,
1749 2392 1823 2464 pacta
1849 2395 1948 2465 grafia,
1976 2412 2048 2452 oon-

382 2486 483 2546 selmus
496 2481 662 2540 comitissam
683 2478 858 2545 bleisensem,
888 2473 1003 2548 majoris
1030 2471 1187 2529 willhelmi
1242 2477 1447 2533 descensurum.
1463 2476 1535 2546 Quid
1556 2478 1657 2550 plura?
1685 2477 1789 2537 statuto
1817 2483 1931 2539 termino
1951 2484 2048 2541 archi-

384 2574 457 2650 regis
471 2571 572 2640 tiliam,
588 2569 701 2626 nomine
713 2566 828 2624 Adalsm
842 2565 889 2636 (i),
901 2563 976 2635 apud
983 2565 1099 2620 castrum
1108 2577 1187 2616 suum
1242 2566 1418 2638 episcopuset
1432 2565 1568 2623 comitissa
1581 2565 1609 2621 in
1624 2574 1753 2638 castrum,
1782 2569 1857 2639 quod
1882 2572 1980 2645 Aquila
2009 2576 2047 2646 (e)

382 2663 499 2722 bleisum
507 2659 542 2731 (c)
552 2657 697 2714 infirmari.
712 2654 804 2711 Vertit
818 2654 910 2726 itaque
923 2652 976 2709 iter
988 2666 1043 2723 quo
1056 2649 1188 2706 sellamis
1242 2663 1365 2724 vocatur,
1392 2668 1444 2726 pro
1474 2653 1612 2728 colloquio
1640 2655 1724 2728 regis,
1753 2657 1793 2712 uti
1820 2660 1963 2731 petiverat,
1990 2679 2048 2718 nna

384 2754 424 2812 ira
439 2751 518 2823 (sicut
532 2765 549 2804 a
562 2746 684 2804 bunasse
700 2744 740 2816 (d)
754 2743 841 2815 ipsius
854 2741 930 2798 urbis
957 2739 1075 2796 antistite
1097 2738 1189 2794 multis
1242 2751 1386 2811 venerunt,
1401 2749 1429 2799 et
1442 2756 1537 2816 regem
1551 2742 1707 2799 vehementi
1726 2745 1830 2816 gaudio
1848 2763 1901 2817 pro
1927 2749 2049 2806 adventu

384 2847 441 2898 erat
455 2847 482 2894 et
495 2835 602 2894 obnixis
619 2833 748 2906 precibus
761 2847 811 2904 per
828 2829 1007 2886 iutamuntios
1027 2826 1188 2898 interpella·
1242 2830 1363 2888 anselmi
1372 2828 1517 2901 exsultare,
1532 2845 1565 2887 ac
1579 2846 1633 2887 non
1655 2848 1752 2903 pamm
1780 2835 1923 2906 apristina
1941 2836 2049 2895 feritate

386 2929 437 2998 tus)
458 2927 636 2997 disposuerat,
664 2930 692 2979 et
717 2919 835 2978 bleisum
862 2917 928 2975 abiit
954 2918 990 2974 ad
1013 2915 1188 2984 comitissam,
1244 2917 1420 2978 descendisse
1439 2927 1607 2992 repererunt.
1636 2921 1751 2992 Deinde,
1780 2921 1874 2980 habito
1900 2925 1972 2983 inter
1999 2944 2050 2985 eos

385 3029 495 3074 omnem
509 3011 655 3085 cujuslibet
684 3008 813 3081 vituperii
840 3014 932 3065 nomm
960 3021 1010 3076 pro
1037 3020 1087 3062 suo
1112 3019 1189 3060 more
1242 3007 1393 3084 colloquio,
1408 3007 1570 3064 anselmum
1585 3024 1634 3064 rex
1647 3007 1682 3066 de
1696 3010 1845 3068 redditibus
1853 3014 2048 3086 suipontifira-

386 3104 488 3176 ubique
500 3101 632 3158 devitans.
653 3099 716 3168 lpsa
726 3095 862 3168 siquidem
875 3094 1013 3151 comitissa
1027 3093 1055 3150 in
1067 3091 1191 3165 pluribus
1244 3105 1286 3154 tus
1300 3097 1452 3166 revestivit,
1468 3105 1495 3154 et
1520 3098 1549 3152 in
1577 3099 1716 3170 pristinam
1746 3100 1893 3158 amicitiam
1920 3105 2048 3178 utrinque

384 3193 411 3252 ei
426 3200 480 3248 mm
495 3189 523 3246 in
539 3190 592 3244 hoc
605 3197 684 3260 quam
700 3193 726 3242 et
740 3184 769 3241 in
788 3183 843 3240 alio
855 3183 951 3240 exsilio
965 3182 1023 3254 ejus
1041 3179 1189 3255 magnifica
1242 3187 1346 3258 recepti
1367 3191 1441 3242 sunt.
1471 3186 1639 3255 Quibusdam
1671 3187 1753 3260 igitur
1780 3190 1815 3246 sd
1850 3191 1903 3247 hoc
1932 3193 2050 3250 sollicite

384 3279 548 3340 liberalitate
561 3275 776 3343 ministraverat,
792 3287 908 3345 eumque
927 3271 997 3328 sicut
1011 3271 1099 3328 virum
1123 3286 1188 3326 ssn·
1242 3290 1355 3345 operam
1369 3273 1495 3330 dantibus
1504 3281 1534 3328 ut
1546 3274 1657 3331 antistes
1671 3276 1760 3331 statim
1781 3278 1908 3350 Angliam
1936 3298 2047 3340 remea-

385 3380 458 3429 ctum
471 3386 503 3425 ac
524 3365 685 3439 religiosum
713 3362 777 3421 vitae
804 3378 870 3432 suae,
897 3369 958 3433 post
983 3359 1080 3428 licum,
1108 3359 1187 3416 insti·
1242 3372 1287 3420 rat
1300 3380 1348 3422 rer
1361 3363 1466 3430 annuit,
1485 3364 1526 3420 sic
1539 3370 1622 3419 tatem
1637 3371 1666 3419 ut
1685 3365 1752 3421 nulli
1780 3382 1874 3423 eorum
1900 3370 1947 3443 qui
1974 3389 2047 3430 ase

385 3468 498 3519 tutorem
521 3456 644 3529 elegerat
672 3460 752 3524 atque
779 3457 907 3508 tutorem.
937 3449 965 3507 si
992 3450 1085 3521 itaque
1112 3448 1187 3505 illam
1201 3425 1226 3491 G
1241 3450 1411 3508 investituras
1424 3450 1609 3507 Ecclesiamm
1632 3460 1806 3527 susceperant
1831 3457 1874 3513 vet
1903 3475 1952 3516 eos
1979 3475 2048 3519 con-

385 3556 518 3613 ertrama,
534 3552 564 3602 ut
579 3540 730 3609 dicebatur,
751 3547 875 3613 agentem
903 3546 1017 3612 paterna
1042 3537 1191 3610 presentia
1242 3547 1512 3609 sacraverant,suam
1526 3541 1554 3595 in
1574 3539 1665 3612 aliquo
1692 3544 1912 3603 communionem
1939 3550 2050 3609 subtra-

384 3634 579 3702 nouvlsitaret,
593 3639 686 3689 notam
704 3628 786 3701 juste
805 3627 1023 3701 reprehensionis
1042 3642 1098 3684 non
1121 3642 1188 3684 era·
1243 3630 1330 3684 heret.
1347 3628 1395 3683 Cui
1410 3628 1558 3685 conditioni
1572 3630 1718 3687 anselmus
1732 3632 1844 3691 minime
1867 3636 2049 3709 acquiescens

384 3726 470 3785 deret.
485 3724 572 3797 igitur
592 3719 641 3777 ubi
653 3718 689 3777 ad
706 3717 783 3775 illam
811 3716 951 3783 venimus,
984 3730 1098 3787 eumque
1125 3714 1189 3771 lan·
1242 3716 1437 3788 (obedientiam
1455 3716 1583 3775 videlicet
1604 3735 1683 3792 papae
1710 3721 1738 3777 in
1764 3722 1839 3780 nullo
1865 3730 2049 3802 pretergredi

382 3829 469 3887 guone
482 3812 572 3884 sopito
586 3809 672 3869 ferma
698 3805 869 3865 convaluisse
895 3804 1060 3873 invenimus,
1088 3802 1189 3861 detenti
1241 3806 1347 3877 volens)
1362 3814 1440 3862 extra
1463 3804 1590 3881 angliam
1617 3824 1731 3867 manere
1754 3810 1866 3886 delegit,
1889 3815 1978 3873 donea
2006 3818 2047 3875 5111

383 3903 418 3961 ab
433 3916 466 3958 ea
480 3900 509 3957 iu
525 3900 585 3971 ipso
599 3904 687 3955 castro
710 3910 760 3966 per
782 3892 883 3968 aliquot
910 3892 971 3951 dies
999 3892 1189 3949 decentissime
1243 3894 1290 3967 qui
1304 3893 1340 3950 ad
1354 3893 1441 3966 ipsum
1455 3896 1595 3968 negotium
1607 3905 1635 3953 et
1648 3898 1773 3971 quedam
1801 3900 1864 3970 alia,
1890 3904 1925 3959 de
1948 3904 2052 3977 quibus

381 4006 485 4047 sumus.
500 3988 531 4043 ln
546 3984 644 4057 quibus
657 3982 753 4039 diebus
767 3998 827 4039 curn
852 3980 933 4037 verbs
960 3996 1035 4051 saepe
1063 3981 1134 4037 iuter
1160 3995 1189 4036 se
1243 3983 1372 4039 intereos
1385 3982 1434 4039 illa
1448 3983 1507 4039 rice
1521 3985 1667 4042 convenire
1689 4002 1743 4044 non
1767 3997 1883 4061 poterat,
1911 3992 2048 4049 deterosi.

384 4080 559 4135 consererent
572 4071 682 4131 aedues
695 4077 722 4127 et
742 4069 800 4137 illa,
824 4069 937 4125 antistes
963 4068 1036 4124 illam
1063 4083 1114 4139 pro
1140 4082 1190 4124 suo
1243 4070 1343 4137 nanda,
1358 4087 1394 4127 ex
1408 4071 1535 4129 condicto
1555 4073 1670 4131 Romam
1698 4076 1821 4135 mittendi
1849 4088 1923 4137 erant
1945 4084 2050 4139 reversi

381 4163 473 4224 officia
488 4160 608 4219 studiose
621 4159 657 4215 ad
692 4157 762 4215 bene
790 4156 925 4231 agendum
953 4155 1119 4229 instigando,
1143 4156 1189 4211 illa
1244 4159 1370 4215 luissent.
1386 4160 1451 4217 llaec
1465 4168 1557 4217 autem
1570 4161 1720 4235 interipsos
1733 4174 1794 4221 acta
1808 4175 1869 4222 sunt
1882 4185 1953 4226 aneo
1967 4171 2051 4228 seruo

385 4250 536 4311 antistitem
563 4262 614 4320 pro
640 4246 703 4306 vitas
730 4260 787 4303 suas
815 4243 1001 4318 qualitatibus,
1029 4251 1058 4302 ut
1071 4244 1188 4317 Patrem,
1244 4248 1335 4305 exitus
1347 4248 1433 4305 nostri
1445 4248 1480 4305 de
1493 4250 1607 4324 Anglia,
1622 4267 1654 4307 ιι
1669 4252 1785 4311 Kalend.
1800 4257 1923 4329 augusti.

385 4356 447 4415 que
462 4336 624 4411 inquirenda
642 4350 703 4393 esse
728 4333 832 4393 sciebat
859 4331 1063 4407 interrogando,
1091 4334 1191 4391 Auset-
1279 4337 1331 4392 Pro
1345 4352 1446 4411 magna
1458 4338 1549 4409 itaque
1563 4341 1741 4400 exsultatione
1756 4360 1838 4415 quam
1859 4362 1892 4402 es
1920 4348 1973 4404 hac
1998 4366 2051 4406 re-

381 4448 441 4489 mus
455 4426 602 4488 comitisse
616 4440 723 4483 causam
740 4422 842 4480 reditus
867 4422 908 4479 sui
922 4422 1067 4480 Franciam
1095 4421 1130 4478 sb
1158 4437 1191 4480 co
1243 4423 1440 4483 conciliatione
1452 4427 1572 4483 Anselrni
1585 4444 1634 4484 rex
1648 4431 1772 4503 concepit
1786 4431 1858 4505 apud
1876 4451 1917 4503 se,
1939 4437 2053 4495 videm

380 4518 524 4594 inquisitus
537 4515 664 4584 innotuit,
675 4520 703 4570 et
717 4513 780 4584 quia
794 4512 904 4569 fratrem
920 4510 1006 4582 ipsius
1030 4511 1188 4581 ilenrioum,
1244 4511 1332 4582 illum,
1348 4514 1468 4585 quandiu
1482 4515 1511 4573 in
1535 4518 1652 4587 pretato
1679 4529 1766 4577 castro
1787 4522 1972 4596 morabamur,
1988 4542 2048 4583 non

379 4608 507 4667 videlicet
520 4620 614 4679 regern
627 4602 790 4676 auglorum,
818 4614 869 4672 pro
889 4599 998 4670 injuria,
1027 4616 1108 4671 quam
1132 4601 1191 4656 Deo
1244 4600 1391 4675 iacitepati
1406 4604 1485 4661 adse
1501 4607 1594 4663 venire
1606 4607 1773 4678 anselmum,
1789 4610 1838 4667 sed
1862 4613 1970 4685 quoties
1989 4624 2052 4673 ersa

379 4696 557 4770 miquetsm
572 4708 621 4767 per
633 4690 775 4749 biennium
801 4698 827 4745 et
842 4690 913 4745 ultra
936 4689 1047 4756 lecerat,
1076 4703 1189 4747 excom·
1245 4689 1350 4761 aliquid
1372 4692 1520 4750 interillos
1543 4696 1681 4769 agendum
1699 4713 1808 4769 semper
1834 4699 1923 4772 ipsum
1947 4704 1987 4759 ire
2010 4704 2052 4761 ad

379 4787 518 4847 municaro
536 4780 664 4841 seniebat
683 4793 738 4837 nou
763 4776 874 4836 celavit.
907 4774 988 4847 Quod
1000 4775 1046 4831 illa
1073 4776 1188 4833 audiens
1203 4778 1576 4843 passinianensis
1594 4785 1687 4842 multis
1709 4787 1739 4841 iu
1756 4786 1826 4845 locis
1844 4804 1894 4861 per
1906 4790 2050 4865 angliam,

381 4880 508 4936 iratorum
522 4868 688 4927 damnationi
703 4867 880 4924 vehementer
901 4864 1024 4934 indoluit,
1046 4880 1078 4921 sc
1097 4874 1125 4920 ut
1148 4865 1185 4921 il·
1241 4866 1382 4925 Francism
1409 4877 1491 4941 atque
1523 4872 1748 4931 Nortbmanuism
1784 4876 1858 4935 lama
1886 4879 2053 4954 vulgaverat

378 4967 435 5025 lum
455 4962 546 5036 potius
559 4956 680 5032 pontifici
696 4956 872 5014 concordaret
886 4969 999 5026 operam
1014 4952 1079 5009 dare
1094 4952 1186 5023 dispo-
1239 4971 1333 5029 regem
1347 4958 1436 5029 ipsum
1450 4957 1485 5014 ad
1498 4960 1628 5018 anselmo
1658 4964 1780 5035 proxime
1804 4969 2051 5027 excommunican-

380 5054 444 5113 suit.
460 5049 523 5123 Egit
537 5061 603 5121 crgo
612 5044 684 5119 apud
701 5044 789 5104 virum
803 5052 832 5101 ut
846 5043 993 5101 Camotum
1013 5056 1106 5099 secum
1125 5058 1186 5113 per·
1241 5045 1315 5117 dum,
1331 5054 1358 5103 et
1372 5048 1474 5105 idcireo
1489 5048 1525 5118 ei,
1541 5057 1633 5121 utpote
1645 5054 1772 5122 potestati
1780 5070 1835 5111 nou
1849 5056 1920 5113 adeo
1933 5067 2049 5129 amatre,

380 5146 467 5217 cerei·
1242 5134 1327 5190 multa
1342 5135 1414 5191 mala
1426 5136 1607 5208 struedantur‚
1630 5140 1781 5211 quasillis
1809 5151 1885 5201 tanto
1913 5146 1973 5203 viro
1994 5164 2050 5205 ex·

414 5228 476 5303 ligo
487 5232 608 5299 tempore
622 5222 681 5297 ipse
709 5238 758 5280 rex
772 5221 801 5279 iu
822 5218 1020 5281 Nortbmannia
1040 5226 1107 5287 erat,
1143 5218 1188 5289 ip·
1243 5224 1444 5283 communicato
1456 5224 1591 5284 efficacius
1605 5226 1746 5286 inferenda
1765 5232 1941 5304 putabantur.
1962 5235 2049 5307 Quod

1037 5342 1239 5401 ttttttscttettt
1257 5346 1373 5405 NOTAE.

414 5472 675 5551 (ullubibliotheca
699 5470 820 5529 Cluniae.
846 5470 899 5528 ool.
923 5468 1002 5538 tttt,
1027 5470 1182 5532 nominatur
1272 5474 1308 5546 (c)
1324 5474 1444 5532 lilcisum
1458 5477 1542 5550 vulgo
1552 5478 1636 5548 Btots,
1666 5479 1737 5535 inter
1747 5479 1926 5539 Aurelianum
1940 5492 1967 5541 ct
1986 5484 2049 5543 Tu-

377 5548 560 5629 priotutuss.
575 5542 836 5624 llorimJClamitouiis
851 5542 1179 5624 od'lsiqcramlntissio·
1234 5560 1328 5611 ronas,
1343 5546 1377 5601 ad
1392 5547 1551 5618 praedictum
1573 5550 1705 5622 ligerim.

378 5622 507 5706 deensis
521 5617 655 5701 discesit,
671 5630 687 5671 a
701 5612 841 5671 Gaudrrdo
856 5628 984 5685 episcopo
999 5612 1106 5673 oblatus
1119 5618 1180 5673 llu-
1271 5617 1312 5686 (rt)
1327 5618 1464 5675 llanames
1473 5635 1494 5675 n
1508 5619 1533 5676 is
1546 5621 1606 5691 tuit,
1618 5622 1823 5681 Remiselectus
1832 5626 1993 5698 annotate,
2016 5638 2049 5687 et

376 5692 640 5845 ‘otntbfflbatiefasm
654 5754 760 5840 pridem
769 5752 939 5839 lumilisritas
948 5754 1143 5838 intertldalsm
1156 5766 1183 5841 et
1237 5690 1311 5826 Ηῗέ)
1318 5688 1517 5843 mezzi&
1528 5761 1636 5833 t'ltqte,
1644 5762 1780 5846 oppidum
1787 5766 1992 5847 Nortbmadniae
2007 5770 2046 5829 ad

376 5826 938 5978 ἪῧᾙὶυὲῗὲεὲἐῗᾝωῗιξξὲεῑὲΙα
964 5826 1040 5883 disca
1062 5830 1183 5888 dnsdms
1239 5828 1357 5887 llrcllum
1371 5830 1437 5891 ilur.
1452 5842 1523 5891 mter
1535 5834 1696 5892 ilortanram
1712 5841 1739 5893 et
1753 5836 1878 5909 Samum.
