4750 6725
436 633 490 689 783

941 594 1393 681 amunat'mnrntntmvsrs
1411 618 1574 683 nonnum

2049 638 2107 694 tat

435 762 492 817 tem
506 773 630 830 omasus,
660 742 780 814 mama
810 751 877 809 mihi
902 752 1054 807 futurorum
1081 746 1233 815 scientiam,
1248 746 1277 808 Α
1293 746 1467 807 institutionis
1482 751 1770 813 debetuerristianis
1785 757 1819 815 da
1841 760 1892 816 bac
1918 760 1976 817 vita
2000 771 2104 819 trans-

436 864 519 922 qnam
533 864 587 904 non
602 847 699 915 habeo,
719 861 753 902 ex
767 844 801 899 iis
815 858 876 913 qna
890 840 962 896 lactu
971 838 1096 909 soiojure
1105 836 1236 891 deriden-

435 938 487 994 dus
500 951 653 1009 arrogasse.
672 934 723 990 lllo
737 932 829 1005 igitur,
844 938 874 985 ut
887 928 1015 996 diximus,
1038 925 1234 997 praetermisso,

435 1040 487 1083 noa
501 1025 649 1098 gloriosum
662 1023 772 1078 Patrem
787 1018 946 1077 Oswaldum
959 1016 1017 1086 jam
1032 1014 1155 1085 proxime
1175 1028 1234 1069 coe-

435 1114 479 1172 los
491 1112 640 1186 petiturum
654 1110 838 1182 descripturos
851 1122 901 1163 sua
915 1119 999 1179 prece
1012 1117 1142 1175 mgsmus
1160 1100 1234 1157 idem

433 1204 511 1259 Pater
524 1205 631 1257 tueatur
643 1208 671 1256 et
685 1198 808 1269 adjuvet.

467 1291 502 1347 Ut
516 1289 601 1363 igitur
614 1287 733 1343 famulus
760 1285 857 1342 Christi
885 1284 1032 1341 Oswaldus
1059 1280 1234 1339 Rameseiam

432 1379 522 1451 liquit,
534 1376 699 1449 Wignmam
713 1374 793 1431 adiit.
817 1374 933 1446 Spiritus
959 1374 1062 1445 quippe
1083 1368 1233 1437 charitatis,

434 1468 480 1539 qui
495 1466 523 1521 in
537 1480 571 1523 eo
583 1465 657 1521 circa
666 1464 866 1536 wigornenses
876 1479 926 1533 per
938 1462 1054 1535 gratiam
1069 1475 1146 1515 snam
1163 1473 1235 1513 sem·

430 1554 757 1628 perterrentiorerat,ea
770 1566 800 1607 re
814 1550 879 1606 illuc
901 1566 1027 1607 cumnon
1049 1548 1147 1619 injuria
1173 1561 1235 1601 ere-

433 1646 505 1701 ditur
518 1640 675 1709 adduxisse,
691 1640 754 1713 quia
772 1648 886 1695 noverat
897 1638 974 1694 illum
989 1654 1022 1695 eo
1036 1636 1135 1709 potiori
1152 1644 1235 1693 aeter-

1288 836 1376 893 ituris.
1392 837 1453 907 Quo
1467 840 1505 895 illi
1520 843 1614 899 audito
1633 844 1659 898 in
1675 845 1794 919 gemitus
1807 854 1834 903 et
1848 848 1989 923 lacrymas
2005 870 2106 909 emm-

1289 932 1364 996 punt,
1381 928 1518 984 nnnillius
1531 930 1628 1002 gloria
1641 932 1755 1004 perenni
1778 936 1908 1010 adquam
1924 944 2103 1011 properabat
2172 1002 2173 1021 ,

1289 1014 1451 1085 invidentes,
1467 1018 1517 1073 sed
1529 1034 1589 1074 cum
1605 1029 1728 1091 patemae
1742 1023 1837 1094 pietati
1849 1042 1901 1097 qua
1912 1030 2105 1099 privabantur

1288 1102 1349 1173 pios
1364 1102 1475 1160 affectus
1489 1105 1688 1180 impendentes,
1705 1120 1759 1167 tum
1788 1129 1865 1169 auam
1893 1116 2102 1177 desolationem

1289 1207 1371 1265 quam
1386 1200 1459 1249 tanto
1483 1195 1561 1251 Patre
1588 1196 1676 1254 orbati
1704 1216 1734 1256 se
1749 1217 1880 1271 passuros
1894 1221 1949 1261 non
1980 1208 2101 1265 dubita-

1289 1278 1355 1335 bant
1369 1296 1461 1337 amare
1475 1282 1615 1341 dallentes.
1626 1286 1766 1344 Exhibent
1781 1298 1871 1347 tamen
1887 1293 1926 1349 illi
1942 1297 2018 1365 qnod
2052 1316 2101 1371 pe

1288 1366 1381 1431 lebat;
1403 1380 1428 1426 et
1453 1372 1552 1444 grandi
1569 1390 1687 1431 moernre
1716 1381 1894 1449 consternati,
1926 1396 2100 1455 sequentem

1289 1466 1395 1513 noctem
1411 1461 1555 1530 permulta
1577 1463 1687 1531 secula
1707 1465 1729 1521 si
1750 1465 1806 1522 lieri
1834 1470 1930 1539 possit,
1960 1476 2101 1543 optabant

1289 1546 1427 1617 protelari.
1443 1548 1474 1603 ln
1488 1565 1541 1620 qua
1556 1554 1635 1606 nocie
1649 1552 1707 1624 ipse
1730 1554 1819 1622 Pater,
1847 1572 1879 1613 ac
1903 1559 1924 1613 si
1951 1561 2101 1633 languoris

1289 1650 1343 1706 qun
1362 1634 1503 1692 tenebatur
1515 1638 1630 1708 oblitus,
1645 1640 1738 1697 boram
1754 1652 1895 1702 nocturnae
1910 1648 2006 1721 vigilas
2021 1669 2100 1723 prae-

435 1733 555 1790 noevitm
573 1730 686 1798 praemio
711 1728 812 1785 debere
839 1729 1007 1784 remunerari
1017 1742 1071 1799 quo
1098 1727 1125 1781 in
1138 1722 1237 1795 majori
1289 1723 1410 1793 veniens,
1422 1733 1500 1795 prout
1514 1742 1571 1783 sum
1585 1731 1788 1787 consuetudinis
1799 1734 1904 1806 jugiter
1917 1751 1981 1793 esse
2014 1741 2097 1797 solc-

437 1819 658 1882 veraecharitatis
680 1816 779 1874 affectu
800 1817 864 1873 huic
889 1818 952 1874 vitre
969 1815 1145 1872 decedentem
1163 1830 1234 1871 con-
1289 1811 1346 1879 bat,
1361 1813 1503 1869 ecclesiam
1517 1816 1602 1887 petit;
1618 1816 1710 1888 ibique
1725 1820 1811 1876 noctis
1825 1820 1943 1879 officium
1966 1828 2098 1898 explens,

437 1912 552 1983 tingeret
566 1908 697 1965 inveniri.
716 1906 813 1961 blansit
826 1906 918 1977 itaque
932 1906 971 1961 ibi
986 1904 1105 1976 quandiu
1120 1904 1148 1959 in
1170 1918 1235 1961 cor·
1289 1901 1426 1957 residuum
1441 1902 1520 1974 spatii
1535 1904 1608 1975 quod
1621 1904 1693 1961 diem
1708 1924 1793 1979 usque
1808 1910 1972 1969 tendebatur
1995 1915 2098 1973 divinis

438 2015 508 2072 pore
521 1998 633 2066 mansit,
653 1996 751 2052 diebus
769 2011 802 2052 ac
819 1995 944 2051 noctibus
961 1995 1019 2051 Deo
1037 1993 1189 2062 intendens,
1210 1998 1236 2047 et
1288 1985 1414 2045 laudibus
1428 2007 1478 2063 pro
1493 2008 1570 2049 more
1584 1995 1701 2067 pervigil
1717 1996 1858 2067 expondit.
1878 2000 1912 2056 Et
1923 2002 1969 2057 tali
1982 2004 2096 2075 quidem

434 2090 487 2145 iter
501 2103 580 2144 suum
595 2086 677 2142 enodi
692 2085 727 2141 ad
747 2084 834 2140 mum
857 2090 915 2140 toto
929 2082 1071 2140 conamine
1084 2097 1181 2155 purum
1197 2080 1274 2161 abB
1290 2078 1373 2135 modo
1387 2088 1467 2136 nocte
1495 2080 1541 2136 illa
1552 2082 1607 2137 suis
1621 2083 1837 2142 dimensionibus
1850 2090 2005 2161 terminate,
2034 2094 2096 2148 lra-

436 2178 510 2236 omni
524 2174 663 2233 obstaculo
678 2172 791 2231 iaciens.
813 2172 856 2229 Ob
871 2190 932 2245 quae
959 2172 1056 2228 labora
1074 2179 1101 2227 et
1118 2171 1231 2241 insuper
1285 2166 1472 2224 tribusilluxit
1486 2168 1629 2227 metuenda
1643 2172 1711 2241 dies,
1729 2173 1755 2227 in
1789 2192 1842 2245 qua
1874 2184 1911 2246 te,
1937 2182 2093 2239 reverende

435 2268 512 2323 senio
526 2264 624 2335 lessus,
653 2264 784 2336 languore
802 2262 949 2334 corripitur
962 2260 1051 2334 gravi,
1080 2274 1131 2331 per
1148 2274 1228 2331 quern
1284 2256 1364 2312 Pater
1378 2256 1513 2327 Osrvalde,
1531 2260 1680 2333 susciperet
1694 2260 1759 2317 lelix
1773 2272 1800 2320 et
1824 2265 1900 2321 nullo
1931 2267 2092 2325 claudenda

432 2370 464 2413 se
478 2353 613 2411 intellexit
626 2353 693 2409 alias
706 2352 741 2407 de
755 2352 807 2407 ista
821 2351 879 2407 vita
893 2350 994 2406 vocari.
1010 2350 1132 2405 Aderant
1159 2347 1230 2403 sacri
1284 2345 1400 2402 lermino
1414 2346 1501 2417 quies.
1517 2348 1573 2404 llac
1587 2350 1688 2405 etenim
1703 2350 1748 2407 die
1760 2362 1917 2422 percantato
1944 2357 2093 2427 psalterio,

433 2442 657 2517 Quadrugesimae
670 2440 740 2511 dies,
753 2438 928 2497 diesscilicet
942 2440 970 2495 in
988 2438 1088 2512 quibus
1113 2436 1230 2493 diversis
1285 2434 1480 2507 quodsingulis
1509 2435 1608 2493 diebus
1636 2452 1699 2494 cum
1728 2438 1842 2497 lloribns
1869 2441 1935 2500 inde
1966 2448 2094 2516 acceptis
2172 2472 2173 2479 2

431 2532 523 2591 modis
536 2531 649 2587 diluitur
661 2529 735 2602 quod
745 2528 772 2584 in
787 2528 847 2585 aliis
861 2528 923 2584 anni
947 2527 1043 2585 diebus
1071 2527 1143 2583 varia
1170 2524 1229 2582 dar·
1285 2523 1532 2580 decentaresolitus
1545 2532 1613 2594 erat,
1630 2526 1739 2583 unicum
1767 2528 1963 2602 redemptionis
1990 2534 2095 2592 burna·
2172 2526 2173 2555 Τ

430 2638 542 2680 monum
572 2619 698 2675 illusione
721 2616 887 2689 delinquitur
914 2634 962 2673 seu
983 2615 1067 2686 bono,
1087 2614 1161 2687 quod
1175 2614 1231 2670 alio
1285 2626 1327 2667 na
1355 2610 1516 2669 sacdficium
1531 2628 1627 2669 coram
1642 2630 1672 2670 se
1691 2616 1750 2671 Deo
1783 2618 1853 2673 Petri
1883 2618 1948 2676 lecit
1975 2620 2090 2679 offerri.

432 2720 554 2782 tempore
569 2716 721 2775 exercetur,
748 2705 915 2779 diligentiori
941 2705 1031 2762 studio
1063 2704 1229 2777 invigiletur.
1285 2700 1368 2770 Cujus
1382 2698 1444 2755 dein
1472 2702 1681 2774 participatione
1704 2704 1834 2773 relectus,
1862 2707 1966 2764 obitum
1997 2726 2093 2781 suurn,

433 2804 465 2858 ln
479 2796 750 2855 usubabebatidem
766 2798 876 2851 antistes
896 2793 1010 2867 singulis
1024 2793 1120 2848 diebus
1134 2800 1232 2864 prater
1285 2804 1366 2861 quem
1382 2789 1481 2845 instare
1508 2790 1619 2863 sciebat,
1648 2793 1713 2863 ejus
1728 2793 1828 2850 invicta
1844 2797 1944 2853 virtute
1959 2801 2094 2856 munivit.

436 2890 515 2958 alios,
531 2902 601 2959 quos
628 2885 751 2959 quotidie
777 2885 936 2939 innumeros
964 2882 1064 2951 alebat,
1086 2880 1232 2937 duodecim
1286 2880 1323 2933 Ac
1338 2878 1448 2932 demum
1476 2879 1733 2938 totiusdieiofficio
1762 2884 1788 2937 in
1803 2883 1935 2941 bonorem
1949 2886 2002 2943 Dei
2022 2906 2094 2961 per·

432 2991 582 3048 paupemm
592 2974 679 3046 pedes
706 2972 828 3041 abluere,
843 2970 1028 3029 deosculando
1042 2970 1117 3026 enne
1132 2984 1164 3025 ac
1176 2968 1231 3023 lin·
1286 2966 1435 3035 celebrato,
1450 2968 1528 3037 quasi
1543 2969 1724 3026 convaluisset
1737 2971 1772 3028 de
1796 2972 1960 3043 infirmitate,
1992 2994 2094 3035 surre-

435 3074 479 3120 teo
494 3071 611 3135 tergere,
627 3061 755 3117 manibus
769 3076 867 3131 aquarn
883 3059 1006 3128 sundere,
1022 3058 1146 3113 denarios
1158 3074 1232 3129 prte-
1287 3056 1343 3120 xit;
1360 3064 1386 3111 et
1395 3055 1535 3111 monachis
1549 3058 1728 3129 nequicquam
1756 3060 1946 3118 insistentibus
1974 3072 2006 3119 ut
2030 3083 2094 3124 suae
2172 3074 2173 3079 ’

436 3153 511 3221 bere,
528 3151 635 3221 stipsis
650 3150 775 3221 apposita
789 3165 884 3204 mensa
897 3147 988 3203 cibum
1003 3155 1030 3203 et
1047 3154 1141 3219 potum
1156 3144 1232 3201 sulll-
1287 3152 1412 3214 parceret
1426 3143 1614 3214 imbecillitati,
1630 3148 1712 3205 sollto
1727 3164 1804 3205 more
1818 3150 1901 3208 linteo
1928 3155 2095 3223 precinctus

434 3240 540 3296 cienter
552 3239 721 3307 ministrare,
736 3252 839 3307 eosque
853 3236 881 3291 in
895 3237 1000 3292 Pascha
1013 3236 1134 3291 vestibus
1156 3236 1234 3291 novis
1288 3233 1371 3303 pedes
1381 3246 1529 3306 pauperum
1544 3234 1621 3306 lavit,
1637 3242 1664 3292 et
1678 3237 1802 3294 osculans
1815 3254 1863 3295 eos
1887 3242 1959 3298 crine
1983 3243 2093 3300 linteo·

434 3328 543 3386 indutos
568 3342 618 3400 per
644 3325 750 3398 aliquot
774 3325 833 3383 dies
848 3326 938 3398 ipsius
952 3324 1105 3381 festivitatis
1117 3324 1144 3379 in
1161 3324 1234 3380 curia
1289 3337 1341 3393 quc
1355 3321 1477 3378 detersit.
1508 3322 1613 3392 Quibus
1641 3324 1704 3382 lotis
1730 3330 1758 3383 el
1771 3327 1925 3398 quindecim
1951 3332 2093 3404 graduum

435 3416 645 3474 suahouorilice
672 3415 889 3472 secumhabere.
905 3413 988 3470 Nulla
1006 3431 1068 3470 eum
1092 3414 1235 3469 iufirmitas
1289 3411 1410 3482 psalmis,
1439 3427 1508 3484 quos
1535 3412 1605 3469 inter
1638 3415 1727 3485 ipsum
1764 3417 1942 3474 ministerium
1969 3422 2095 3492 psallere

436 3506 587 3579 corporalis
601 3506 636 3561 ab
650 3505 708 3561 istis
721 3504 884 3571 retardabat,
910 3504 959 3559 sed
982 3519 1036 3576 quo
1063 3520 1093 3559 se
1121 3517 1234 3575 corpore
1286 3515 1396 3572 seraper
1412 3501 1497 3556 moris
1510 3501 1637 3570 habebnt,
1653 3505 1972 3577 percantatissubJunsit
1989 3510 2093 3568 Gloria

434 3594 567 3652 sentiebat
594 3594 768 3664 debiliorem,
783 3610 816 3650 eo
830 3591 885 3649 sibi
895 3593 931 3650 ad
946 3592 1118 3650 serviendum
1134 3593 1174 3648 eis
1188 3593 1234 3648 in·
1288 3587 1412 3645 Patr-iet
1419 3589 1488 3646 Fr'lt'o
1499 3594 1528 3647 ct
1536 3589 1662 3660 Spiritui
1671 3596 1781 3650 sancto,
1792 3595 1830 3650 td
1837 3597 2093 3672 quodcumpaupo·

435 3685 521 3758 gessit
534 3686 591 3742 vim
604 3683 778 3741 validiorem.
794 3684 892 3754 litjsm
902 3681 953 3738 Dei
962 3697 1075 3754 regnum
1086 3682 1234 3738 ascendere
1288 3693 1332 3732 res
1349 3677 1373 3734 ai
1387 3679 1611 3745 assurrexissent,
1629 3697 1660 3736 ac
1674 3682 1769 3738 solitas
1783 3687 1875 3755 grates
1898 3685 2093 3756 exsolvissent,

434 3773 557 3846 cupidus,
574 3772 750 3846 diequodam
779 3771 938 3838 oratorium,
967 3787 1022 3842 qun
1049 3771 1178 3827 continue
1206 3771 1234 3824 in
1288 3765 1347 3836 ipse
1362 3767 1479 3823 dicendo
1494 3767 1623 3841 Spiritui
1637 3774 1737 3827 sancto
1751 3780 1872 3828 sanctam
1888 3783 1926 3830 est
1954 3777 2094 3834 resolutus

433 3863 484 3919 Dei
496 3862 608 3919 servitio
624 3862 777 3930 tenebatur,
793 3876 854 3916 cum
874 3860 931 3915 suis
950 3858 1098 3932 egreditur,
1127 3867 1155 3916 et
1182 3858 1233 3915 sub
1288 3854 1315 3910 in
1329 3863 1459 3925 mortem,
1475 3859 1731 3930 emittensspin'tnm
1747 3877 1826 3917 suum
1850 3871 1914 3920 ante
1938 3879 2094 3936 pauperum

430 3967 492 4007 aere
507 3958 583 4006 stans
597 3949 671 4005 acies
688 3949 828 4005 oculorum
857 3949 928 4006 coelo
955 3947 1136 4004 intentissime
1163 3947 1232 4016 fixit,
1287 3943 1372 4016 pedes
1386 3944 1414 4000 in
1429 3947 1644 4013 mannstrlsti,
1661 3949 1704 4005 oui
1718 3950 1746 4004 in
1760 3951 1827 4020 ipsis
1841 3952 2006 4024 pauperibus
2029 3955 2094 4026 ipse
2172 4007 2173 4024 ,

433 4037 569 4093 Christum
584 4037 621 4092 ad
634 4052 714 4107 quem
729 4034 876 4092 anhelabat
889 4037 937 4108 pio
949 4036 1032 4093 corde
1045 4043 1073 4092 et
1087 4051 1137 4092 ora
1148 4037 1235 4092 iuten·
1288 4033 1459 4090 ministrarat.
1476 4035 1712 4106 lpsnenimtesto‚
1728 4038 1780 4094 sibi
1808 4039 1848 4108 lit,
1877 4041 1950 4112 quod
1977 4043 2024 4098 uni
2058 4061 2093 4100 ex
2172 4051 2173 4072 ¹

434 4126 487 4181 tius
501 4139 595 4181 orans.
612 4125 670 4180 Nec
685 4133 774 4180 erecta
787 4123 901 4194 lumina,
921 4132 950 4180 ut
961 4123 1001 4194 lit,
1030 4124 1085 4181 cito
1112 4124 1233 4193 dellexit,
1288 4120 1406 4178 minimis
1420 4122 1475 4178 suis
1489 4121 1518 4180 lit
1532 4125 1645 4195 (natta
1658 4141 1725 4194 xxv,
1742 4129 1798 4198 tu).
1823 4129 1968 4186 Transieus
1996 4132 2094 4205 itaque

434 4214 483 4271 sed
497 4212 575 4286 quasi
589 4213 700 4286 aliquod
716 4213 779 4269 novi
791 4228 824 4269 aa
845 4211 1006 4270 delectabile
1033 4213 1234 4285 contemplare·
1289 4211 1426 4268 aGbristo
1436 4221 1578 4283 susceptus
1593 4221 1644 4284 est,
1656 4224 1798 4286 quatenus,
1808 4217 1888 4288 juxta
1911 4219 2025 4275 verbum
2057 4221 2093 4277 il-

436 4302 543 4374 tur,ubi
558 4317 591 4359 ea
604 4301 735 4359 delirarat
747 4302 902 4359 diutissime
929 4301 986 4357 lisa
1013 4301 1129 4359 tenebat.
1159 4303 1236 4360 Unde
1289 4298 1351 4369 lius,
1374 4299 1431 4357 illic
1457 4310 1527 4357 esset
1541 4301 1588 4357 ubl
1602 4309 1628 4359 et
1642 4303 1688 4360 ille
1703 4303 1798 4373 (donn.
1810 4308 1946 4380 xvustl).
1973 4307 1998 4365 0
2026 4327 2095 4366 vere

436 4398 589 4464 presentes
606 4390 754 4447 admodum
768 4391 905 4461 admirari,
921 4391 987 4462 quid
998 4398 1073 4448 tanto
1087 4407 1169 4464 opere
1190 4392 1234 4448 in·
1289 4388 1469 4445 ministerium
1485 4388 1560 4460 lelir,
1576 4390 1648 4463 quod
1676 4393 1721 4448 sui
1734 4403 1921 4451 exsecutorem
1946 4397 1998 4453 sub
2016 4405 2096 4454 tanta

439 4489 569 4546 tueretur,
582 4480 708 4538 sciscitati
726 4479 906 4549 sunt.Qntbus
925 4481 984 4551 ipse
1005 4481 1064 4536 ait:
1089 4481 1238 4540 considero
1290 4475 1428 4534 eeleritate
1441 4479 1518 4552 regni
1533 4480 1582 4536 liei
1597 4480 1662 4536 fecit
1675 4481 1816 4540 bmredem
1834 4485 1840 4538 l
1857 4484 1890 4539 Et
1905 4493 1970 4553 tu,o
1985 4485 2094 4545 beatis·
2172 4557 2173 4560 Ἴ

439 4569 1235 4643 quoteamonapropteafittt,sustinete,qnae30,qnate-
1290 4565 1457 4634 simePuter,
1473 4583 1527 4624 non
1542 4567 1640 4639 minus,
1657 4569 1713 4627 imo
1728 4572 1814 4628 multo
1843 4573 2021 4631 excellentius
2050 4578 2095 4633 lo·
2172 4583 2173 4600 ¹

439 4673 505 4726 aar,
516 4657 1237 4732 juxtoquodmibicortccdltur,prepostemgnudla
1291 4653 1340 4723 lix,
1356 4655 1401 4726 qui
1423 4654 1527 4712 iunctus
1541 4657 1702 4726 ministerio,
1731 4659 1791 4730 ipso
1824 4660 1920 4717 eodem
1952 4676 2097 4734 momento

440 4751 655 4822 quoecrmcclo.
664 4745 1236 4820 attamenquodpercanctamtnteiqutd
1291 4759 1345 4818 quo
1360 4744 1425 4800 illud
1435 4743 1555 4801 fideliter
1567 4747 1712 4820 peregisti,
1725 4749 1751 4804 in
1765 4751 1898 4822 gaudium
1913 4751 2023 4810 Domini
2045 4757 2096 4824 tui,

440 4835 758 4904 rillnslilnnarenaltis,
769 4834 1236 4910 crasuobirelmelaccnlcrcripm
1291 4834 1333 4890 cui
1349 4831 1465 4903 servisti,
1482 4833 1555 4891 lelici
1569 4837 1683 4905 praemio
1705 4847 1893 4894 remuneratus
1919 4839 2098 4901 felicissimus

441 4926 561 4983 notabit.
573 4923 747 4982 Sataaenlm
757 4927 876 4992 eterno,
884 4939 936 4997 pro
946 4925 1238 4998 qualacasqaclalo·
1291 4921 1406 4978 introisti
1421 4921 1532 4994 (llottl.
1541 4937 1612 4994 xxv,
1628 4923 1745 4996 21).llla
1760 4926 1858 4999 gloria,
1875 4944 1927 4999 qna
1940 4935 2097 5003 coronaris,

441 5012 1239 5079 rnvttnterratnstatmecontetramttttcrasttnadta
1291 5011 1379 5068 innuit
1410 5010 1464 5067 tuis
1495 5020 1626 5084 quantum
1658 5015 1749 5086 possis
1785 5015 1838 5071 sibi
1870 5018 2002 5089 prodesse
2031 5032 2099 5079 ante

442 5119 525 5175 qnam
535 5101 1239 5175 melneamllnmt'nnsmeur,siculeslpollicitus,
1292 5099 1422 5166 Deum,si
1436 5099 1566 5174 dignaris.
1583 5103 1617 5158 Et
1631 5102 1751 5175 qnidam,
1780 5104 1881 5177 inclyto
1908 5107 1995 5176 Pater,
2025 5110 2098 5168 letis

443 5190 619 5247 introducat.
631 5189 719 5253 Dixit:
731 5198 756 5246 et
771 5190 843 5246 uude
856 5190 946 5247 luerat
959 5205 1094 5263 egmmua
1106 5192 1135 5247 in
1147 5200 1239 5248 orato-
1295 5188 1345 5244 luit
1356 5189 1412 5245 vita
1426 5197 1481 5256 tua,
1499 5189 1563 5245 felix
1579 5189 1629 5245 lull
1647 5199 1673 5247 el
1686 5207 1759 5248 mors
1786 5199 1843 5249 lua·
1874 5200 1964 5266 Atque
1990 5199 2097 5255 utinam

443 5279 514 5334 rium
530 5292 656 5333 reversus
670 5286 722 5334 est.
1294 5277 1452 5334 sentientia
1467 5278 1614 5335 saalumni
1630 5280 1677 5349 tui,
1706 5281 1779 5354 quod
1806 5283 1841 5338 sit
1867 5281 1932 5338 lelix
1960 5291 2099 5344 memoria

480 5365 1242 5441 Convocatisdeindeiratribus,bortatureosimpendere
1294 5376 1351 5436 tna,
1367 5365 1474 5440 sibique
1495 5366 1612 5422 salubris
1634 5377 1716 5439 atque
1744 5369 1867 5428 benefica
1895 5389 1977 5444 quam
2005 5375 2040 5430 ad
2075 5387 2100 5434 te

445 5453 499 5510 sibi
513 5452 695 5508 ministerium
709 5468 796 5510 sacrm
812 5454 975 5511 inunctionis
987 5471 1049 5510 cum
1063 5456 1163 5513 viatico
1182 5457 1241 5514 Da-
1295 5455 1399 5511 babent
1413 5454 1522 5511 humilis
1536 5454 1646 5513 devotio
1656 5473 1716 5514 sua.

442 5540 682 5612 minicicorporis,
720 5542 793 5613 quod
827 5541 902 5612 justa
937 5542 1016 5599 ritum
1050 5544 1243 5602 ecclesiasticas
1331 5542 1425 5614 ltaque
1439 5541 1543 5613 iratres,
1574 5545 1771 5602 l’atrem'snum
1787 5549 1850 5620 jam
1865 5549 2022 5608 delunotnm
2046 5569 2096 5611 co-

444 5712 480 5753 sx
502 5691 639 5750 Florentio
659 5699 687 5746 et
722 5693 856 5748 monacho
892 5693 1060 5750 Ramesiensi
1087 5693 1239 5768 colligitur.
1296 5695 1399 5752 reatina
1411 5701 1500 5751 autem
1515 5695 1543 5750 id
1557 5695 1625 5752 leria
1639 5697 1769 5768 secunda,
1785 5699 1971 5758 llamesiensis
1999 5703 2099 5760 Domi-

444 5767 520 5825 Obiit
533 5763 786 5822 litbeltvinusunoo
800 5765 862 5832 lta,
878 5778 927 5819 vttt
941 5763 1002 5820 llal.
1018 5765 1097 5828 ldaii;
1120 5767 1194 5850 quod
1209 5783 1243 5822 ex
1296 5766 1678 5842 nicotertlaQuadragesimae
1692 5770 1838 5845 contigisse
1864 5772 1956 5830 tradit.
1987 5774 2098 5838 ilentius

445 5837 550 5898 eisdem
563 5842 682 5893 constat.
701 5832 848 5892 Oswaldus
861 5834 960 5890 eodem
974 5851 1046 5893 anno
1069 5836 1155 5908 pridre
1180 5837 1242 5894 Kal.
1296 5837 1458 5896 Florentius¹

445 5908 535 5970 lenit
549 5906 692 5968 deluuntur
703 5912 756 5967 est.
769 5904 800 5966 ln
814 5905 843 5963 id
851 5905 959 5980 utaque
969 5905 1148 5971 comentimt.
1176 5907 1243 5970 Flo·

420 6155 463 6255 ἒ.

428 6289 461 6334 :t
