4750 6725
434 557 482 609 att

948 550 997 606 AD
1013 541 1133 607 OPERA
1149 544 1177 604 S.
1196 538 1350 604 adstabat
1371 543 1564 604 APFENDIX.

2034 541 2095 603 273

431 693 481 748 pro
497 695 540 734 me
554 678 645 747 oretis,
661 684 688 732 et
718 683 790 732 tanto
818 675 945 730 attentius
972 677 1074 744 quanto
1098 673 1171 728 scitis
1186 689 1229 727 me
1243 672 1272 734 A
1285 673 1351 726 Tam
1362 670 1433 727 male
1447 671 1520 726 enim
1535 687 1593 726 sum
1609 669 1637 726 in
1660 669 1903 742 archiepiscopatu,
1915 677 1946 726 ut
1964 677 2050 738 certe,
2066 671 2094 724 si

430 768 466 822 de
480 766 626 823 dilectione
654 772 743 820 vestra
764 763 909 829 confidere,
940 762 1068 832 quoniam
1091 777 1230 833 nunqnam
1285 762 1343 816 sine
1358 760 1438 830 culpa
1454 760 1545 816 dicere
1567 775 1688 830 possum,
1703 759 1797 814 malim
1813 757 1846 814 de
1862 759 1916 816 bac
1927 759 1983 815 vita
2011 759 2096 815 exire

432 857 549 929 cognovi
565 871 608 910 me
622 855 711 926 magis
724 867 804 921 quiam
821 866 891 907 nunc
912 849 1078 906 orationibus
1093 851 1228 922 indigere.

1284 865 1366 921 qivana
1380 849 1420 905 sic
1433 849 1539 905 vixere.

707 1125 1197 1274 neraunrx
1262 1122 1804 1276 sannionum

1081 1342 1435 1580 aarum

425 1725 650 1886 talla
680 1725 896 1881 llltd
944 1725 1023 1879 ll
1070 1723 1338 1878 llaltltt
1380 1723 1459 1878 ll
1502 1723 1808 1882 llsttnll
1850 1723 2077 1881 ltltlt

1136 1935 1362 1960 m

458 2075 572 2130 Sanctus
586 2069 732 2126 anselmus
755 2067 838 2140 longo
866 2077 989 2140 tempore
1012 2083 1072 2122 cnm
1097 2066 1218 2136 jejuniis,
1234 2071 1261 2129 Β
1275 2067 1363 2122 veluit
1377 2067 1471 2124 decem
1486 2068 1596 2124 usuales
1611 2066 1641 2123 ¹⁸.
1664 2069 1679 2122 J
1684 2067 1753 2123 udas
1781 2084 1845 2125 vero
1860 2069 1898 2125 ita
1912 2085 2014 2126 avarus
2029 2068 2082 2126 luit

420 2161 546 2232 lacrymis
561 2168 588 2216 et
603 2157 772 2215 orationihus
801 2157 948 2228 gloriosam
964 2156 1103 2229 Virginem
1119 2171 1218 2210 exora-

419 2254 457 2310 vit
473 2258 501 2306 nt
516 2249 541 2304 ei
569 2248 701 2304 revelaret
725 2246 839 2318 qualiter
864 2245 922 2312 eius
950 2243 1021 2300 filius
1050 2252 1214 2315 passusest.

417 2338 539 2398 Tandem
555 2337 634 2393 beata
650 2337 732 2407 Virgo
751 2335 775 2390 ei
798 2335 922 2406 apparuit
935 2342 960 2388 et
976 2333 1064 2388 dixit:
1096 2334 1179 2387 Tanta
1193 2339 1220 2386 et

419 2427 483 2483 tolia
499 2441 599 2498 passus
615 2433 656 2481 est
670 2425 784 2480 dilectus
798 2421 961 2490 filiusmeus,
974 2421 1046 2495 quod
1062 2420 1150 2476 nullus
1161 2421 1219 2475 siue

418 2516 603 2586 lacvpmarum
625 2512 755 2570 effusione
776 2512 867 2568 dicere
893 2519 983 2582 potest
997 2511 1016 2564 ².
1033 2511 1146 2572 barren,
1159 2506 1221 2581 quia

418 2605 574 2678 glorificata
590 2619 660 2672 sum,
681 2601 746 2657 llere
757 2617 811 2657 non
821 2616 933 2671 possum
948 2617 954 2654 :
971 2599 1034 2654 ideo
1049 2599 1096 2653 tibi
1112 2597 1220 2668 passio·

420 2711 483 2751 nem
498 2694 554 2748 mei
569 2691 615 2746 lilii
631 2708 681 2764 per·
696 2690 818 2747 ordinem
834 2694 843 2722 ⁸
865 2687 1022 2761 explicabo.
1043 2689 1139 2743 Beatus
1153 2700 1221 2757 ergo

418 2783 562 2840 anselmus
581 2781 706 2855 quaesivit
731 2796 781 2850 per
809 2777 916 2852 singula
945 2785 971 2834 ct
986 2777 1066 2834 beata
1089 2775 1173 2834 llaria
1187 2775 1222 2831 ad

419 2873 529 2945 singula
544 2869 682 2941 respondit
695 2883 718 2923 ⁴.

668 2992 779 3048 CAPUT
807 2991 962 3047 PllltlUllr.

436 3121 474 3176 lle
489 3117 649 3176 traditorie
667 3114 777 3170 Christi
803 3129 836 3169 nc
850 3113 910 3184 ejas
923 3113 1051 3170 oratione
1067 3113 1096 3168 in
1113 3113 1205 3169 borlo.

453 3249 617 3300 Axsanuus.
627 3239 758 3308 Dicanibi,
773 3237 1065 3307 cbarissimadomina,
1083 3237 1160 3308 quale
1176 3237 1226 3295 luit

420 3333 528 3390 initium
543 3331 678 3404 passionis
694 3327 741 3385 lilii
758 3329 793 3384 tni
809 3328 823 3383 i

1274 2156 1357 2227 qnod,
1376 2157 1485 2230 qnando
1504 2157 1631 2212 denarios
1644 2156 1719 2225 vidit,
1736 2157 1870 2213 Christum
1886 2175 1936 2228 pro
1951 2160 1990 2215 eis
2006 2175 2080 2214 ven-

1274 2244 1342 2300 didit
1354 2250 1384 2313 ¹⁴,
1400 2254 1426 2299 et
1441 2245 1502 2300 licet
1517 2245 1636 2300 Christus
1663 2246 1687 2301 ei
1712 2245 1882 2316 predixisset
1903 2248 2013 2318 sepius,
2032 2253 2079 2302 ta·

1275 2350 1337 2388 men
1352 2332 1397 2388 ille
1412 2335 1497 2389 Judas
1509 2350 1560 2404 per
1574 2336 1626 2390 boc
1641 2350 1695 2389 non
1711 2334 1799 2390 iuerat
1817 2336 1977 2392 emendatus
1990 2352 2024 2390 ¹⁵.

1309 2423 1345 2476 Α.
1366 2422 1447 2477 Fuisti
1463 2430 1526 2478 tunc
1544 2438 1606 2478 cum
1627 2421 1683 2478 filio
1699 2431 1745 2478 tuo
1760 2432 1786 2477 et
1800 2422 1945 2494 discipulis
1958 2423 1978 2452 ¹⁸
1993 2424 2079 2494 ejus?

1310 2511 1347 2564 ll.
1363 2512 1424 2566 Non
1442 2529 1449 2574 ;
1477 2511 1526 2567 sed
1554 2510 1626 2566 scias
1643 2511 1715 2582 quod
1741 2513 1851 2586 quando
1867 2510 1888 2541 ¹⁷
1905 2511 1977 2567 lilius
2002 2529 2081 2568 meus

1275 2607 1438 2670 coenaveret,
1459 2607 1486 2655 et
1508 2599 1592 2670 pedes
1616 2600 1635 2630 ¹¹
1659 2599 1857 2670 discipulorum
1878 2600 2025 2667 lavaverat,
2051 2609 2080 2655 et

1276 2705 1464 2760 corpussunm
1484 2697 1511 2744 et
1535 2689 1698 2761 sangninem
1722 2688 1865 2759 discipulis
1878 2689 1992 2745 dederat
2006 2688 2038 2756 ¹⁵,
2052 2698 2080 2747 et

1276 2776 1391 2833 dulciter
1404 2777 1610 2848 predicaverat,
1626 2791 1660 2834 ac
1684 2777 1768 2832 Judas
1795 2776 1938 2848 pontifices
1959 2779 2077 2846 adierat,

1278 2864 1349 2921 salins
1364 2882 1443 2921 meus
1457 2865 1491 2921 de
1509 2872 1601 2921 monte
1624 2865 1691 2922 Sion
1703 2881 1765 2921 cum
1792 2866 1936 2937 discipulis
1960 2868 2016 2923 suis
2029 2884 2081 2938 per

1278 2963 1383 3026 portam
1398 2955 1432 3009 ad
1448 2955 1610 3011 natatoriam
1620 2957 1641 2985 ’⁰
1657 2954 1742 3024 Sitne,
1752 2955 1797 3010 nbi
1812 2963 1869 3010 erat
1880 2957 2078 3028 hortus,quem

1278 3043 1409 3111 introivit,
1427 3051 1463 3112 et,
1485 3043 1625 3115 discipulis
1653 3043 1863 3112 dormientibus,
1893 3044 2018 3102 ascendit
2046 3046 2083 3102 ad

1279 3132 1380 3188 montis
1396 3131 1496 3188 Oliveti
1511 3132 1624 3202 pedem,
1640 3140 1770 3204 quantum
1786 3132 1821 3188 ad
1832 3132 1935 3203 jactum
1951 3133 2084 3204 lapidisa

1280 3221 1431 3292 discipulis,
1448 3229 1474 3276 et
1488 3221 1576 3277 oravit
1590 3221 1630 3275 sie
1658 3222 1780 3276 Patrem:
1798 3222 1910 3278 Exaudi
1923 3221 1943 3250 ’¹
1954 3239 2009 3291 me,
2025 3225 2085 3280 Do·

1281 3312 1370 3377 miae,
1386 3311 1519 3383 quoniam
1531 3309 1652 3382 bertipnn
1675 3313 1717 3367 ert
1739 3311 1935 3369 misericordia
1951 3318 2001 3368 taa
2014 3331 2026 3375 ‚·
2040 3328 2085 3371 se·

454 3424 554 3477 Mum·
571 3420 648 3489 Qum,
655 3420 707 3475 100
725 3417 797 3473 filiu,
825 3432 900 3472 meu,
924 3433 939 3472 a
969 3433 1046 3473 effi„
1072 3416 1143 3473 fag„
1164 3433 1226 3473 cum
1243 3429 1267 3492 C
1282 3399 1408 3456 eandam
1422 3397 1640 3455 multitudinem
1662 3400 2011 3457 miserationumtanrum
2026 3417 2086 3459 res·

421 3510 563 3582 discipulis
578 3507 797 3575 suis⁷surrexit,
826 3507 911 3563 indas
935 3506 1067 3563 lscnrtnt:
1092 3506 1226 3561 sacerdo·
1281 3489 1456 3563 immme-
1483 3488 1652 3544 Nss‘lvsslffli
1683 3488 1790 3559 [mem
1812 3492 2090 3560 mmmmm

422 3608 480 3655 tum
495 3597 632 3670 principes
658 3595 733 3665 adiit,
751 3602 778 3651 et
806 3594 891 3649 filium
921 3610 1011 3650 meum
1038 3594 1157 3662 trajana,
1180 3609 1232 3664 pro

422 3690 536 3761 triginta
552 3685 672 3743 denariis
688 3683 810 3740 aerrdidit
832 3681 852 3741 ¹.

461 3782 497 3831 n.
516 3774 619 3845 Quales
635 3775 742 3829 suerunt
759 3773 798 3827 illi
814 3773 919 3829 denarii
933 3775 947 3827 ‘l

464 3866 500 3920 nl.
515 3878 525 3907 a
541 3862 695 3919 lsmaelitici
725 3862 825 3933 quibus
850 3862 933 3917 etiam
957 3862 1056 3932 Joseplr
1073 3864 1092 3893 ¹⁰
1107 3860 1233 3918 vexjitns

429 3955 481 4011 suit
496 3961 557 4008 ante
573 3958 689 4024 quatuor
703 3950 789 4005 millia
804 3965 946 4017 annorum,
971 3958 997 4005 et
1025 3950 1198 4005 haereditaria
1213 3948 1233 3979 ¹¹

430 4041 608 4099 successione
624 4039 731 4093 luerunt
755 4037 875 4094 devoluti
890 4050 910 4080 ²¹
924 4037 958 4092 ad
986 4036 1047 4092 illos
1060 4038 1169 4094 lndaeos
1185 4040 1232 4111 qui

433 4128 517 4185 filium
546 4142 639 4183 meum
672 4133 805 4191 emerunt,
837 4133 863 4182 et
892 4125 1078 4199 unusquisqne
1104 4126 1233 4182 denarius

1286 3581 1308 3611 ¹⁸
1321 3577 1454 3651 quonum
1475 3576 1604 3643 tribulor,
1621 3578 1753 3633 uelociter
1776 3577 1884 3634 eraudi
1896 3592 1952 3633 me.
1969 3578 2090 3636 Intende

1286 3668 1392 3722 antrnoe
1406 3681 1477 3720 meae
1490 3668 1521 3721 et
1536 3664 1624 3721 ittera
1645 3680 1719 3732 eom,
1734 3670 1851 3738 propter·
1864 3666 1997 3724 inimicos
2012 3683 2092 3726 meos

1287 3757 1364 3827 eripe
1378 3754 1526 3825 nretl’sot.
1543 3770 1643 3822 nxvrn,
1662 3755 1770 3828 tv-ta).

1323 3854 1354 3905 Δ.
1370 3850 1460 3920 Quare
1474 3850 1562 3906 orarit
1576 3851 1590 3903 ‘l

1323 3950 1359 4005 n.
1374 3949 1490 4019 Propter
1518 3957 1572 4005 tres
1599 3948 1728 4006 rabones.
1757 3948 1856 4022 Prima,
1885 3951 1952 4025 quia
1973 3952 2091 4011 delicate

1288 4038 1405 4092 nutritus
1419 4037 1478 4106 luit,
1494 4043 1587 4107 utpote
1597 4035 1669 4091 lilius
1682 4037 1803 4109 Virginis
1816 4048 1844 4096 et
1857 4040 1892 4097 de
1905 4042 1989 4111 stirpe
2011 4042 2091 4115 regia

1288 4136 1378 4195 natus,
1395 4124 1458 4198 quia
1472 4126 1580 4182 nobiles
1601 4124 1689 4199 magis
1701 4124 1804 4197 dolent,
1820 4130 1928 4203 quando
1944 4130 2088 4200 laeduntur,

1091 4252 1201 4307 tutata
1220 4251 1428 4309 LECTlONES.

472 4351 610 4411 :caturae
628 4354 670 4407 est
684 4366 750 4407 cam
764 4364 817 4406 ma.
837 4349 950 4407 Tlaaano
965 4350 1016 4404 aaa
1031 4366 1083 4405 nas.
1100 4349 1226 4405 Planctus
1241 4350 1326 4406 beate
1341 4351 1433 4406 llnriae
1453 4349 1569 4433 virginis
1597 4352 1632 4409 ad
1660 4352 1823 4409 anselmum
1840 4351 1875 4408 de
1889 4352 2016 4424 passione
2031 4354 2093 4411 Do-

438 4424 514 4483 mini.
549 4420 1070 4492 ’uentusanselmuseptseopnslongo
1099 4430 1221 4489 tempore
1245 4421 1366 4491 jejuniis,
1394 4422 1523 4492 lacrymas
1549 4431 1576 4478 et
1603 4424 1774 4479 orationibus
1789 4424 1934 4494 gloriosam
1951 4425 2093 4496 Virginem

438 4496 578 4559 exorabat,
595 4500 623 4547 nt
637 4492 662 4547 ei
677 4491 768 4547 dilecti
781 4490 829 4546 lilii
844 4494 885 4547 sui
901 4492 1055 4563 passionem
1071 4492 1228 4562 dignaretur
1257 4492 1400 4563 perfectius
1415 4493 1535 4548 revelare
1551 4511 1557 4557 ;
1574 4496 1617 4550 cni
1635 4496 1747 4550 tandem
1761 4510 1898 4565 apparens
1913 4495 1992 4551 beata
2009 4498 2095 4569 Virgo

441 4568 550 4624 dicebat
567 4582 572 4619 :
589 4566 674 4619 Tanta
690 4564 793 4627 attalia
808 4578 905 4633 passus
920 4570 960 4617 est
976 4578 1051 4617 mons
1066 4560 1136 4616 tilius
1156 4563 1330 4631 praedilectus
1345 4565 1418 4633 quod
1447 4563 1537 4617 nullus
1565 4564 1653 4623 tidelis
1681 4566 1739 4620 sine
1766 4564 2096 4636 lacrymarumeffusione

439 4647 529 4713 potest
543 4636 705 4707 exprimere,
721 4651 774 4690 mr.
791 4634 907 4690 Sanetus
920 4633 1065 4688 drrselmus
1080 4633 1162 4705 lorrgo
1176 4644 1301 4704 tempore
1315 4649 1376 4690 cnm
1405 4635 1541 4705 lacrymis,
1566 4644 1594 4690 et
1622 4636 1801 4694 orationibus.
1817 4646 1844 4691 et
1856 4636 1967 4706 jejuniis
1981 4640 2094 4710 rogavit

440 4717 561 4767 sanctam
577 4707 690 4763 llariam
706 4706 849 4773 virginem,
866 4714 896 4758 ut
909 4705 935 4759 ei
952 4705 1082 4759 revelaret
1097 4704 1211 4787 qualiter
1225 4704 1285 4775 ejus
1296 4705 1379 4760 Filias
1393 4722 1492 4775 passus
1502 4714 1551 4760 est.
1563 4707 1684 4763 Tandem
1694 4707 1775 4763 beata
1791 4707 1875 4778 Virgo
1888 4707 1938 4761 sibi
1953 4710 2092 4779 apparuit,

441 4790 468 4839 et
481 4780 563 4836 dixit.
584 4780 670 4833 Tanta
686 4783 713 4831 et
727 4776 791 4831 talia
805 4791 900 4847 passus
913 4783 953 4829 est
968 4774 1083 4829 dilectus
1097 4775 1168 4830 lilius
1181 4792 1258 4831 meus
1274 4777 1345 4847 quod
1361 4776 1451 4831 nultus
1466 4776 1525 4833 sine
1539 4776 1719 4848 lacrymarum
1734 4776 1864 4833 effusione
1877 4778 1970 4833 dicere
1983 4788 2085 4849 potest.

440 4854 553 4907 damen
569 4848 632 4920 quia
646 4846 798 4929 glorificata
812 4862 883 4913 snm,
900 4846 1016 4916 amptius
1030 4844 1097 4901 llere
1111 4862 1166 4901 non
1182 4862 1303 4917 possum,
1320 4857 1344 4902 et
1359 4847 1393 4902 ad
1407 4863 1503 4918 preces
1523 4856 1582 4903 tuas
1596 4858 1623 4904 et
1637 4865 1685 4920 pro
1699 4847 1785 4904 salute
1800 4849 1944 4905 multorum
1960 4850 2007 4904 tibi
2022 4866 2092 4921 pas·

441 4924 543 4977 sionem
560 4920 612 4973 mei
628 4919 687 4974 Filii
704 4918 887 4988 perordinem
903 4933 960 4972 ma.
980 4918 1082 4971 Tamen
1098 4918 1160 4988 quia
1174 4917 1323 4989 gloriliceta
1335 4934 1404 4985 sum,
1426 4918 1491 4973 llere
1506 4934 1560 4975 non
1576 4936 1703 4990 possum:
1720 4920 1783 4975 ideo
1797 4920 1846 4973 Fili
1863 4920 1915 4975 mei
1931 4922 2090 4991 passionem

442 4991 642 5065 perordinem.
675 4990 768 5044 ⁴Beata
782 4989 865 5052 vir-ao
878 4988 914 5043 ad
925 4988 1033 5060 singula
1049 4989 1231 5059 respondebat
1258 5006 1311 5045 rna.
1337 4990 1416 5043 beata
1439 4989 1524 5043 llaria
1538 4988 1572 5043 ad
1593 4991 1699 5057 singula
1719 4990 1868 5061 respondit.
1901 4991 1945 5046 'ln
1958 5006 2012 5048 mr.
2027 5009 2089 5050 nora

441 5062 682 5133 eatcnpitnloram
698 5060 857 5127 distinctio,
872 5075 923 5116 nee
934 5064 1001 5115 sant
1018 5059 1106 5115 titali.
1140 5060 1314 5116 alnselmns.
1337 5061 1386 5116 llic
1402 5060 1476 5128 mibi,
1506 5061 1666 5117 charissima
1680 5061 1806 5126 Domina,
1818 5060 1897 5130 quale
1912 5062 1962 5117 latit
1975 5062 2088 5119 initium

442 5134 578 5207 passionis
594 5131 655 5185 Filii
671 5132 731 5184 tui‘l
747 5131 813 5185 liar.
825 5129 950 5199 Quando,
967 5138 1031 5195 etc,
1046 5146 1103 5186 ms.
1121 5130 1250 5198 Quaesivit
1263 5147 1329 5202 ergo
1344 5133 1443 5201 primo,
1457 5140 1485 5198 ,et
1511 5132 1580 5187 dixit
1596 5150 1602 5185 :
1632 5132 1797 5189 Clearissima
1812 5132 1936 5200 Domina,
1962 5134 2007 5190 dic
2020 5136 2090 5190 milri

442 5203 557 5275 qualiter
570 5201 662 5273 passio
677 5200 736 5255 Filii
753 5201 788 5255 tui
803 5202 925 5255 inchoata
940 5208 991 5269 cst,
1012 5201 1158 5271 Respondit
1186 5202 1279 5266 llario,
1309 5202 1427 5272 quando,
1443 5209 1495 5257 etc.
1528 5204 1606 5256 varim
1632 5202 1772 5274 discipulis
1786 5203 1842 5257 suis
1856 5220 1910 5260 mr.
1926 5206 2010 5260 omit.
2029 5207 2091 5261 suis

439 5274 607 5329 rTradens...
623 5271 762 5343 argenteis
775 5288 830 5326 mr.
851 5272 1135 5327 tradidit...danariis.
1167 5270 1456 5327 ’llariallismaelitici
1476 5290 1529 5328 rna.
1558 5274 1995 5344 llariorespondit:lsmnelitici.
2030 5276 2091 5333 ”Et

437 5346 538 5415 loseph
554 5360 606 5399 mr.
622 5343 702 5399 etiam
725 5342 835 5411 Josepb.
869 5343 987 5397 ¹¹llultos
1002 5358 1098 5409 annos,
1115 5351 1142 5397 ot
1156 5343 1327 5399 hereditaria
1341 5360 1393 5399 ms.
1406 5351 1520 5414 quatuor
1533 5343 1620 5398 millia
1634 5360 1776 5414 annorum,
1791 5345 1973 5400 hereditaria.
1992 5345 2089 5403 ¹'Fue-

439 5423 501 5471 rant
515 5414 636 5471 devoluti
650 5430 703 5469 ms.
720 5413 828 5468 luerunt
843 5413 971 5467 devoluti.
1004 5414 1220 5495 ¹'Unusquisque
1244 5414 1373 5469 denarius
1401 5414 1510 5469 valebat
1539 5416 1652 5486 triginta
1679 5416 1786 5471 usuales
1798 5432 1853 5472 mr.
1869 5416 1983 5487 quilibet
1996 5417 2090 5474 dena-

440 5484 837 5543 rinsvaluitdeeemusnales.
871 5484 1102 5539 ¹⁴Tamuvnrns...
1120 5486 1296 5541 tradiditrna.
1313 5485 1348 5539 ite
1376 5501 1506 5541 avarus...
1540 5484 1671 5541 vendidit.
1704 5486 1829 5543 ¹'Tarrren
1854 5488 1901 5542 ille
1927 5488 2012 5543 ludas
2038 5506 2091 5558 per

440 5560 494 5613 laoc
510 5572 563 5611 non
579 5556 663 5610 lueret
679 5554 845 5610 emendatus.
861 5570 912 5623 ms,
929 5554 977 5609 sed
992 5554 1036 5609 ille
1050 5572 1099 5625 per
1114 5557 1164 5611 lroc
1179 5572 1209 5611 se
1224 5573 1277 5611 non
1293 5556 1495 5612 emendaverat.
1537 5554 1633 5612 “Tunc
1647 5572 1708 5613 cum
1735 5557 1790 5612 illio
1815 5565 1870 5628 tuo,
1898 5567 1925 5613 et
1948 5557 2090 5629 discipulis

440 5645 494 5685 ms.
511 5626 615 5684 tuncin
631 5625 820 5682 consiliorum
843 5625 997 5694 Dissipatis.
1031 5626 1129 5682 ¹'Scias
1150 5627 1328 5698 qnandoms.
1348 5627 1505 5699 sciasqnod
1526 5628 1645 5697 qnando.
1679 5625 1735 5682 ²'Et
1761 5629 1869 5701 quando
1888 5631 1972 5711 pedes
1989 5646 2043 5685 ma.
2061 5641 2089 5688 et

439 5700 535 5773 pedes.
567 5697 621 5754 ”Et
634 5712 680 5753 cor
701 5712 732 5751 us
746 5712 823 5751 sunm
843 5704 869 5750 et
883 5697 1047 5768 sangninem
1063 5714 1141 5753 snum
1160 5698 1300 5771 discipulis
1317 5698 1437 5763 dederat,
1453 5714 1507 5754 mr.
1536 5698 1640 5771 Corpus
1666 5714 1745 5755 suum
1760 5707 1788 5757 et
1801 5716 1961 5774 sangmnean
1973 5700 2090 5761 dederat

440 5770 590 5844 discipulis.
624 5713 860 5827 ”refuntanda
875 5784 928 5827 mr.
944 5768 986 5823 Ad
1013 5768 1185 5829 natatoriam.
1219 5768 1335 5832 ”Oravit
1349 5770 1390 5831 sic
1405 5770 1529 5829 Panem:
1558 5769 1664 5834 aranu
1693 5786 1745 5833 mr.
1769 5771 1905 5837 aravium
1919 5771 2027 5835 aetram
2040 5772 2087 5838 di-

438 5858 504 5927 ‚ccns
519 5861 526 5925 ς
543 5836 718 5923 cannara
730 5852 815 5922 puero
829 5844 877 5903 tuo
890 5854 944 5902 nr.
961 5853 1048 5919 arne,
