4750 6725
388 593 441 657 tlt

904 604 951 665 tto
971 601 1088 663 orsas
1107 601 1135 661 S.
1155 598 1308 661 nusstntt
1325 600 1517 661 Arrsuotx.

1982 606 2034 666 ate

389 737 503 783 concers
518 727 621 786 exstitit
634 746 717 805 quam
730 739 770 804 tu,
784 732 863 806 eujus
877 732 1051 792 subsistentia
1072 732 1107 790 eb
1130 731 1185 788 ιιι-
1199 726 1229 791 Α
1243 734 1268 783 ιι
1282 744 1316 785 ιι
1330 743 1370 798 re,
1387 744 1551 802 quesumus,
1567 745 1601 789 ne
1613 728 1676 807 jugi
1690 728 1883 791 misericordiae
1897 746 1951 807 que
1969 744 2037 807 erge

392 813 511 888 pletions
525 818 669 876 voluntatis
683 820 744 892 ejus
769 838 907 894 nunquam
928 824 1016 881 etiosa
1039 822 1099 879 init.
1115 820 1189 879 Velis

393 903 485 978 itaque
498 907 681 980 solummedo,
693 910 813 979 dominu,
823 920 851 968 ut
864 914 911 968 ille
922 912 1092 984 justissimus
1101 911 1189 982 judex

393 994 472 1049 nobis
493 994 670 1068 misereatur3
691 1000 815 1071 prolecto
836 1002 941 1073 justum
963 1002 1023 1068 erit,
1046 1000 1119 1056 nullu
1141 1016 1187 1056 re-

395 1081 469 1138 tione
496 1082 655 1155 obsistente,
677 1096 705 1143 ut
733 1088 804 1146 uelle
830 1097 905 1146 tuum
938 1089 1102 1162 perficiatur.
1126 1088 1189 1145 Noli

397 1184 476 1241 ergo,
492 1171 548 1228 noli
561 1183 675 1245 propter
688 1176 916 1244 misericordiam,
932 1180 1008 1251 cujus
1022 1182 1109 1234 mater
1129 1192 1191 1233 esse

395 1257 535 1328 probaris,
551 1263 631 1318 nobis
646 1265 736 1336 desse,
751 1268 815 1339 quis
831 1268 902 1324 velle
916 1276 992 1323 tuum
1006 1283 1062 1322 nen
1075 1274 1190 1339 postpo-

395 1354 441 1401 net
457 1346 485 1402 in
500 1348 588 1406 salute
602 1362 705 1419 nostra,
722 1356 768 1427 qui
779 1364 807 1410 ut
821 1356 958 1412 seluemur
971 1357 1059 1411 iectus
1079 1363 1119 1411 est
1143 1370 1192 1425 per

395 1440 422 1490 te
437 1435 522 1492 lrsler
534 1448 633 1495 noster.
651 1442 674 1499 0
688 1444 756 1498 mira
770 1446 892 1515 operatio
919 1444 1071 1501 Conditoris
1084 1447 1090 1498 l
1105 1460 1122 1500 o
1136 1444 1191 1497 im·

395 1538 490 1581 mensa
518 1528 669 1587 consolatio
695 1533 902 1602 peccatorislo
929 1534 1051 1601 domiue,
1066 1532 1090 1587 si
1120 1531 1192 1587 lilius

396 1617 460 1667 tuus
474 1622 514 1669 est
528 1615 614 1673 factus
628 1635 679 1690 per
693 1627 720 1676 te
736 1621 819 1678 frater
831 1631 935 1688 noster,
950 1639 1039 1678 nenne
1053 1630 1081 1677 et
1099 1628 1126 1675 tu
1141 1634 1192 1691 per

397 1698 472 1755 illum
489 1704 560 1759 laeta
573 1721 604 1761 es
618 1716 704 1764 mater
718 1711 834 1767 nostre?
849 1712 908 1767 Hoc
922 1711 994 1766 euim
1003 1710 1061 1781 jum
1073 1716 1191 1764 mortem

1242 832 1338 874 omnes
1351 820 1481 875 hacteuus
1495 836 1597 892 usses,
1613 822 1666 880 alia
1679 821 1716 877 sis
1730 837 1812 895 quem
1837 829 1863 879 le
1884 823 2036 879 certissime

1243 906 1355 963 scimus.
1375 908 1408 963 Et
1421 910 1522 981 utique,
1538 910 1659 981 domins,
1675 926 1731 967 non
1746 918 1771 967 te
1785 911 1864 967 decet
1885 927 1901 966 ι
1925 908 1971 966 lilii
1995 911 2037 965 tui

1243 995 1382 1053 voluntate
1403 997 1567 1070 discrepare,
1590 1000 1636 1071 qui
1668 1000 1703 1056 sd
1732 1000 1915 1056 miserandum
1944 998 2039 1073 generi

1244 1086 1362 1142 humano
1377 1102 1405 1141 se
1419 1090 1526 1143 nulurae
1549 1094 1647 1147 noslrae
1669 1096 1821 1146 consortem
1845 1088 1930 1145 vultui
1953 1090 2040 1145 Patris

1245 1174 1287 1229 sui
1309 1190 1362 1229 nou
1386 1181 1475 1231 cesset
1507 1178 1662 1249 perenniter
1690 1177 1893 1234 demonstrare.
1918 1178 1951 1233 lit
1979 1176 2040 1249 ipsa

1245 1271 1349 1319 naturae
1370 1271 1469 1320 nestrae
1493 1266 1686 1322 demonstratio
1708 1266 1772 1338 quid
1796 1265 1868 1323 aliud
1891 1274 1933 1323 est
1957 1281 2040 1338 quam

1245 1350 1280 1406 ed
1301 1351 1507 1423 provocandum
1532 1370 1614 1425 super
1642 1370 1692 1411 nes
1720 1353 1934 1412 misericordiam
1962 1369 2039 1409 suam

1246 1441 1370 1510 quiedam
1394 1440 1537 1497 ineffabilis
1558 1442 1666 1513 pietatis
1687 1443 1814 1499 incitatio.
1835 1445 1866 1498 ln
1886 1443 1947 1513 ipso
1967 1442 2039 1498 euim

1245 1528 1296 1582 sibi
1311 1530 1508 1601 complacuisse
1523 1532 1603 1586 Pater
1618 1532 1676 1602 ipse
1692 1539 1819 1601 testatur;
1837 1547 1887 1588 nec
1906 1530 1963 1585 lieri
1985 1546 2038 1601 po-

1245 1623 1297 1672 test
1317 1625 1346 1671 ut
1368 1618 1466 1688 quibus
1488 1619 1546 1688 ipse
1565 1619 1621 1675 vult
1643 1620 1775 1689 misereri,
1791 1636 1845 1675 nou
1866 1619 2039 1675 misereatur.

1246 1704 1375 1761 Summus
1392 1705 1473 1779 igitur
1487 1706 1574 1763 Peter
1587 1708 1766 1779 participibus
1781 1708 1839 1763 Filii
1854 1708 1894 1763 sui
1908 1708 1965 1763 vult
1985 1704 2039 1763 mi·

396 1802 450 1858 pro
472 1792 552 1847 nobis
576 1794 711 1853 subiturus
735 1799 762 1853 iu
784 1814 865 1855 cmee
886 1799 955 1854 dixit
976 1798 1084 1866 loanni,
1099 1798 1192 1868 utique
1246 1794 1339 1859 sereni,
1356 1802 1381 1849 et
1396 1794 1457 1866 ipse
1473 1796 1555 1851 Filius
1569 1812 1619 1853 ees
1640 1796 1741 1869 ingerit
1761 1812 1811 1867 pre
1833 1812 1864 1853 se
1884 1795 2039 1869 conspectui

397 1876 506 1945 Jounui,
523 1895 573 1937 nee
587 1884 658 1940 aliud
673 1903 755 1959 quam
770 1902 820 1944 nos
842 1888 869 1943 in
893 1896 990 1943 natura
1013 1904 1071 1943 suna
1095 1885 1192 1942 cendi·
1243 1880 1441 1939 misericordiae
1456 1884 1541 1939 Putris
1555 1884 1613 1949 sui;
1630 1894 1657 1940 et
1670 1890 1699 1941 tu
1714 1885 1797 1942 unice
1811 1886 1897 1941 lister
1915 1884 2039 1955 ejusdem

397 1963 616 2026 tionishubeuti:
629 1974 958 2048 Eece,inquieus,rualer
969 1978 1119 2045 tenorent.
1131 1990 1192 2039 ιιι,
1246 1970 1318 2025 unici
1333 1970 1393 2025 Filii
1408 1971 1456 2027 Dei
1479 1972 1623 2043 repelleres
1645 1973 1679 2029 ab
1699 1973 1828 2029 uberibus
1849 1972 2039 2029 misericordia

397 2054 454 2123 at).
471 2054 495 2111 0
510 2068 636 2127 peccator
651 2063 743 2131 borno,
758 2065 857 2137 gaude,
873 2063 1109 2138 gaudeetexsulta
1121 2081 1128 2126 ;
1138 2078 1193 2117 uon
1207 2080 1234 2141 Β
1250 2064 1302 2114 luce
1318 2075 1395 2130 quos,
1412 2068 1439 2115 ιιι
1454 2061 1521 2129 dixi,
1537 2070 1565 2118 et
1581 2063 1659 2119 Pater
1674 2062 1731 2117 Filii
1747 2070 1773 2118 et
1789 2062 1860 2117 idem
1876 2062 1935 2133 ipse
1957 2060 2042 2116 filius

400 2146 443 2197 est
464 2144 536 2199 enim
561 2148 633 2204 unde
656 2150 795 2223 desperes,
810 2170 865 2209 nou
888 2162 929 2210 est
949 2153 1021 2224 quod
1044 2152 1193 2219 lonnides3
1250 2155 1348 2205 vocant
1362 2156 1390 2204 et
1402 2158 1532 2205 revocant
1546 2150 1573 2205 iu
1587 2150 1674 2205 sinum
1689 2149 2042 2224 gratiaetuaei'luexaspe-

401 2232 532 2302 quidquid
554 2236 722 2305 judicabitur
744 2241 779 2297 de
800 2250 835 2308 te,
853 2250 936 2297 totum
959 2241 1061 2314 pendet
1081 2256 1115 2296 ex
1138 2256 1197 2294 sen·
1249 2237 1348 2293 vareris
1362 2248 1457 2295 ιοιιιιι
1475 2256 1525 2296 nos
1548 2250 1659 2311 propter
1678 2240 1832 2311 iniquitates
1852 2246 1967 2307 nostras,
1982 2254 2044 2293 eum

399 2320 483 2375 tentia
498 2321 588 2379 fratris
601 2333 627 2381 ιι
642 2329 733 2384 matris
745 2337 807 2387 tuae.
823 2333 865 2387 Ne
884 2348 951 2403 ergo
975 2338 1082 2387 avertas
1102 2344 1195 2384 aurem
1247 2324 1333 2381 Filius
1362 2333 1432 2391 tuus,
1449 2344 1531 2399 quem
1561 2329 1681 2383 maxime
1709 2327 1882 2394 offendimus,
1904 2328 1985 2382 morti
2013 2342 2044 2382 se

400 2408 492 2465 cordis
508 2411 545 2465 lui
565 2428 581 2467 u
603 2416 715 2473 consilio
736 2418 854 2476 illorum.
870 2420 957 2475 ludex
980 2428 1055 2487 tuus,
1070 2417 1196 2475 videlieet
1249 2414 1358 2469 tradidit
1373 2430 1424 2485 pro
1439 2416 1563 2472 delendis
1579 2416 1765 2489 iniquitatibus
1779 2416 1903 2473 uostrisl
1918 2415 2046 2473 Severior

400 2496 486 2552 irater
507 2506 577 2567 tuus,
593 2503 684 2560 docuit
706 2514 732 2561 ιι
753 2507 848 2580 lugere
871 2508 906 2564 ad
926 2509 1079 2565 subsidium
1102 2506 1197 2563 matris
1249 2503 1376 2559 videlieet
1391 2505 1437 2561 illo
1449 2522 1521 2561 esses
1535 2522 1615 2578 super
1629 2522 1687 2573 nos,
1703 2522 1763 2562 curn
1779 2503 2044 2577 ejusdemcouditio-

402 2600 470 2652 sure,
486 2596 512 2642 et
526 2589 587 2660 ipsa
601 2594 696 2649 eudem
711 2605 800 2652 meter
814 2605 860 2653 tua
874 2598 978 2653 monuit
994 2605 1018 2653 te
1032 2596 1196 2669 profectioni
1249 2590 1291 2646 nis
1305 2592 1351 2658 sis,
1368 2594 1446 2663 cujus
1461 2602 1486 2649 et
1502 2609 1568 2661 nos;
1584 2602 1709 2650 usturam
1730 2603 1814 2662 tuam,
1830 2594 1938 2649 domiue
1960 2608 2043 2649 exee-

401 2674 506 2731 elerum
535 2678 584 2734 lilii
612 2681 772 2741 liduciuliter
797 2687 941 2756 inhaerere,
970 2704 1055 2760 seque
1088 2685 1145 2752 tibi,
1161 2702 1196 2741 ne
1249 2679 1329 2735 dens.
1349 2681 1402 2737 Sed
1419 2684 1533 2739 fortesse
1548 2690 1650 2739 tantum
1666 2682 1882 2753 amesjuslitiam
1892 2671 2043 2737 Deicot't'tra

402 2763 462 2832 ejus
473 2766 577 2834 justitia
592 2774 753 2841 gravareris,
769 2791 823 2832 nou
838 2777 949 2849 negauit
962 2777 1115 2833 afuturam.
1248 2780 1391 2839 peccantes
1413 2771 1440 2826 in
1462 2787 1521 2828 eum
1544 2781 1573 2827 ut
1594 2771 1672 2827 malis
1693 2771 1769 2826 illum
1796 2786 1923 2827 exercere
1949 2769 2043 2827 vindi·

437 2854 531 2921 ldariu,
541 2858 606 2927 quid
616 2859 850 2935 dicemusiqualo
860 2881 964 2938 organo
974 2866 1055 2930 vocis,
1069 2865 1112 2921 vel
1123 2865 1195 2935 quali
1248 2866 1318 2913 clem
1333 2876 1415 2931 quern
1430 2861 1561 2917 exhibere
1577 2860 1805 2917 misericordiam.
1815 2859 1895 2929 Quod
1908 2858 1931 2913 si
1947 2859 2041 2925 itaesl,

400 2939 490 3009 jubilo
505 2945 594 3001 cordis
613 2950 800 3018 exprimemus
823 2962 951 3023 quantum
975 2954 1021 3009 tibi
1043 2954 1196 3010 debemus?
1250 2959 1306 3016 cur,
1323 2947 1442 3016 domiue,
1458 2951 1566 3005 cuidam
1582 2948 1646 3006 olim
1661 2966 1713 3021 ope
1726 2957 1771 3004 ιιι
1786 2962 1952 3021 magnopere
1969 2945 2044 3001 indi·

402 3027 502 3099 Utique
522 3033 643 3103 domina,
670 3038 802 3111 quidquid
822 3042 1045 3111 intellexerimus,
1066 3041 1197 3115 quidquid
1249 3036 1333 3107 genti,
1351 3045 1377 3093 ιι
1394 3054 1454 3110 quae
1470 3054 1542 3095 esses
1553 3037 1694 3105 nescienti,
1710 3046 1824 3093 matrem
1840 3046 1865 3093 te
1882 3035 1972 3108 potius
1995 3035 2044 3089 mi-

403 3126 494 3174 mente
508 3125 723 3195 conceperimus,
733 3129 862 3201 quidquid
878 3147 927 3186 ore
939 3130 1198 3202 protulerimusmi·
1251 3126 1407 3183 sericorcliee
1429 3127 1501 3183 dulci
1525 3142 1591 3184 voce
1617 3127 1783 3199 respondisti
1813 3142 1895 3199 quam
1922 3124 2043 3196 justitiae,

402 3204 506 3261 nimum
521 3218 601 3267 estet
616 3214 696 3284 qussi
710 3216 776 3271 nibil
792 3218 827 3273 ed
849 3234 880 3274 ea
905 3237 966 3290 quae
989 3221 1036 3275 tibi
1061 3237 1096 3275 ex
1119 3235 1197 3293 aquo
1251 3230 1311 3271 otuu
1325 3213 1397 3270 lilius
1412 3224 1471 3271 tuus
1486 3230 1539 3271 non
1555 3217 1645 3273 minus
1661 3216 1696 3271 sit
1709 3212 2046 3272 veraclincommutebilis

401 3292 544 3355 debemus.
567 3301 608 3354 Τιι
631 3317 749 3378 namque
772 3314 835 3363 aute
858 3322 967 3365 omnem
991 3313 1144 3365 crealuram
1170 3309 1198 3365 in
1249 3304 1354 3375 justitia
1383 3320 1464 3376 quam
1492 3319 1558 3359 veru
1578 3312 1605 3362 et
1619 3304 1773 3377 appetibilis
1786 3302 1992 3358 misericordie?
2007 3302 2047 3357 Ea

401 3393 492 3442 mente
506 3388 555 3445 Dei
564 3392 746 3460 preordinata
756 3394 877 3462 luisti,ut
897 3397 1018 3453 omnium
1036 3398 1196 3454 feminarum
1213 3431 1237 3494 C
1253 3393 1373 3449 lortessis
1398 3393 1626 3465 consideratione,
1656 3393 1781 3465 quoniam
1811 3393 1833 3448 si
1868 3399 1895 3446 ιι
1928 3399 2044 3447 ιιιιιιιιιι

401 3474 554 3532 castissima
569 3479 657 3534 Deum
684 3481 773 3553 ipsum
799 3501 892 3541 uerum
919 3487 1057 3543 hominem
1085 3504 1119 3543 ex
1147 3495 1192 3542 tua
1249 3482 1361 3552 justitiae
1383 3483 1499 3549 diceres,
1523 3499 1652 3554 magnam
1674 3497 1728 3539 non
1752 3476 1887 3538 sniumei
1916 3495 1995 3553 quem
2017 3479 2046 3534 in

400 3577 498 3620 cernes
522 3581 694 3639 procreares,
711 3579 740 3627 ιιι
764 3573 890 3630 omuibus
912 3584 973 3645 post
994 3593 1073 3632 suum
1098 3577 1195 3632 Filium
1250 3569 1948 3644 augustiapositumomnimisericordie(postposite
1962 3565 2043 3640 justi-

402 3657 477 3707 tuum
492 3655 588 3726 regine
603 3657 733 3714 coelorum
749 3660 845 3718 effecta
867 3663 987 3736 gloriose
1011 3681 1151 3738 regnares,
1166 3669 1196 3720 ut
1248 3660 1294 3714 tiae
1309 3660 1464 3730 severitate)
1479 3677 1548 3732 opus
1561 3660 1663 3717 habere
1677 3660 1794 3727 sciebas,
1811 3675 1906 3715 verum
1921 3665 1947 3714 ot
1962 3657 2043 3713 ctiam

400 3741 624 3812 perdilomundo
638 3751 850 3820 recuperationis
864 3753 967 3808 aditum
981 3754 1085 3811 etvitae
1099 3770 1195 3826 peren·
1253 3747 1332 3803 nobis
1347 3749 1509 3821 pauperibus
1532 3749 1568 3804 lui
1602 3765 1678 3819 spem
1706 3748 1795 3804 venia
1814 3747 1930 3815 tolleres,
1952 3744 2044 3818 singu-

401 3829 443 3884 nis
456 3831 668 3891 emolumentum
689 3855 866 3910 praeparares.
883 3843 923 3897 Tu
943 3858 1028 3915 genus
1049 3844 1196 3899 humanum
1249 3836 1314 3891 laris
1327 3837 1426 3908 refugii
1441 3837 1540 3892 ostium
1555 3837 1693 3892 crudelem
1715 3836 1826 3892 humaui
1847 3835 1957 3908 generis
1977 3850 2042 3904 per-

401 3919 560 3975 sstemitatis
582 3922 671 3994 gloria
691 3927 831 4000 nudatum,
844 3945 895 3998 per
916 3931 1004 3987 bentae
1023 3933 1199 3988 foecunditatis
1250 3933 1400 3980 secutorem
1417 3925 1583 3998 fugientibus
1598 3923 1802 3998 quodammodo
1816 3923 1934 3979 inimicis
1948 3923 2042 3978 occlu-

402 4011 454 4060 ιιι
475 4007 625 4079 virgineum
642 4021 760 4082 partum,
779 4016 807 4070 in
818 4017 961 4086 pristinum
989 4027 1087 4075 statum
1111 4019 1196 4075 redu.
1249 4013 1336 4069 denes.
1354 4012 1421 4082 Quis
1435 4014 1506 4068 enim
1523 4029 1584 4069 cum
1598 4014 1703 4084 Justitia
1717 4013 1766 4069 Ilei
1779 4012 1910 4083 judicium
1920 4011 2041 4078 subiens,

401 4090 478 4146 xisti.
492 4093 533 4148 Tu
548 4094 623 4168 leges
636 4097 744 4169 insumi,
760 4101 867 4158 devicto
882 4121 931 4176 per
947 4115 1065 4161 mortem
1089 4105 1136 4161 liiii
1158 4108 1196 4164 tui
1248 4117 1303 4157 non
1318 4109 1345 4156 ut
1361 4103 1551 4157 vestimentum
1573 4103 1731 4168 conteritur,
1747 4116 1801 4156 non
1823 4100 1941 4156 deterius
1961 4115 2042 4170 quam

403 4179 523 4252 principe
538 4185 641 4252 mortis,
657 4187 786 4244 evertisti.
802 4191 841 4245 Tu
856 4191 973 4264 denique
987 4195 1090 4251 eunctis
1108 4197 1195 4254 Deum
1249 4205 1266 4245 a
1282 4190 1353 4245 tinea
1376 4191 1545 4246 devoralur‘l
1559 4189 1742 4261 Quapropter,
1757 4189 1802 4258 pia
1824 4187 1943 4256 demina,
1958 4187 2045 4243 duleis

402 4282 435 4325 ae
445 4269 600 4342 Dominum,
618 4290 698 4344 quem
713 4276 887 4349 ignorabant,
903 4281 1038 4340 visibilem
1054 4292 1079 4339 et
1101 4286 1196 4358 propi·
1250 4286 1277 4334 ιι
1291 4278 1503 4335 clementissime
1519 4278 1628 4334 Domini
1650 4280 1746 4348 blatan,
1762 4277 1871 4333 attende
1893 4275 2045 4349 fragilitatis

400 4355 525 4414 tiatorem
540 4361 700 4419 exhibuisti.
717 4367 769 4421 Per
783 4377 818 4434 te,
834 4368 954 4439 domine,
965 4372 1048 4428 vitam
1063 4373 1195 4445 perditum
1250 4373 1350 4422 uostrae
1365 4382 1478 4439 gravem
1492 4368 1694 4433 necessitatem,
1711 4374 1737 4422 et
1758 4366 1872 4421 ostende
1893 4381 1975 4436 super
1994 4379 2045 4419 nos

401 4445 583 4520 inunigenito
598 4459 644 4508 tuo
658 4458 896 4526 recuperavimus;
910 4476 961 4530 per
974 4468 1000 4517 ιι
1014 4469 1066 4529 ιιι,
1085 4465 1108 4517 ιι
1132 4463 1197 4535 quid
1250 4453 1344 4511 effecit
1362 4462 1387 4510 le
1402 4471 1471 4520 esse·
1489 4455 1561 4524 (lu0d
1574 4453 1694 4526 jucundO
1709 4453 1807 4512 iffesslll
1823 4462 1849 4508 ιθ
1865 4469 1925 4509 ⁰⁵⁵⁰·
1939 4467 2044 4526 ⁰⁰8110·

401 4533 465 4591 bcni
479 4554 583 4608 sumus,
599 4542 658 4598 sive
678 4559 837 4616 possumus,
852 4547 912 4603 sive
932 4549 1082 4614 babemus3
1100 4567 1148 4621 per
1171 4561 1197 4608 te
1250 4543 1328 4607 visti;
1345 4543 1417 4613 quod
1432 4543 1455 4596 si
1466 4542 1572 4609 leceris,
1589 4544 1623 4598 ed
1638 4558 1688 4597 nos
1706 4541 1852 4598 salvandos
1875 4541 1930 4597 lilio
1952 4549 1997 4596 tue
2018 4547 2045 4595 et

402 4624 436 4678 ad
450 4634 580 4684 aetemam
604 4630 720 4704 gloriam
745 4636 900 4709 quicunque
924 4653 1018 4693 sumus
1041 4639 1199 4710 perventuri
1250 4631 1324 4686 Petri
1337 4645 1387 4686 suo
1401 4631 1496 4701 procul
1517 4631 1601 4686 dubio
1622 4646 1736 4686 concors
1758 4630 1819 4686 eris.
1834 4629 2045 4702 benignissimus

398 4717 600 4785 perveniemus.
621 4721 660 4776 Tu
673 4730 737 4793 post
753 4723 839 4779 Deum
855 4741 963 4780 summa
987 4741 1021 4780 sc
1043 4727 1195 4799 singularis
1252 4719 1353 4790 quippe
1368 4719 1438 4774 5¹³⁰ss
1452 4726 1513 4774 ²⁰¹1ss
1532 4719 1670 4775 dsssidffll
1690 4717 1805 4773 ⁵⁸ll¹¹⁰¹1¹
1826 4725 1956 4784 ¹¹0⁵li³¹112
1970 4725 1996 4772 ⁰¹
2016 4715 2044 4771 in

398 4804 552 4862 consolaus
572 4817 673 4865 nusum.
695 4810 736 4865 ιι
757 4811 824 4867 tettx
848 4820 929 4882 utque
958 4813 1038 4870 beata
1067 4814 1195 4886 gloriatio
1209 4780 1235 4842 D
1250 4816 1355 4863 tautum
1369 4815 1401 4881 ut
1415 4823 1467 4880 quo
1489 4807 1563 4862 ittam
1586 4806 1838 4863 incommutabilem
1861 4811 1889 4862 et
1911 4814 2041 4862 eternam

398 4901 501 4959 nostre,
516 4901 545 4950 tu
560 4895 595 4951 ad
609 4913 695 4971 regnu
718 4900 849 4956 emturum
871 4901 978 4958 ductrix
999 4918 1031 4958 se
1053 4903 1195 4961 subvectio
1250 4896 1361 4963 iaceret,
1377 4896 1552 4951 aetemitstem
1568 4911 1645 4950 suam
1661 4903 1851 4951 momentanea
1866 4893 2043 4949 mutabilitate

399 4988 499 5036 nostru.
522 4982 572 5051 Tu,
601 5001 767 5057 quaesumus,
792 4998 849 5046 esto
877 4989 905 5045 in
931 4991 992 5062 ipse
1018 4991 1196 5047 beatitudinis
1250 4993 1343 5040 nostra
1365 4983 1499 5040 indueret.
1520 4983 1608 5039 Verax
1638 4999 1746 5055 quoque
1772 4983 1937 5055 justissimus
1966 4983 2044 5036 Pater

398 5082 486 5140 regno
500 5071 608 5128 coelesti
622 5077 776 5146 susceptrix
790 5085 817 5134 et
829 5088 964 5150 perpetua
976 5079 1120 5136 exsultatio
1141 5096 1194 5136 no-
1249 5089 1316 5128 suus
1331 5072 1367 5128 ita
1381 5072 1432 5127 sibi
1455 5088 1504 5143 per
1525 5072 1617 5128 omnis
1638 5072 1790 5142 eemplseet
1810 5080 1838 5127 ut
1859 5068 1928 5125 nibil
1948 5085 2041 5126 corum

398 5165 461 5212 stra.
480 5159 554 5232 Ergo
568 5163 717 5219 seeundum
738 5164 848 5222 beatum
870 5175 897 5224 et
919 5168 1078 5225 misenum
1100 5168 1193 5226 eonsi-
1250 5161 1316 5217 nolit
1330 5177 1391 5232 quae
1406 5161 1482 5215 illum
1497 5161 1566 5218 velle
1583 5160 1718 5233 intelligit.
1734 5159 1807 5215 llelis
1826 5159 1917 5231 itaque
1936 5157 2041 5213 solum-

398 5245 619 5318 susspectus
656 5251 861 5323 miserturus,
890 5255 1055 5313 dulcissimae
1088 5257 1195 5314 sentes
1249 5249 1330 5306 uodo
1345 5249 1417 5319 cuod
1432 5248 1489 5304 vult
1503 5250 1572 5321 inse,
1587 5248 1654 5304 nihil
1669 5247 1780 5304 recubu
1794 5247 1866 5318 cuod
1885 5245 1968 5318 rossi
1988 5245 2041 5301 οι-

396 5336 484 5405 prolis
497 5344 560 5407 ιιιιι,
576 5339 611 5393 ed
626 5347 652 5395 le
664 5341 854 5412 confugimue;
870 5352 898 5400 tu
914 5361 1032 5416 procum
1046 5361 1081 5402 ne
1100 5346 1129 5400 in
1142 5361 1193 5401 vg.
1248 5337 1343 5394 sistere
1363 5337 1442 5393 saluti
1463 5345 1573 5394 nostrae.
1590 5336 1644 5393 Sed
1666 5345 1692 5392 ιι
1712 5351 1766 5392 non
1788 5335 1857 5392 velle
1879 5335 1952 5406 quod
1969 5334 2043 5390 Deus

397 5440 461 5479 nutu
486 5426 538 5482 hos
561 5426 714 5484 fecerimus.
739 5430 779 5485 lle
800 5433 899 5487 etenim
919 5448 988 5490 vera
1009 5433 1033 5489 si
1060 5432 1194 5490 defeceris
1248 5426 1314 5492 vult,
1329 5425 1404 5482 nefas
1418 5433 1457 5482 est
1473 5424 1514 5480 vel
1529 5425 1642 5497 opinati.
1660 5424 1754 5480 Gaude
1775 5423 1858 5496 igitur
1878 5430 1905 5479 et
1926 5421 2041 5486 exsulta,

397 5511 488 5582 nobis,
503 5514 571 5572 nibil
596 5515 650 5572 erit
677 5524 762 5573 tutum
791 5518 884 5576 nobis.
907 5523 949 5578 Ne
977 5520 1062 5594 igitur
1089 5527 1193 5578 tanturn
1247 5515 1368 5570 hument
1403 5520 1521 5580 nctura3
1560 5513 1653 5570 omnis
1688 5513 1789 5584 quippe
1826 5511 1874 5566 tibi
1911 5523 2044 5581 prospere

397 5603 524 5660 attendas
542 5604 690 5675 injustitias
718 5615 835 5678 uestras,
853 5616 883 5664 ut
901 5610 1000 5680 quibus
1028 5611 1081 5667 hue
1107 5627 1194 5684 usque„
1249 5601 1370 5658 Christus
1384 5601 1456 5658 lilius
1470 5609 1569 5658 sunctae
1584 5602 1677 5658 llsriae
1692 5600 1809 5673 paravit,
1822 5602 1887 5656 dum
1907 5615 1935 5654 se
1955 5614 1988 5654 ex
2010 5613 2042 5654 ea

395 5708 454 5764 prae
474 5693 601 5749 omuibus
621 5694 735 5765 praedita
755 5695 839 5764 fuisti,
859 5703 1011 5770 postponas
1031 5699 1193 5756 misericor·
1247 5699 1392 5763 propterte
1407 5691 1435 5746 in
1450 5690 1610 5748 substantiae
1624 5698 1678 5748 ιιι
1691 5690 1805 5746 ιιιιιιιι
1819 5687 1930 5745 creauit.

395 5782 456 5838 diss
470 5785 541 5839 luas.
556 5780 589 5839 Ei
608 5781 654 5856 qui
680 5800 786 5841 summe
811 5785 934 5842 omnium
961 5795 1012 5854 est,
1028 5803 1078 5844 uec
1102 5786 1137 5842 ab
1157 5803 1192 5844 eo
1281 5789 1405 5860 Domina,
1422 5787 1543 5854 dominu,
1560 5789 1634 5862 quod
1649 5803 1701 5862 ego
1716 5787 1911 5859 qualiscunque
1926 5785 2039 5840 homun-

395 5871 520 5944 quodest
534 5871 632 5930 mutari
651 5873 785 5932 ullatenus
803 5879 902 5947 potest,
917 5875 1082 5934 cetemsliter
1104 5877 1192 5934 hares
1245 5877 1297 5948 αἰ,
1313 5883 1341 5934 et
1354 5893 1418 5936 vere
1431 5893 1548 5952 magnus
1562 5885 1691 5950 peccator
1704 5872 2039 5945 boeeordeimpuredete
