4750 6725
320 648 372 701 725
983 645 1064 701 5le
1077 644 1109 701 S.
1129 646 1309 704 wlbuutbt.
1919 650 1972 707 726

322 768 358 829 ab
373 768 485 841 ncepti
514 768 607 843 operis
631 770 779 830 niamario
810 786 840 829 sa
864 769 1003 829 cohibenti
1028 769 1166 836 orbetaA
1180 771 1614 846 instituitllaecproptcrsuume
1628 776 1758 849 quinaret
1777 772 1974 849 ptebbtegalta

321 858 420 917 mulier
433 858 490 915 acri
506 858 608 917 doloris
621 861 759 918 nimietate
772 859 878 917 turbata
903 858 1016 931 pronior
1041 860 1121 916 incu-
1172 862 1237 933 iura
1246 862 1429 933 tenenti,terra
1440 863 1563 937 frugibus
1573 873 1599 920 ot
1609 866 1805 940 tranquillitate
1819 863 1973 937 opimnsuis

322 946 391 1017 buit,
402 947 563 1020 gemituque
573 949 725 1021 pmpodtta
736 951 782 1007 rix
796 949 824 1005 in
838 948 996 1007 bectorita
1010 948 1097 1021 erupit
1113 965 1120 1002 z
1173 951 1326 1009 cultoribus
1340 969 1395 1009 non
1409 952 1490 1009 modo
1505 960 1653 1025 egestatem
1668 956 1774 1012 colebat
1788 954 1820 1031 [t.
1839 952 1971 1023 tollebat],

322 1036 900 1110 «uutnquionabonedomtueqremad
921 1036 1121 1109 impositionem
1173 1040 1224 1095 sed
1238 1048 1265 1097 et
1287 1040 1363 1111 operi
1390 1041 1440 1097 Dei
1468 1042 1571 1113 absque
1596 1044 1774 1101 sollicitudine
1802 1042 1997 1115 saecularium·

321 1140 420 1181 manus
433 1132 487 1181 tuae
502 1122 717 1183 confirmandum
729 1126 759 1181 in
772 1126 879 1183 Christo
893 1135 1002 1199 portare
1023 1125 1122 1183 decre·
1174 1142 1265 1185 rerum
1279 1142 1374 1185 curam
1386 1130 1543 1201 impendere
1556 1132 1740 1203 permittebat.
1767 1132 1886 1189 Classica
1914 1130 1973 1185 dire

321 1229 427 1283 acram,
439 1214 499 1287 jam
526 1229 582 1271 non
608 1214 696 1274 solum
728 1216 763 1271 ad
786 1214 1010 1285 confirmandum,
1024 1230 1120 1273 rerum
1173 1216 1264 1285 silent,
1301 1234 1351 1275 nce
1384 1219 1519 1275 htronum
1554 1220 1677 1277 incursie
1713 1220 1884 1277 formidatur.
1901 1218 1972 1288 Quid

319 1302 410 1375 primo
423 1303 831 1374 adrasuscitandumamortais
844 1312 1005 1361 tuaesonctae
1028 1303 1122 1375 pietati
1174 1304 1279 1377 plura?
1298 1310 1327 1361 ut
1345 1313 1441 1363 cuncta
1461 1305 1537 1365 breui
1556 1308 1674 1375 edicam,
1694 1308 1828 1380 promicet
1850 1306 1971 1365 Ecclesia

320 1391 429 1464 piaeque
443 1390 579 1447 sanctitati
597 1402 723 1463 apporto.
740 1392 874 1448 Christum
890 1401 969 1450 tunm
990 1392 1122 1464 praedicas
1173 1401 1269 1465 pacate
1285 1394 1389 1451 suadere
1402 1410 1481 1453 nexa.
1497 1396 1564 1465 Quae
1579 1406 1608 1453 ut
1622 1398 1745 1455 diabolus
1760 1396 1835 1465 vidit,
1864 1396 1973 1467 propria

319 1480 545 1551 omnipotentem,
579 1481 654 1552 qnod
683 1496 782 1553 precor
806 1481 934 1553 operibus
965 1480 1062 1553 proha,
1094 1491 1122 1538 et
1173 1482 1225 1539 sibi
1240 1483 1408 1557 malignitate
1423 1484 1528 1553 invidit,
1545 1492 1572 1541 et
1586 1492 1705 1540 tractans
1717 1500 1810 1541 secum
1832 1483 1908 1556 pacis
1927 1484 1972 1539 in·

319 1584 413 1625 menna
427 1585 444 1625 ιι
457 1577 546 1628 morte
560 1567 645 1625 ilium
660 1570 829 1644 unigenitum
843 1570 956 1629 sumita
971 1571 1005 1625 Et
1027 1572 1121 1644 quanti
1174 1572 1333 1643 tenuptioni
1343 1587 1438 1629 causas
1452 1572 1566 1629 inuenit.
1578 1573 1680 1644 Spiritu
1695 1588 1813 1644 namque
1835 1572 1973 1643 superbia

320 1658 376 1713 boc
390 1665 432 1714 est
446 1658 651 1731 omnipotentia
674 1676 732 1719 suae
756 1658 898 1730 parvulum
925 1659 1067 1727 suscitare,
1095 1668 1122 1717 et
1172 1676 1230 1716 suae
1244 1660 1349 1717 inuadit
1362 1668 1473 1735 gentem
1485 1662 1619 1719 Pictorum
1633 1662 1662 1717 in
1677 1669 1789 1731 tantum,
1804 1668 1834 1717 nt
1848 1676 1879 1716 ca
1903 1676 1973 1733 gens

319 1746 375 1802 mei
391 1746 493 1805 doloris
510 1746 636 1805 stintuloe
655 1747 776 1821 effugare
789 1750 803 1802 ‘t
817 1763 910 1805 rerem
932 1748 1021 1805 nihili.
1042 1748 1120 1819 Qua·
1173 1750 1260 1821 (quod
1273 1766 1381 1821 semper
1396 1750 1464 1807 terre
1477 1750 1669 1822 consueuerat)
1679 1750 1781 1807 bellua
1803 1765 1831 1805 se
1860 1740 1974 1805 ¹tentaret

318 1838 437 1908 propter
450 1836 480 1891 in
494 1836 548 1893 boc
559 1842 626 1908 peto
641 1854 702 1910 quae
717 1837 850 1909 praedicas
863 1844 990 1895 mtaesse
995 1845 1122 1909 potenter
1172 1845 1299 1909 excutere
1313 1838 1408 1913 jugum
1416 1838 1575 1911 auglorum.
1584 1839 1694 1895 Prasinit
1704 1854 1736 1894 eo
1751 1846 1873 1910 tempore
1887 1852 1973 1909 reguo

319 1923 444 1997 wanda,
459 1932 488 1982 ut
501 1926 537 1983 ad
551 1941 641 1982 meam
655 1925 869 1983 consolationem
898 1928 1007 1983 unicum
1033 1926 1120 1985 lilium
1172 1925 1462 1983 Nordanbumbrorum
1477 1926 1605 1984 Eeiridus
1622 1926 1694 1983 filius
1717 1925 1801 1983 Osirii
1821 1925 1905 1998 regis,
1927 1925 1973 1997 qui

321 2029 416 2070 meum
428 2015 557 2091 restituas
569 2014 644 2073 vitae.
662 2038 675 2065 ι
691 2016 846 2088 Ingeminat
871 2017 1001 2085 querulae
1028 2032 1119 2085 rocas,
1174 2015 1245 2087 petri
1260 2032 1309 2073 suo
1319 2015 1346 2069 in
1362 2032 1477 2086 regnum
1491 2023 1670 2086 successerat,
1686 2015 1727 2073 uir
1741 2015 1769 2069 in
1790 2015 1875 2071 armis
1903 2021 1973 2071 stre-

319 2103 400 2174 cujua
414 2104 568 2162 uehementi
581 2103 687 2177 gemitu
713 2104 802 2160 coacti
828 2103 878 2161 snb
892 2119 946 2161 nno
976 2105 1122 2162 cousulant
1135 2128 1162 2189 Β
1177 2120 1255 2174 nnus,
1271 2111 1299 2161 et
1311 2104 1383 2161 beati
1397 2104 1521 2161 Wiliridi
1539 2104 1663 2161 amicitiis
1690 2106 1866 2161 uehementer
1894 2103 1974 2159 astri-

321 2206 431 2249 omnes.
451 2192 493 2249 En
510 2193 626 2267 plangor
649 2191 772 2267 gmndis.
804 2193 925 2249 Tandem
961 2198 1122 2266 compassae
1176 2199 1245 2249 ctus.
1262 2193 1313 2250 Hic
1327 2208 1395 2267 ergo
1408 2192 1527 2265 pontifici
1542 2194 1682 2267 negotium
1697 2192 1836 2251 Pictorum
1851 2189 1975 2263 quadiu-

321 2281 488 2338 uenerabilis
500 2280 615 2337 Domini
630 2297 737 2350 servus,
752 2279 810 2353 agit
832 2281 927 2337 tacitae
953 2290 1048 2338 sancto
1071 2282 1123 2337 sub
1175 2281 1322 2337 cumbebat
1335 2282 1472 2354 exposuit,
1487 2290 1567 2353 atque
1594 2290 1622 2337 ut
1650 2280 1732 2337 rebus
1760 2296 1840 2352 opem
1855 2296 1912 2335 snae
1932 2279 1976 2335 in-

319 2378 432 2441 pectore
445 2379 549 2443 gratas,
565 2370 638 2442 qnod
652 2371 730 2425 turbe
756 2370 878 2427 nondum
903 2369 1033 2441 perlectae
1058 2369 1122 2427 fidei
1176 2370 1347 2427 tarcessionis
1369 2369 1452 2427 terret
1472 2370 1587 2443 supplici
1606 2384 1689 2441 prece
1717 2367 1869 2425 admonuit.
1893 2366 1976 2437 Cujus

318 2458 397 2514 norit
409 2474 510 2533 rogare
520 2458 695 2516 clementiam
724 2458 836 2515 Domini
863 2458 980 2523 Christi;
1004 2474 1125 2531 moxque
1176 2457 1276 2517 debinc
1289 2459 1477 2517 benedictione
1492 2458 1609 2515 uallatus
1636 2466 1717 2529 atque
1730 2456 1902 2513 sanctissime
1916 2470 1975 2511 ora-

317 2547 381 2603 solo
395 2546 474 2603 tusus
488 2550 515 2604 et
530 2547 629 2603 faciem
645 2546 774 2620 lacrymis
785 2547 914 2619 perfusus
927 2564 935 2603 :
948 2548 1124 2604 «ODomiue
1177 2547 1250 2605 tione
1273 2548 1428 2616 comitutus,
1448 2564 1509 2604 cnm
1543 2563 1630 2619 parva
1656 2546 1773 2603 militum
1790 2560 1871 2601 mann
1895 2544 1976 2601 Pictis

319 2635 538 2705 Patet-‚altman
554 2636 591 2695 ed
609 2634 709 2692 merita
725 2650 798 2704 meo,
815 2635 865 2693 sed
886 2635 921 2692 ad
940 2645 994 2693 tua
1016 2635 1124 2708 pietatis
1176 2636 1288 2705 occurit,
1326 2636 1469 2711 Pietasque
1502 2644 1675 2693 occursantes
1715 2634 1873 2691 catervatim
1908 2649 1976 2705 pro-

317 2738 415 2794 opera,
430 2738 539 2795 precor,
554 2724 678 2795 placatus
701 2722 819 2793 attende,
835 2731 862 2779 et
888 2724 1015 2779 aemmnis
1043 2724 1124 2796 buius
1176 2725 1282 2795 stravit,
1299 2732 1325 2783 et
1357 2725 1493 2781 Pictomm
1509 2733 1640 2791 tumerem
1650 2722 1735 2797 gladii
1749 2722 1852 2779 ultione
1867 2737 1978 2793 repres-

319 2812 444 2867 mulieris
472 2827 553 2883 opem
578 2820 630 2868 tuae
657 2811 848 2868 consolationis
874 2811 1012 2882 impende,
1042 2812 1121 2867 resti·
1176 2814 1224 2869 sit.
1240 2814 1271 2869 Et
1286 2812 1351 2885 quid
1366 2816 1483 2871 moueri
1510 2812 1558 2869 dat
1587 2821 1693 2885 stragm
1719 2810 1783 2880 late,
1811 2809 1923 2867 redeunt
1950 2809 1979 2865 in

318 2898 420 2955 tuendo
435 2898 598 2957 incolumem
616 2899 699 2955 tilium
714 2916 793 2955 suum
807 2916 858 2971 per
882 2901 974 2958 tasum
989 2900 1122 2956 Christum
1176 2901 1247 2958 cella
1262 2908 1383 2964 cutenae;
1401 2902 1495 2973 sicque
1509 2899 1622 2957 victoria
1637 2900 1699 2955 laeta
1714 2899 1815 2971 potitus
1837 2898 1927 2967 rediit,
1940 2898 1977 2953 ‘et

317 2987 785 3064 Dominumnostrumunigenitum
803 2989 898 3044 Filium
915 2997 1028 3045 tuum·
1060 2988 1122 3058 Quo
1176 2988 1291 3047 eximias
1308 2988 1507 3065 propugnatori
1535 3004 1584 3045 suo
1608 2986 1791 3060 gretiasegit.
1807 2988 1867 3043 lloc
1895 2986 1977 3041 modo

318 3077 394 3133 dicto
415 3076 543 3143 surrexit,
565 3084 591 3134 ct
620 3081 702 3149 caput
729 3075 849 3133 defuncti
879 3077 1000 3133 dexterae
1026 3094 1123 3133 manus
1175 3078 1251 3151 genti
1279 3079 1430 3153 auglorum
1458 3092 1511 3149 pen
1539 3075 1661 3133 restituta
1688 3092 1738 3149 per
1764 3090 1848 3133 annos
1874 3072 1978 3145 aliquot

317 3166 481 3222 extensione
492 3166 580 3240 tetigit
597 3184 603 3221 :
619 3165 661 3222 cui
678 3164 713 3221 ad
727 3168 787 3237 ejus
803 3173 902 3221 tactum
918 3174 1000 3236 caput
1023 3165 1122 3239 exegi·
1176 3166 1284 3223 mansit.
1304 3170 1338 3223 At
1351 3182 1438 3239 regno
1452 3166 1612 3223 Marciorum
1627 3170 1691 3237 post
1709 3164 1769 3221 haec
1784 3163 1811 3217 in
1831 3160 1979 3219 dissensio-

318 3254 387 3308 tenti
412 3253 454 3309 uir
479 3254 529 3313 Dei
543 3270 654 3310 manum
682 3255 814 3327 porrexit,
844 3261 870 3310 et
894 3262 1016 3311 erectum
1031 3254 1121 3312 rivum
1176 3271 1238 3311 nem
1254 3254 1337 3324 clato,
1352 3270 1399 3311 rex
1415 3254 1545 3327 praeiatus
1560 3253 1754 3323 armispacem
1769 3266 1898 3307 resecare
1926 3248 1977 3305 de-

319 3341 541 3415 incolumemque
555 3345 660 3401 cunctis
687 3342 819 3401 exhibuit.
845 3343 950 3418 Vulgus
966 3343 995 3399 in
1022 3342 1122 3400 nimios
1175 3344 1309 3414 sidereus,
1325 3343 1422 3404 obvius
1449 3342 1538 3400 eidem
1567 3340 1668 3418 regiin
1697 3340 1799 3396 bellum
1830 3338 1975 3412 processit,

317 3429 509 3487 admirationis
536 3447 570 3490 nc
596 3431 688 3488 laudis
715 3433 850 3490 clamores
870 3433 1012 3504 excitetur,
1028 3433 1120 3488 attide
1174 3448 1296 3505 pugnam
1312 3431 1470 3502 commissit,
1487 3447 1568 3502 quam
1584 3429 1723 3501 quaerebat
1735 3445 1840 3500 pacem.
1857 3427 1949 3482 duces
1965 3456 1977 3468 ·

316 3519 478 3592 planissima
491 3519 520 3576 in
534 3522 694 3579 Christianae
708 3521 778 3598 legis
805 3521 980 3578 obseruantia
998 3521 1119 3577 consoli·
1133 3483 1159 3546 C
1172 3530 1238 3596 gato
1253 3519 1426 3595 exercituque
1436 3527 1582 3592 prostrato,
1592 3519 1674 3575 rictna
1694 3516 1820 3575 obtinuit.
1837 3517 1876 3571 Ea
1890 3515 1975 3570 nimi-

317 3609 412 3665 datnr.
430 3609 500 3667 l'uer
514 3611 651 3668 redivivus
660 3609 687 3667 in
705 3610 810 3667 Christe
825 3627 875 3684 per
903 3625 1000 3666 manns
1027 3611 1119 3682 impe·
1171 3627 1233 3666 rum
1247 3627 1278 3666 re
1291 3609 1353 3666 huic
1362 3609 1420 3679 regi
1436 3609 1474 3664 sic
1488 3607 1629 3679 processit,
1641 3621 1695 3678 quo
1717 3607 1790 3662 Deus
1818 3604 1974 3661 ostenderet

318 3697 447 3756 sitionem
463 3697 1120 3772 confirmetur,mat1icumgeudioredonatur
1171 3714 1268 3770 preces
1284 3695 1355 3754 beati
1370 3695 1496 3751 Wiliridi
1510 3703 1572 3751 ante
1599 3711 1629 3750 se
1656 3694 1764 3766 ponitus
1787 3689 1889 3748 cessari
1918 3706 1973 3746 nen

318 3802 352 3842 eo
368 3795 446 3858 paeto
470 3793 499 3843 ut
526 3795 629 3859 septem
653 3787 732 3844 annis
759 3795 882 3844 materna
910 3802 978 3842 cura
1003 3785 1119 3842 nutritus
1171 3801 1264 3858 posse.
1284 3787 1341 3842 Nec
1370 3784 1479 3840 mirum.
1501 3783 1553 3852 Qui
1573 3782 1645 3838 enim
1673 3782 1701 3836 iu
1728 3779 1879 3852 Evangelio
1907 3778 1974 3834 dixit

316 3874 377 3930 uiro
393 3875 442 3930 liei
457 3875 620 3932 restituetur.
637 3876 716 3946 Quod
729 3884 794 3948 post
820 3873 983 3947 praednitum
1011 3881 1119 3946 tempus
1170 3875 1267 3932 omniu
1277 3873 1487 3946 ierepossibilia
1497 3871 1624 3930 eredenti
1638 3871 1740 3942 (Maro.
1752 3885 1793 3937 nx,
1807 3869 1861 3938 ιι),
1874 3867 1972 3922 merito

316 3979 354 4017 ne
367 3961 443 4018 lieret
456 3971 535 4036 patre
547 3981 597 4021 suo
611 3965 798 4033 interdicente,
818 3963 895 4020 exsul
923 3961 959 4018 ed
987 3971 1118 4019 externos
1170 3961 1210 4016 illi
1225 3978 1305 4032 quem
1320 3959 1413 4018 attide
1428 3958 1601 4026 catholicum,
1618 3965 1645 4014 ct
1658 3958 1687 4012 in
1702 3955 1832 4028 operibns
1846 3954 1967 4025 ejusdem

315 4049 388 4124 fugit
401 4067 464 4108 cnm
478 4053 556 4125 prole
568 4053 724 4124 Biitannos,
738 4053 827 4110 sciens
850 4051 976 4109 videlicet
1003 4067 1134 4125 puerum-
1170 4050 1234 4107 iidei
1248 4049 1413 4121 precipuum
1428 4048 1489 4119 ipsa
1515 4045 1625 4104 Domini
1649 4044 1779 4116 sapientia
1807 4043 1883 4112 vidit,
1909 4058 1969 4114 ques

316 4154 489 4210 nequaquam
503 4150 597 4197 contre
610 4141 661 4197 riri
675 4141 725 4198 Dei
753 4149 918 4214 praeceptum
946 4139 975 4196 iu
1001 4140 1118 4212 proprio
1167 4139 1242 4210 juste
1257 4138 1376 4210 petebat,
1391 4135 1533 4208 possibilia
1547 4151 1606 4191 esse
1620 4133 1769 4190 concedere
1783 4130 1885 4188 debuit.
1898 4129 1969 4186 Nem

316 4243 411 4282 aecum
425 4244 507 4300 posse
521 4247 640 4286 manere.
656 4229 735 4298 Quod
750 4237 838 4285 tamen
852 4245 902 4284 sna
916 4228 983 4302 tuga
998 4229 1022 4284 ei
1046 4243 1117 4284 cou-
1169 4228 1204 4282 dc
1219 4226 1292 4282 illius
1304 4225 1365 4284 idei
1382 4225 1537 4298 integritate
1551 4223 1759 4297 quisdubitare,
1776 4228 1822 4276 aut
1850 4220 1911 4291 quis
1936 4219 1970 4274 de

316 4314 387 4372 tulit.
403 4315 468 4374 Post
490 4319 567 4389 perri
595 4319 724 4390 temporis
750 4316 808 4374 deis
833 4316 979 4388 preelectus
1006 4316 1116 4387 quidam
1169 4315 1338 4386 perfectione
1366 4329 1480 4386 operum
1507 4313 1566 4384 ejus
1595 4311 1678 4384 digna
1706 4308 1968 4378 valeatdisputnre‘l

315 4400 859 4479 inritisperentibuspuemmiumanus
883 4405 967 4460 Patris
998 4405 1115 4474 reduxit,
1171 4404 1360 4459 Verumtamen
1375 4401 1469 4474 paucis
1482 4417 1565 4471 opera
1579 4399 1638 4469 eJus
1650 4397 1776 4469 quedam
1805 4394 1966 4452 describan-

315 4510 398 4566 qnem
423 4495 548 4567 protinus
576 4496 687 4552 servitio
714 4495 763 4552 uei
791 4493 965 4566 manciparit,
994 4502 1020 4550 et
1047 4495 1117 4551 bene
1169 4496 1223 4561 tur,
1239 4507 1299 4563 quae
1318 4499 1345 4547 et
1359 4489 1507 4562 integritati
1522 4505 1578 4543 suae
1598 4485 1660 4542 tidei
1689 4484 1868 4542 testimonium
1894 4497 1967 4553 prae-

314 4582 476 4639 iustmetum
487 4585 610 4656 pluribus
621 4583 779 4640 imitabilem
794 4582 822 4639 in
849 4591 941 4640 saneta
965 4599 1115 4640 conversa·
1169 4581 1260 4644 Ιιιιιιιι,
1276 4577 1490 4637 etilliuscordis
1518 4576 1690 4633 devotionem
1717 4572 1817 4629 imitari
1845 4572 1966 4628 tolentes

315 4670 390 4727 tione
402 4675 577 4744 postmodum
592 4675 665 4730 lecit.
678 4674 748 4731 llinc
761 4673 862 4745 quippe
876 4672 1039 4744 perpendite
1050 4672 1116 4744 quid
1169 4670 1241 4740 quod
1257 4669 1459 4740 imitenturprae
1473 4665 1558 4724 oculis
1573 4663 1702 4720 habeant.

314 4759 387 4832 signi
400 4761 551 4834 praetulerit
564 4779 645 4835 snper
659 4762 718 4832 ejus
736 4759 871 4818 cunabula
897 4760 1003 4818 ooelitus
1030 4761 1114 4816 emis-
1205 4789 1249 4844 28·
1265 4784 1406 4856 Agprqmo
1433 4781 1578 4840 (figendum
1607 4779 1684 4850 quod
1709 4776 1852 4850 optimi„
1881 4789 1966 4848 puero

314 4864 376 4904 ⁸⁰⁰¹
391 4849 482 4907 lumen
495 4850 765 4908 fflfflffl‘ssfflfflmae·
1129 4839 1154 4902 D
1169 4874 1290 4933 moribus
1304 4873 1442 4930 institutus
1457 4870 1529 4927 nulle
1541 4869 1632 4941 quoad
1660 4867 1724 4924 vixit
1751 4865 1853 4922 eisdem
1879 4863 1968 4935 potuit

350 4967 400 5021 st.
417 4967 458 5022 Ba
472 4974 631 5039 tempestate
658 4983 772 5042 regnum
785 4965 874 5042 gentis
900 4965 1049 5038 anglorum
1062 4983 1114 5039 ge·
1168 4963 1279 5022 ratione
1291 4961 1391 5020 abduci
1405 4956 1635 5018 incommutabilis
1659 4953 1772 5026 iustitiae
1796 4953 1893 5020 cultor,
1917 4967 1968 5008 nec

316 5054 394 5111 mino
408 5055 634 5127 decorauitebnt,
649 5073 710 5113 cum
743 5064 771 5112 et
795 5071 875 5129 reges
906 5053 1116 5112 Christianitatis
1168 5053 1264 5109 lavore
1278 5051 1387 5120 remitti,
1403 5067 1453 5106 nac
1466 5046 1631 5107 detractione
1644 5041 1747 5110 diduci,
1761 5057 1812 5098 nec
1840 5039 1967 5098 laudibus

316 5158 409 5200 amore
425 5144 573 5214 terrebant,
595 5153 623 5202 et
648 5143 792 5220 pontifices
820 5142 904 5200 diuini
931 5143 1116 5216 operationem
1168 5139 1270 5212 decipi,
1284 5155 1335 5196 nec
1349 5134 1594 5210 vituperationibus
1608 5133 1637 5188 in
1653 5132 1739 5188 zelum
1754 5135 1861 5202 potarat
1889 5143 1967 5184 com-

317 5232 443 5304 mystcrii
469 5250 577 5291 summo
604 5235 694 5290 studio
719 5233 891 5293 exercebant.
920 5231 991 5288 llinc
1017 5231 1119 5304 regalis
1174 5227 1289 5285 moveri.
1313 5229 1363 5282 l‘er
1389 5233 1494 5281 nectem
1523 5221 1622 5278 divinis
1653 5219 1780 5276 insistens
1816 5217 1966 5289 obsequiis,

316 5320 491 5390 prouidentia
507 5321 741 5394 bocpotissimum
754 5338 805 5395 per
819 5337 848 5377 se
861 5320 977 5394 gerebat
996 5335 1119 5392 quosque
1172 5331 1271 5388 cerpus
1294 5330 1372 5372 suum
1401 5313 1473 5386 qued
1502 5312 1537 5369 ab
1570 5309 1644 5368 omni
1658 5308 1819 5382 contagione
1842 5322 1877 5362 ex
1893 5305 1968 5380 utero

317 5409 487 5467 subditorum
502 5412 589 5486 magis
607 5429 624 5470 a
643 5411 775 5484 pravitate
805 5425 912 5466 morum
944 5408 1116 5474 abstrahere,
1172 5405 1336 5461 matrissuae
1350 5402 1478 5458 mundum
1494 5398 1666 5467 custodierat,
1682 5405 1737 5452 tam
1758 5394 1860 5469 vigiliis
1887 5411 1968 5468 qnam

318 5514 401 5570 quam
417 5499 720 5572 cupiditateauirnires
735 5498 993 5569 eorumdiripiendo
1016 5497 1118 5554 distra-
1172 5493 1321 5570 frigoribus
1338 5492 1405 5548 mire
1434 5489 1580 5560 alliciebat,
1608 5487 1723 5562 singulis
1750 5485 1817 5542 illud
1846 5483 1970 5544 noctibus

320 5590 404 5652 bere;
420 5590 540 5648 nectrlla
562 5590 601 5648 eis
627 5606 692 5647 cura
719 5590 810 5646 inerat
833 5603 914 5660 quam
924 5584 1052 5653 subditis,
1066 5586 1115 5642 sed
1171 5597 1244 5656 aque
1257 5582 1360 5656 frigida
1373 5581 1508 5656 tinguens,
1523 5593 1575 5635 nec
1597 5578 1671 5650 prins
1697 5575 1732 5632 ab
1759 5575 1811 5642 hac
1824 5581 1967 5633 consuatu-

316 5693 400 5748 quam
416 5677 495 5736 bonis
507 5679 561 5752 ipsi
574 5685 728 5753 regnarent.
743 5678 812 5734 llinc
825 5675 1001 5732 nibilominus
1021 5690 1116 5733 sacer·
1168 5671 1232 5730 dinc
1246 5687 1369 5738 cessans,
1385 5685 1464 5742 quam
1478 5669 1593 5727 loannis
1616 5664 1771 5740 apostoliea
1796 5661 1869 5720 sedis
1897 5659 1968 5718 enti-

318 5767 419 5826 dntnlis
433 5784 504 5840 apex
513 5768 554 5828 sni
569 5767 649 5826 officii
660 5766 815 5840 plenissime
840 5779 952 5838 compos
965 5764 1114 5830 exstiterat,
1170 5769 1226 5818 stes
1240 5776 1301 5818 eum
1316 5775 1365 5832 pro
1379 5758 1467 5816 aetatis
1495 5771 1550 5815 suta
1577 5756 1710 5830 gravitate
1738 5752 1801 5810 huic
1829 5748 1968 5822 proposito

318 5855 759 5930 aissolummatlosnadiligentie
785 5869 897 5930 operam
923 5852 1058 5926 prebens,
1080 5852 1116 5911 ad
1171 5849 1252 5908 tinem
1260 5847 1368 5922 juberet
1382 5847 1536 5923 imponere.
1562 5847 1623 5904 Non
1651 5844 1722 5900 htinc
1749 5840 1833 5896 ardor
1857 5837 1970 5938 estatis,

320 5962 381 6024 quae
395 5945 482 6028 ipsius
496 5948 600 6010 ordinis
625 5947 761 6009 institutor
775 5951 801 6004 et
814 5951 909 6009 auctor
927 5943 1008 6008 ,Dens
1022 5943 1115 6022 ipsum
1171 5955 1226 6004 non
1257 5937 1344 6015 trigue
1372 5936 1468 6000 hiemis
1494 5936 1529 5996 ab
1551 5933 1682 6000 ,instantia
1708 5929 1788 6008 coepti
1804 5943 1893 6006 opens
1917 5927 1972 5991 Der
