4750 6725
432 607 486 671 mr
926 595 1089 670 auorum
1108 602 1387 671 ommunicatus
1413 599 1575 671 uoniam
2027 606 2085 673 rao

430 738 505 796 illico
532 738 611 796 navis
634 728 669 794 ab
696 743 827 810 aquarum
850 736 1034 809 profunditate
1071 753 1223 809 emergens,
1240 738 1268 797 Α
1283 746 1409 809 agentem
1424 740 1538 811 contigit
1546 737 1605 797 vice
1620 738 1736 811 quadrua
1750 740 1860 799 venisse
1885 741 2017 815 libipurn,
2050 744 2098 797 ubi

429 828 506 902 quasi
533 826 602 884 nlbil
626 826 717 884 oneris
743 825 834 894 ferret,
862 824 890 881 in
909 824 1066 883 ulteriorem
1108 826 1227 882 fluminis
1284 824 1381 881 beatus
1408 827 1549 897 quondam
1575 826 1723 885 wilfridus
1762 828 1857 887 nobile
1898 838 2095 887 construxerat

429 918 519 990 ripam
531 916 714 989 prosperrimo
728 915 806 988 lapsu
820 932 882 972 curn
892 915 1089 988 omnibusque
1097 916 1227 988 portabat
1283 914 1424 985 templum,
1438 916 1466 971 in
1480 932 1534 989 qno
1549 917 1606 989 ipsa
1617 916 1718 974 mundo
1744 918 1867 975 sublatus
1895 919 1982 977 scitur
2008 920 2096 975 baisse
2166 948 2167 985 ,

428 1018 526 1065 evecta
541 1014 591 1063 est.
605 1007 705 1079 llagno
720 1005 810 1061 timori
824 1004 956 1061 securitas
969 1020 1068 1077 magna
1095 1002 1225 1073 succedit,
1287 1002 1417 1074 sepultus.
1430 1005 1487 1061 iloc
1500 1005 1631 1076 templum
1646 1014 1709 1063 ante
1738 1016 1846 1079 tempus
1871 1008 1944 1065 beati
1973 1007 2100 1063 Osrraldi

425 1112 467 1162 ac,
482 1108 576 1166 prore
590 1093 809 1167 queacciderat,
825 1092 942 1150 Deiiaus
956 1110 990 1149 ex
1005 1094 1090 1150 corde
1104 1093 1226 1151 omnium
1285 1090 1462 1149 barbarorum
1475 1093 1618 1167 irruptioni
1631 1094 1718 1166 patuit
1734 1095 1798 1167 ;qui
1826 1096 1896 1153 iilud
1920 1112 2025 1170 magna
2054 1112 2093 1151 ex

428 1192 456 1241 ct
469 1199 517 1241 oro
531 1182 665 1256 procedit.
1284 1190 1360 1253 parte
1375 1180 1504 1251 dirutum,
1520 1198 1574 1239 non
1591 1183 1751 1241 ministeriis
1777 1184 1888 1251 divinis,
1904 1186 1952 1241 sed
1967 1184 2094 1241 latibulis

461 1272 531 1329 Dein
545 1271 692 1345 aliqnando
707 1278 832 1341 ternpore
846 1268 894 1337 ibi,
910 1278 1006 1328 utsnm
1022 1270 1227 1328 consuetudinis
1285 1268 1379 1325 ferinis
1392 1268 1512 1326 fecerunt
1526 1272 1744 1330 accommodum.
1760 1271 1851 1345 liuius
1871 1274 1966 1347 templi
1995 1289 2094 1330 conse-

425 1369 495 1428 erat,
511 1361 581 1417 inter
594 1360 744 1416 monachos
758 1359 871 1431 degens,
882 1357 1057 1415 aedificationi
1072 1360 1134 1416 ritae
1160 1358 1226 1416 ilio·
1283 1366 1359 1428 ptum
1376 1358 1474 1414 rirDai
1485 1358 1647 1429 subintrans,
1660 1369 1742 1419 nocto
1752 1361 1908 1434 perviqitin
1923 1360 2097 1419 orationibus

425 1466 485 1507 rum
501 1448 600 1506 diebus
613 1464 646 1506 ac
660 1446 785 1505 noctibus
807 1447 974 1503 intendebat.
1004 1447 1037 1503 Et
1064 1463 1126 1505 ecce
1153 1464 1226 1503 nun·
1285 1446 1351 1503 inibi
1366 1448 1477 1504 mansit.
1498 1447 1557 1507 lilia
1572 1464 1638 1522 ergo
1654 1450 1749 1505 divina
1767 1450 1935 1509 revalatione
1950 1451 2095 1515 instratus,

427 1540 479 1596 tius
491 1538 602 1611 quidam
630 1552 647 1592 a
672 1535 813 1593 monacbis
835 1534 1005 1593 italiensibus
1031 1536 1149 1593 directus
1174 1536 1227 1593 ad·
1285 1534 1381 1593 didicit
1395 1536 1455 1609 ipso
1469 1537 1696 1595 locosanctorum
1723 1552 1837 1611 corpora
1865 1538 1974 1597 condita
2005 1556 2092 1609 esse;

426 1629 549 1696 veniens,
564 1625 679 1681 innotuit
692 1640 778 1680 unum
791 1640 826 1681 ex
836 1624 891 1680 iliis
904 1624 939 1680 de
953 1625 1075 1682 maceria
1096 1625 1228 1683 Ecclesiae
1283 1640 1345 1696 quea
1359 1622 1526 1697 investigans
1540 1642 1603 1683 curu
1622 1626 1780 1683 nominibus
1806 1628 1976 1699 singulorum
2006 1628 2092 1685 dnbio

428 1716 628 1791 precipitatum
649 1713 739 1769 subita
766 1720 855 1769 morte
884 1712 1056 1770 occubuisse.
1084 1714 1126 1769 td
1154 1714 1228 1787 quod
1284 1712 1379 1785 procul
1391 1712 1536 1770 inveniret.
1554 1714 1633 1771 Facto
1648 1732 1728 1771 ruane
1742 1731 1807 1773 suos
1831 1727 1990 1781 convocat;
2024 1719 2089 1790 quid

430 1803 576 1863 Osnaldus
590 1800 745 1859 vehementi
758 1816 876 1857 moerore
889 1802 1010 1871 dejectus
1024 1804 1146 1873 (noverm
1155 1802 1229 1859 enirn
1283 1811 1366 1858 noctu
1380 1802 1518 1873 accepirit,
1535 1802 1575 1859 eis
1589 1812 1705 1860 enarrat.
1717 1804 1758 1861 td
1773 1804 1865 1861 audita
1880 1806 1972 1861 cuncti
1998 1806 2093 1861 emul-

429 1894 568 1951 bominem
582 1906 638 1947 non
651 1906 845 1964 usquequaque
859 1890 943 1946 vitam
969 1889 1075 1947 duxisse
1097 1890 1227 1964 felicem),
1284 1897 1352 1946 tant.
1372 1890 1504 1963 lqiturad
1516 1892 1621 1962 jussum
1636 1890 1773 1963 pontilicis
1795 1893 1935 1950 semirutas
1963 1894 2092 1951 ecciesiae

430 1982 574 2041 confestim
588 1980 659 2052 quod
672 1977 767 2035 debuit
780 1977 936 2036 officinmei
958 1979 1097 2036 charitatis
1120 1979 1229 2052 impen-
1282 1979 1469 2051 pavimentum
1482 1978 1622 2047 effoditur,
1649 1980 1800 2053 promissus
1828 1966 1971 2039 thesaurus
2000 1992 2093 2039 sancta

429 2072 478 2129 dit.
489 2070 597 2127 Etenim
610 2066 752 2124 monacbis
770 2067 821 2122 sub
835 2082 889 2124 uno
902 2068 1113 2140 vocatispandit
1140 2085 1228 2126 even·
1245 2068 1438 2163 Bouriositale
1464 2068 1653 2142 investigatur.
1684 2070 1846 2127 sanctorum
1881 2085 2001 2145 corpora
2030 2088 2090 2127 curn

431 2169 488 2217 tum
503 2158 554 2229 rei,
579 2157 771 2229 subjungendo
798 2172 897 2227 preces
929 2156 1025 2229 quibus
1063 2157 1232 2214 exhortando
1285 2155 1377 2213 tabula
1391 2156 1450 2213 haec
1464 2158 1619 2215 continente
1639 2159 1811 2231 reperientur
1832 2158 1905 2215 :llic
1920 2176 2091 2224 naomssmr

428 2256 539 2325 perorat
552 2251 686 2319 qnatenus
701 2262 751 2318 pro
766 2246 857 2301 anima
871 2245 996 2302 defuncti
1010 2246 1157 2303 Dominum
1171 2254 1230 2301 stu·
1285 2244 1937 2318 saucruszrnsocsarrrrsrasEsomcsnsrs,
1951 2264 1987 2304 ar
2007 2264 2090 2304 sara·

430 2338 535 2395 diosius
549 2344 636 2395 orent.
655 2336 755 2390 Parent
768 2334 806 2389 illi
822 2335 932 2391 monitis
948 2336 1019 2406 ejus,
1035 2343 1062 2391 et
1071 2350 1122 2407 pro
1132 2343 1234 2393 aeterna
1284 2348 1368 2390 asum
1396 2348 1518 2391 scaurus
1541 2336 1714 2405 Tvuaaarus,
1738 2338 1901 2405 corrasus,
1925 2340 2085 2403 Acamas,

430 2428 518 2485 salute
536 2426 626 2481 fratris
636 2424 735 2479 instant
750 2422 886 2495 rigililiis,
916 2423 1014 2479 instant
1041 2425 1163 2495 psalmis,
1193 2425 1233 2481 in·
1285 2422 2087 2489 StoaaoussrouaWrucarnus.lixhisservusDeiornui·

429 2524 501 2573 stant
514 2512 651 2586 lacrymis,
668 2512 808 2585 pulsantes
831 2510 866 2567 ad
896 2512 1006 2581 ianuam
1034 2512 1233 2569 misericordias
1285 2513 1402 2583 potentis
1415 2514 1538 2586 gaudens
1553 2514 1700 2585 hilarisque
1722 2512 1850 2583 effectus,
1875 2528 2003 2587 repertas
2023 2514 2089 2572 reli-

429 2603 524 2662 muudi
545 2601 747 2673 Redemptoris.
777 2599 867 2671 Super
893 2600 952 2657 bac
980 2616 1089 2673 quoque
1118 2600 1233 2674 singulis
1285 2600 1435 2671 quiaslcco
1449 2600 1556 2657 interim
1571 2610 1635 2673 apto
1649 2602 1803 2660 collocavit.
1820 2602 2000 2660 Postmodum
2025 2618 2089 2660 vcro

429 2693 530 2752 diebus
545 2689 657 2749 odertur
668 2706 721 2761 pro
736 2704 769 2745 eo
784 2690 813 2745 id
827 2688 899 2759 quod
914 2688 958 2745 bis
973 2690 1104 2745 omnibus
1118 2688 1235 2746 antecel·
1285 2689 1322 2745 ad
1336 2704 1437 2760 corpus
1451 2690 1536 2745 sancti
1550 2690 1682 2748 Wilfredi
1695 2690 1794 2748 ieretro
1818 2692 2017 2749 conrenieuter
2040 2708 2091 2764 ap-

430 2784 471 2851 lit,
487 2781 555 2837 illud
570 2779 673 2837 scilicet
686 2776 849 2834 sacrificium
863 2776 952 2833 laudis
967 2777 1039 2848 quod
1054 2777 1081 2833 in
1097 2793 1144 2834 ara
1167 2794 1232 2835 cru·
1287 2785 1353 2849 tato,
1367 2778 1436 2835 iliud
1450 2778 1478 2834 in
1497 2776 1530 2836 e'o
1559 2796 1662 2852 magna
1689 2796 1752 2837 curn
1780 2780 1935 2837 reverentia
1963 2780 2090 2837 condidit

429 2873 469 2929 cis
483 2870 570 2926 filius
584 2868 634 2923 liei
648 2866 745 2924 obtulit
759 2866 831 2923 Patri
845 2882 893 2922 suo
907 2882 956 2939 pro
970 2866 1064 2923 nobis.
1084 2865 1153 2931 Quae
1168 2869 1233 2923 dum
1286 2871 1380 2935 utpote
1394 2878 1475 2938 quern
1490 2880 1591 2937 magno
1606 2864 1761 2935 Wilfredo,
1785 2864 1922 2921 fundatori
1949 2864 2088 2935 videlicet,

434 2960 512 3025 finnt,
526 2971 584 3013 una
607 2955 729 3013 noctium
756 2953 888 3025 pontifici,
919 2955 947 3009 in
975 2955 1096 3011 oratione
1124 2956 1232 3013 Christo
1285 2953 1336 3009 loci
1351 2952 1438 3025 ipsius
1452 2954 1687 3027 consanguinitate
1700 2954 1824 3024 junctum
1852 2960 1977 3021 novant,
2009 2968 2090 3024 quem

431 3047 506 3119 apud
520 3043 1000 3110 Eboracumintendenti,defunctus
1014 3042 1236 3101 idemvisibiiitcr
1285 3042 1313 3098 in
1327 3042 1449 3115 regimen
1465 3042 1595 3098 Ecclesiae
1623 3041 1816 3111 Eboracensis,
1832 3042 1901 3097 sicut
1916 3042 2089 3098 Venerabilis

433 3134 560 3207 apparuit
576 3150 582 3196 ;
599 3149 615 3188 a
630 3146 684 3203 quo
698 3140 887 3203 percunctatus
907 3130 969 3203 quia
996 3139 1077 3198 esset,
1100 3132 1176 3187 ilium
1205 3148 1234 3189 so
1287 3130 1363 3188 Beda
1379 3128 1562 3202 propslidem
1580 3130 1709 3189 Historia
1722 3132 1812 3204 gentis
1826 3130 1978 3203 anglorum
1995 3130 2089 3199 refert,

431 3236 552 3296 proquo
566 3229 593 3277 et
608 3221 665 3292 ipse
679 3234 771 3292 perse
785 3219 864 3275 etalii
879 3234 928 3290 per
942 3220 1031 3291 ipsum
1047 3221 1134 3276 Deum
1148 3219 1233 3277 inter·
1287 3220 1313 3277 ei
1327 3208 1630 3288 successissa‘acieban
1657 3232 1791 3293 quemque
1818 3219 1856 3274 uti
1885 3218 2008 3276 nominis
2032 3219 2090 3289 ejus

400 3318 406 3329 “
434 3311 651 3388 pellabantesse
667 3308 1078 3381 respouditdtiliesuspirans,
1096 3310 1233 3381 Qualiter,
1286 3306 1619 3377 consortemitactvitae
1647 3320 1810 3379 morumque
1838 3307 1977 3364 heredem
2009 3307 2092 3363 fuisse

431 3403 531 3476 inquit,
549 3401 652 3468 frater,
664 3398 714 3455 libi
726 3399 834 3471 fallaci
844 3399 1105 3472 pacfilernunccst
1116 3399 1234 3456 illucta-
1289 3405 1440 3471 acceperat.
1458 3398 1560 3469 Corpus
1572 3399 1629 3470 (28)
1644 3397 1778 3470 siquidem
1793 3395 1865 3452 illius
1879 3396 1996 3468 maioris
2017 3395 2092 3452 Wil-

432 3491 554 3562 nus,ait,
570 3487 656 3546 vaide
669 3489 755 3558 mnia,
767 3503 846 3544 nunc
859 3491 957 3544 cutem
972 3488 1053 3544 acida
1068 3487 1150 3545 bcue.
1168 3489 1233 3544 Tuis
1248 3458 1274 3522 G
1288 3488 1368 3558 tradi,
1385 3487 1458 3560 quod
1473 3485 1647 3543 semotumab
1670 3485 1734 3543 aliis
1761 3501 1812 3558 per
1838 3499 1867 3541 sa
1895 3485 1923 3540 in
1952 3485 2087 3541 eminenti

431 3580 650 3655 quippcmertlia
664 3581 693 3635 el
705 3577 834 3649 precibus
848 3593 867 3632 o
880 3577 1234 3650 penisquibuscrucicbar
1287 3577 1347 3633 loco
1362 3575 1389 3630 in
1405 3575 1464 3647 ipsa
1490 3575 1606 3632 ecclesia
1630 3573 1751 3630 tumbam
1778 3573 1920 3642 babuerat,
1951 3589 2036 3644 quam
2066 3581 2092 3629 et

432 3687 483 3744 per
496 3669 726 3742 onoclumsaurn
735 3681 780 3721 mc
800 3665 846 3722 die
869 3665 1002 3722 bestamo
1025 3667 1133 3738 cripuit
1149 3667 1231 3722 Deus.
1286 3663 1453 3738 epitaphium
1464 3671 1493 3719 ut
1507 3664 1580 3720 idem
1594 3663 1673 3720 Beda
1687 3663 1715 3718 in
1728 3663 1827 3719 cadem
1854 3661 1971 3718 Historia
1995 3671 2089 3718 narrat

434 3759 511 3829 oruc
524 3763 554 3815 ct
580 3756 631 3813 till
659 3753 835 3812 insinuando
861 3756 929 3811 ueni
943 3755 1053 3827 prutina
1071 3770 1163 3828 opera,
1181 3770 1234 3828 quo
1286 3753 1403 3828 digniter
1417 3753 1606 3820 decoraverat,
1623 3767 1639 3808 a
1654 3751 1775 3826 gloriam
1799 3749 2010 3807 cantuariorum
2039 3767 2091 3807 an·

432 3847 594 3906 adverteras
608 3845 675 3901 ficet
693 3843 721 3899 ld
749 3845 856 3916 optime
886 3843 969 3911 scias,
992 3859 1077 3916 quam
1092 3846 1234 3916 protiosus
1287 3843 1368 3900 tistita
1383 3841 1491 3912 Odonc,
1507 3842 1585 3913 cujus
1600 3841 1627 3896 in
1642 3841 1718 3898 initio
1733 3840 1814 3911 hujus
1842 3837 1965 3912 opusculi
1993 3840 2091 3910 paucis

431 3953 483 4011 pro
501 3938 553 3993 boc
567 3936 595 3990 cl
610 3933 678 3988 atita
691 3932 867 3996 r’urcdabcoa
884 3930 1085 3989 Dcocaistcre.
1108 3932 1158 3987 liis
1172 3931 1233 3987 dic·
1286 3931 1472 4002 meminimus,
1489 3930 1649 3988 translatum
1664 3929 1835 3987 cantuariam
1857 3928 1955 3998 fuerat,
1984 3944 2089 3999 quem-

432 4026 475 4091 tis,
490 4037 546 4078 non
560 4019 720 4091 comparuit.
735 4018 782 4073 Vir
791 4027 879 4074 antem
895 4019 1014 4088 Domini,
1023 4019 1233 4092 magnognudio
1286 4021 1433 4078 admodum
1446 4021 1561 4093 ipsamet
1574 4021 1602 4075 in
1616 4020 1733 4092 prologo
1749 4017 1817 4074 Vitae
1845 4017 1930 4089 ipsius
1943 4015 2088 4086 Wilfredi,

431 4111 468 4169 ad
481 4111 532 4166 ista
547 4109 678 4180 repletus,
709 4105 848 4162 benedixit
877 4107 965 4164 Deum
993 4123 1077 4178 super
1102 4104 1233 4164 ineffabili
1285 4127 1346 4184 qum
1359 4126 1412 4183 per
1425 4125 1487 4166 eum
1502 4109 1613 4166 heroico
1633 4117 1718 4164 metro
1739 4106 1890 4179 composita
1913 4113 1965 4175 cst,
1978 4113 2092 4162 attesta-

431 4197 618 4256 miserimrdia
630 4196 700 4267 ejus.
717 4195 798 4251 facto
813 4208 903 4263 mane,
918 4195 984 4268 qnid
996 4195 1099 4252 factum
1111 4196 1156 4265 ait,
1167 4195 1234 4268 quid
1262 4239 1269 4252 .
1286 4206 1329 4256 tur
1342 4200 1379 4255 ita
1394 4197 1539 4255 scribens:
1554 4196 1908 4270 lpiturocucrnbilissr‘rnor
1918 4193 1995 4252 bauti
2018 4211 2091 4252 corr·

430 4287 538 4358 viderit,
546 4284 610 4358 quid
628 4283 755 4341 audierit.
767 4282 872 4341 Dehinc
882 4284 1021 4340 exsuitans
1036 4291 1062 4340 et
1073 4283 1233 4357 gaudcmin
1284 4285 1399 4358 sarsoris
1415 4283 1521 4341 Christi
1538 4281 1661 4354 Wiisridl
1675 4279 1967 4354 ratiqufosludrccnti
1995 4281 2087 4336 renti-

430 4377 536 4450 Spiritu
551 4383 655 4445 sancto,
672 4387 722 4447 pro
737 4387 768 4429 re
782 4389 843 4444 qua
865 4372 1019 4447 contigerat
1045 4373 1150 4446 gratim
1177 4373 1234 4446 egit
1285 4370 1739 4445 noroeocrnpiairsftumarcidos,
1752 4367 2092 4441 nimioquoddicluquo·

429 4469 487 4525 Deo
503 4464 577 4522 Patri
591 4480 643 4536 per
655 4461 821 4519 oblationem
835 4461 958 4532 corporis
978 4469 1005 4517 et
1017 4462 1160 4534 sanguinis
1187 4461 1232 4518 di·
1284 4463 1602 4536 quamrticulosumcrt,
1612 4461 1795 4532 praelatorum
1807 4457 2089 4530 horripilationem-

429 4553 569 4613 lcctissimi
584 4551 643 4608 filii
657 4551 709 4620 sni,
726 4549 753 4605 in
767 4551 902 4623 quosoio,
927 4550 997 4606 sirm
1021 4549 1080 4621 ipse
1108 4553 1230 4617 testatur,
1283 4553 1471 4625 plerinacum
1479 4549 1546 4606 inda
1552 4551 1652 4620 scente
1669 4545 1730 4606 Deo
1740 4546 1876 4604 sciliceta
1887 4545 1945 4602 loco
1962 4545 2091 4618 sepulcri

428 4645 500 4703 bena
514 4641 664 4715 complacet
679 4637 732 4694 sibi
743 4637 856 4709 (dotti.
869 4651 917 4708 ιιι,
936 4639 989 4707 itt).
1000 4637 1231 4694 blandaritetiam
1284 4633 1345 4704 ejus
1351 4631 1465 4704 quidam
1473 4629 1700 4696 transtulissent,
1712 4625 1991 4697 rcrsrsntsrsccspi,
2001 4629 2089 4697 utque

428 4736 480 4792 boc
493 4735 582 4806 ipsam
598 4728 660 4785 liliis
672 4727 738 4794 suis,
755 4726 898 4782 monacbis
920 4725 1048 4784 ridoliaer
1069 4724 1231 4782 lismesien·
1283 4714 1513 4772 mmmmm
1522 4709 1962 4785 Wlfflltfli'w'loeffflmstfflfi
1974 4709 2080 4780 ΓΜ·
2166 4725 2167 4764 l

427 4823 503 4880 sibus
511 4819 592 4878 simul
606 4826 634 4874 et
646 4813 901 4890 Wipornensibus;
918 4821 946 4870 et
969 4812 1043 4886 quod
1057 4827 1107 4885 pro
1132 4813 1231 4870 animae
1247 4799 1335 4880 Dm
1365 4799 1491 4857 ⁶⁶⁶1&ss
1513 4797 1665 4865 collocooi;
1688 4797 1848 4870 Wlfflin
1878 4795 1995 4865 ΜΝ*
2033 4794 2088 4850 ω’

426 4911 518 4968 fratris
532 4906 704 4966 absolutionc
717 4905 764 4977 pio
778 4904 837 4960 lieo
852 4911 943 4976 gratm
957 4902 1141 4972 exsolverent,
1166 4917 1231 4960 mo.
1284 4889 1463 4962 conrspsiistoe
1488 4887 1666 4954 testimonfor
1683 4901 1744 4943 anco
1755 4884 1886 4941 uidelicet
1897 4883 2089 4954 apolopeticc,

425 4999 523 5056 nura
537 5000 659 5055 nonnius
673 4999 723 5053 m.
737 4991 817 5064 ouon
831 4991 883 5066 ipsi
898 4990 1132 5066 surgeriarum
1147 5005 1228 5048 exse·
1283 4973 1351 5048 run
1366 4972 1525 5042 amorque
1542 4970 1633 5042 fuerit
1650 4983 1761 5042 rapo,
1789 4965 2037 5040 commutentur
2061 4971 2090 5022 et
2166 4993 2167 5004 κ

428 5097 483 5154 0215
492 5102 565 5153 sunt,
1282 5057 1386 5131 opattoe
1405 5056 1481 5126 (Luc.
1513 5068 1580 5120 xrrr,
1610 5054 1665 5123 37).
1709 5053 1811 5124 ltaque
1844 5053 1936 5106 tnntoe
1971 5052 2090 5120 tompus

473 5195 612 5250 Praeterea
625 5189 765 5249 dioecasim
781 5203 858 5246 suam
872 5186 1033 5262 opportunis
1063 5187 1233 5260 temporibus
1282 5143 1352 5240 Μ.
1375 5139 1458 5212 dim
1496 5139 1648 5210 “mmm
1679 5135 1841 5193 ‘mmm'
1864 5134 2025 5200 mmm&
2061 5139 2091 5190 ’ἲ

1282 5221 1401 5283 cdrtrore
1421 5239 1468 5281 cns
1493 5219 1614 5280 entheca
1640 5221 1785 5288 decusare,
1809 5221 1839 5276 el
1874 5217 2019 5288 ccccrptlr
2054 5218 2088 5274 dc

430 5304 590 5363 Pfflfflfflr
605 5287 740 5360 qnid‘lui‘l
761 5286 882 5344 edim
913 5292 1022 5357 Ροῑθηῑ
1048 5283 1077 5340 ὶη
1103 5283 1229 5341 mmihu'
1281 5310 1352 5367 libro
1377 5305 1451 5366 Vite
1473 5307 1534 5378 rjus
1562 5305 1689 5375 flosculis
1724 5318 1795 5362 nouo
1832 5317 1916 5376 opera
1956 5303 2088 5374 pretium
2166 5365 2167 5376 ,

424 5379 1120 5453 suorum0⁰⁰l⁰⁵⁸umm50010ff011d0fflrimm·
1147 5380 1227 5437 ΜΠ·
1281 5393 1354 5452 duri
1367 5393 1495 5450 carmine
1521 5395 1683 5449 crantore.
1712 5387 1822 5454 bevotis
1850 5400 1919 5458 erpo
1946 5385 2083 5459 reliqniis,

424 5483 537 5558 gadono
550 5481 687 5550 corripere
715 5489 796 5552 atqua
824 5481 964 5550 corrigere
987 5477 1138 5550 satagebat.
1163 5474 1228 5535 Haec
1280 5487 1309 5547 et
1333 5476 1534 5544 convenienter,
1561 5483 1590 5532 ut
1615 5473 1683 5544 dixi,
1712 5473 1819 5540 locatis,
1848 5467 1922 5525 aliud
1950 5469 1986 5524 ab
2028 5470 2077 5526 illo

457 5661 516 5736 (28)
531 5657 677 5718 Historiam
701 5653 883 5714 translationis
909 5653 1073 5726 reliquarum
1102 5645 1226 5708 Willridi
1279 5648 1408 5704 iuniores
1422 5661 1476 5702 non
1492 5641 1610 5701 Seniorls
1625 5643 1659 5728 ab
1687 5641 1783 5699 Odone
1801 5641 1968 5726 mandatum·
1990 5641 2086 5698 fuisse.

423 5733 550 5794 Senioris
563 5728 819 5788 Eadmerusfnsius
847 5727 966 5782 narrarit
990 5723 1020 5779 in
1047 5723 1108 5780 Vita
1136 5721 1224 5792 iilius,
1280 5720 1321 5775 De
1375 5715 1591 5775 scontroversla
1606 5714 1669 5770 ride
1683 5713 1905 5768 blaisbunensem
1936 5713 1976 5768 lle
2002 5723 2079 5796 gest.
2166 5723 2167 5750 ³

496 5805 569 5861 inter
582 5807 649 5860 dam
663 5797 842 5858 bencdictim.
861 5804 958 5863 casim,
974 5793 1046 5852 Sara.
1058 5795 1107 5864 lli,
1118 5809 1147 5865 p.
1159 5795 1223 5851 226.
1280 5789 1376 5862 pontii.
1389 5788 1473 5860 angi.
1492 5785 1514 5841 f.
1535 5785 1596 5852 tta,
1612 5793 1638 5842 ct
1652 5792 1717 5840 torn.
1736 5779 1745 5838 l
1762 5781 1843 5854 bajus
1856 5783 2037 5851 collectionis,
2055 5795 2085 5856 p,

448 5875 614 5932 altadmero
628 5869 817 5930 Gerrasiusin
830 5867 966 5925 chronico
979 5883 1008 5938 p.
1022 5863 1102 5922 lati.
1119 5863 1226 5922 Acritm
1279 5861 1324 5917 66.
1340 5859 1484 5932 Proiopum
1498 5865 1589 5914 sutem
1611 5853 1715 5914 odonis
1742 5851 1779 5912 ab
1806 5851 1944 5914 Badmmo
1968 5855 2086 5914 citatum

420 5957 534 6006 sconca
550 5942 751 6007 matccdcbmt
777 5939 949 5999 Eboracsnsa
971 5952 1074 6010 corpas
1096 5931 1224 5994 Witlridi
1284 5932 1410 6008 ruperim
1422 5929 1516 5998 nanu,
1529 5945 1560 6004 p.
1573 5930 1620 5988 50.
