4750 6725
433 565 485 619 aar

433 665 533 741 amoris
547 681 630 740 uestri
644 681 720 736 cordi
739 697 800 736 meo
820 695 931 750 semper
946 684 1086 752 augeatur,
1103 675 1139 730 ita
1156 677 1231 731 nulla
1244 680 1274 740 Α

433 781 527 828 nostra
541 772 575 828 ab
590 769 706 826 invicem
731 769 853 824 absentia
877 766 981 824 efficere
996 765 1078 831 ualet,
1095 771 1124 819 ut
1139 765 1232 836 aliquo

433 861 516 918 modo
532 861 682 914 nrinuatur.
706 857 746 911 De
761 855 908 910 moralibus
931 855 983 909 lob
1008 852 1166 920 mandastis,
1183 852 1231 906 sed

434 952 550 1007 domnus
575 947 660 1003 abbas
683 945 863 1000 Cudumcnsis
887 944 1042 1000 Willelmus
1065 948 1091 996 et
1116 942 1232 996 domnus

433 1041 588 1094 Hernostus
607 1033 703 1090 fidelos
716 1033 797 1089 vestri
812 1033 973 1088 imeuerunt
997 1030 1167 1102 scriptorem,
1184 1031 1232 1102 qni

430 1128 488 1198 jam
512 1126 614 1181 habeus
637 1129 756 1178 nostrum
780 1123 890 1190 librum,
906 1129 1038 1186 vestrum,
1054 1125 1083 1174 ut
1098 1127 1172 1190 puto,
1186 1118 1232 1173 iu·
1264 1130 1270 1141 ¹·

431 1215 521 1285 coepit.
544 1215 579 1270 Ut
593 1213 676 1267 libros
697 1211 840 1268 beatorum
864 1210 1000 1266 Ambrosii
1025 1213 1051 1264 et
1074 1207 1233 1278 Hieronymi

431 1303 558 1367 habeam,
575 1301 610 1356 od
624 1303 676 1357 hoc
691 1302 764 1371 quod
776 1299 910 1371 jussistis,
927 1297 1050 1354 laborari
1074 1301 1101 1352 et
1124 1297 1229 1351 laboro.

430 1393 485 1448 Sed
504 1407 551 1448 cos
569 1391 691 1446 nondum
714 1389 816 1445 babere
840 1389 928 1458 potui.
950 1386 1038 1455 Quam
1062 1401 1129 1442 vero
1153 1384 1231 1439 citius

427 1488 535 1554 putero,
546 1479 619 1550 quod
634 1494 684 1535 ros
699 1479 762 1558 inde
775 1476 845 1534 velle
856 1477 913 1532 seio
924 1474 1073 1548 perliciam.
1085 1474 1230 1530 Girardom

358 1623 360 1632 ,
426 1578 547 1628 vestrum
571 1569 606 1624 de
630 1566 762 1623 Flandrie
776 1583 825 1639 per
838 1573 938 1624 vestrae
955 1564 1061 1636 pictatis
1078 1563 1229 1636 largitatem

427 1659 486 1716 Deo
501 1657 535 1714 de
549 1658 652 1712 mundo
667 1664 762 1712 nostra
775 1659 952 1728 suggestione
964 1654 1144 1725 redemptum,
1158 1654 1230 1707 unde

426 1765 482 1816 rue,
497 1748 519 1802 si
534 1754 624 1802 uester
647 1761 702 1800 uon
728 1760 824 1810 essem,
850 1742 992 1798 coirhtercr
1016 1757 1125 1796 servum
1150 1740 1229 1796 robis

626 527 631 539 “
700 556 729 615 a.
755 553 1092 616 iussnmcmrusu.
1110 551 1270 610 anciliae.
1291 556 1370 613 om.
1402 553 1489 613 rins
1514 551 1560 611 m.
1575 553 1815 616 -arrsrooa

1530 682 1703 739 El‘lSTOLA
1719 686 1840 741 exatv.

1476 785 1601 827 assensn
1622 787 1659 827 sn
1678 790 1706 828 a.
1726 791 1891 833 nerscorun.

1321 859 1438 917 booriuo
1459 870 1486 915 et
1508 861 1580 915 Patri
1605 863 1755 921 reverendo
1779 866 1908 939 episcopo
1930 869 1976 940 G.‚
2002 871 2090 929 irater

1287 947 1452 1016 hasnanuS,
1464 949 1510 1022 qui
1523 949 1621 1004 dicitur
1630 950 1717 1007 abbas
1727 955 1815 1025 Becci,
1830 959 2009 1029 temporalem
2024 978 2089 1034 pro·

1285 1037 1440 1107 speritatem
1455 1047 1480 1093 et
1495 1048 1623 1094 aeternam
1639 1041 1808 1100 felicitatem.

1322 1125 1433 1181 Gratias
1456 1127 1562 1200 agimus
1575 1138 1672 1186 restrae
1685 1133 1831 1205 sanctitati,
1848 1153 1908 1207 quae
1923 1148 2031 1196 nostras
2059 1151 2088 1198 ct

1286 1213 1397 1268 lratmm
1420 1224 1576 1273 nostrorum
1598 1220 1733 1276 orationes
1751 1223 1912 1294 postulando
1926 1244 1990 1284 suas
2005 1231 2088 1288 nobis

1285 1310 1326 1357 est
1341 1303 1453 1372 dignata
1468 1321 1517 1376 per
1530 1306 1658 1363 dilectum
1674 1308 1783 1365 iratrcm
1808 1319 1932 1370 nostrum
1953 1317 2086 1374 domnum

1284 1390 1420 1448 Ricullum
1436 1395 1587 1451 concedere
1610 1404 1636 1451 et
1661 1415 1718 1455 suae
1745 1399 1944 1460 benevolentia
1971 1408 2085 1477 auxilia,

1284 1479 1438 1553 ubicunque
1465 1486 1651 1556 opportunitas
1676 1489 1826 1560 exhibebit,
1853 1495 2021 1563 promittere.
2042 1498 2087 1553 hd

1284 1569 1357 1638 quod
1371 1577 1471 1640 quanto
1486 1573 1574 1628 nriuus
1588 1576 1662 1646 quod
1675 1577 1758 1650 digne
1773 1595 1982 1653 recompensare
1998 1587 2088 1656 possi·

1283 1673 1344 1712 mus
1357 1658 1500 1727 babemus,
1517 1665 1591 1717 tanto
1605 1663 1694 1736 magis
1716 1666 1848 1739 quidquid
1876 1684 2021 1741 possumus
2046 1676 2085 1729 ad

1282 1755 1380 1802 restrae
1408 1749 1578 1806 celsitudinis
1605 1754 1744 1808 servitium
1764 1765 1791 1812 et
1804 1773 1889 1829 opere
1903 1768 1929 1815 ct
1943 1762 2085 1819 uoluntate

427 1844 558 1908 emptum,
570 1833 614 1890 die
628 1848 644 1889 a
659 1832 739 1889 uobis
754 1833 897 1889 constituta
911 1831 979 1886 sciat
992 1831 1122 1885 sanctitas
1139 1837 1229 1884 vestra
1281 1836 1440 1906 impendere
1456 1839 1587 1896 debemus
1602 1850 1629 1897 ct
1644 1842 1740 1910 baum,
1758 1857 1868 1917 propter
1889 1867 1970 1921 quem
1999 1854 2083 1910 nobis

426 1926 485 1982 sinc
499 1923 577 1996 graui
590 1923 698 1993 jactura
712 1917 1228 1990 essenonpotuisseahsolutumacrc·
1281 1927 1451 1996 promptius,
1476 1944 1556 1984 orm-0
1578 1938 1607 1985 up
1628 1930 1686 2002 ipse
1713 1933 1794 1990 ,obis
1821 1939 1970 1995 secundum
2000 1958 2080 1999 suam

425 2011 560 2070 ditoribus
578 2010 643 2066 suis.
665 2009 741 2064 Venit
767 2016 856 2064 tomen
881 2007 969 2080 prima
992 2005 1133 2062 Dominica
1148 2005 1265 2080 Qua-13
1282 2013 1422 2084 copiosam
1446 2016 1598 2088 largitatem
1628 2021 1760 2076 retribuat
1787 2026 1860 2097 qood
1887 2044 1939 2083 nos
1966 2039 2084 2102 propter

424 2101 597 2174 dragesimae,
613 2106 729 2156 vestram
745 2097 772 2151 in
797 2113 827 2152 se
851 2095 993 2168 magnilica
1009 2094 1222 2150 misericordiam

424 2190 586 2264 praedicans,
612 2194 639 2242 et
665 2187 778 2256 qualiter
803 2193 903 2240 nostrae
931 2201 987 2238 non
1017 2191 1071 2239 tam
1100 2184 1221 2254 petitioni

425 2295 509 2351 quam
532 2277 585 2334 levi
604 2276 751 2332 voluntatis
779 2272 972 2347 significationi
998 2273 1026 2326 in
1053 2273 1111 2342 ejus
1140 2289 1223 2327 causa

422 2367 544 2441 dignatio
559 2374 647 2423 vestra
663 2364 728 2420 iuvit
743 2370 770 2420 et
785 2379 893 2434 semper
907 2377 937 2418 se
951 2362 1020 2418 uelle
1036 2359 1127 2416 lovere
1156 2360 1222 2415 inti·

421 2457 516 2514 mavit.
533 2453 585 2524 Qui
600 2453 666 2509 dixit
680 2470 709 2509 so
725 2452 793 2508 velle
808 2459 845 2513 et,
861 2459 994 2523 quantum
1011 2449 1105 2505 attinet
1119 2450 1155 2504 ad
1170 2451 1223 2506 hoc

421 2547 495 2620 quod
509 2545 589 2600 habet
605 2541 747 2616 possesio
760 2541 878 2598 reddere
893 2541 966 2610 quod
980 2539 1062 2594 debet
1076 2546 1102 2594 ut
1118 2538 1222 2608 aliquid

424 2635 499 2708 quod
513 2649 605 2689 secum
629 2629 739 2687 offerret
757 2629 889 2698 haberet,
912 2629 960 2683 sed
984 2643 1034 2699 pro
1057 2627 1222 2699 quibusdam

418 2711 695 2796 11ιιιριιιιίιιιειιιῑιιιοιι
710 2719 830 2792 potuisse
843 2717 994 2774 secundum
1013 2716 1168 2774 condictum
1193 2725 1223 2773 ut

420 2818 568 2884 oporteret.
588 2809 680 2866 Rediit
700 2808 793 2882 igitur,
816 2807 977 2879 promittens
1002 2822 1032 2862 se
1061 2806 1088 2860 in
1115 2805 1219 2861 Pascha

418 2903 534 2960 Bessum
551 2900 609 2955 Deo
623 2906 759 2954 annuente
778 2904 924 2953 tenturum
948 2903 973 2951 et
997 2911 1168 2958 mansurum,
1196 2898 1220 2953 si

418 3007 474 3048 non
489 2988 627 3062 quomodo
638 2987 719 3054 volat,
733 2986 778 3041 vel
793 2986 833 3042 sic
844 2985 980 3056 quomodo
990 2986 1098 3056 poterit.
1112 2983 1139 3040 Si
1154 2983 1220 3056 quid

417 3078 502 3151 igitur
517 3076 641 3148 peccavit
656 3076 719 3146 qnia
733 3073 945 3146 promissionem
961 3073 1039 3129 vobis
1061 3073 1160 3129 luctum
1184 3072 1219 3128 ad

416 3169 528 3241 penum
548 3183 602 3223 non
624 3173 666 3222 est
681 3171 836 3232 exsecutus,
852 3163 977 3233 quoniam
999 3177 1052 3218 non
1076 3162 1101 3216 id
1128 3161 1218 3217 adrni-

417 3257 489 3314 sisse
505 3254 638 3312 malitiam
654 3253 769 3320 videtur,
786 3261 848 3324 peto
873 3267 994 3320 securus,
1021 3257 1050 3306 ut
1072 3250 1159 3320 soleo,
1183 3250 1220 3307 de

414 3353 504 3406 vestra
528 3343 706 3417 benignitate,
722 3350 855 3415 qnatenus
870 3339 926 3397 filio
940 3347 1029 3397 teslro
1053 3340 1112 3397 Vile
1135 3340 1218 3408 1³⁸Uis
1234 3378 1259 3441 G
1273 3367 1303 3414 ut
1325 3359 1442 3416 domnus
1463 3362 1540 3419 Serio
1562 3366 1599 3421 ad
1621 3383 1683 3436 noa,
1705 3387 1766 3427 cum

415 3436 500 3493 liceat
514 3450 576 3491 eum
592 3434 642 3490 hoc
655 3440 731 3489 reatu
746 3430 890 3488 absolvere
905 3446 967 3487 curn
982 3430 1121 3486 nobiscum
1145 3430 1218 3485 incr·
1272 3456 1355 3517 esset,
1379 3459 1511 3521 qumum
1527 3453 1660 3524 jubemus
1686 3470 1839 3519 mmmm

414 3526 471 3597 piet
484 3526 589 3581 virere.
609 3524 639 3578 lo
656 3536 710 3595 qua
724 3536 754 3577 re
768 3522 839 3577 lianc
853 3527 955 3594 certam
970 3534 1134 3591 praesumam
1148 3535 1217 3576 con-

413 3614 577 3683 cessionem,
595 3612 618 3669 si
635 3610 738 3667 nullam
754 3610 849 3683 legero
863 3608 1090 3680 prohibitionem.

656 3726 824 3785 EPISTOLh
843 3724 956 3781 CXXtIt

640 3849 759 3891 cusanus
778 3848 814 3889 an
830 3846 987 3889 rrnumcua.

446 3938 566 3998 Domino
590 3943 617 3993 et
644 3934 717 3991 lratri
739 3934 885 4003 llasmco,
902 3932 984 3988 irater
999 3932 1151 3987 hosneuus
1168 3945 1216 3987 sa-

412 4029 506 4089 lutem.

447 4117 515 4173 Cum
530 4116 644 4170 Romam
660 4110 800 4169 tendentes
825 4108 961 4165 transistis
984 4125 1070 4183 prope
1085 4126 1145 4180 nos,
1162 4109 1215 4165 mi-

411 4213 503 4263 rantes
522 4203 659 4271 doluimus
684 4200 748 4273 quia
772 4216 827 4255 non
851 4199 943 4269 potius
967 4215 1016 4271 per
1038 4217 1103 4267 nos,
1127 4199 1215 4255 donec

411 4292 565 4353 audiuimus
579 4292 631 4347 boo
644 4290 722 4347 vobis
736 4288 904 4361 prohibitum
920 4304 981 4344 esse
1000 4288 1027 4343 in
1050 4288 1148 4349 eundo.
1166 4289 1215 4344 sed

410 4398 571 4441 concessum
587 4381 615 4437 in
630 4376 781 4437 redeundo.
793 4376 1019 4447 Exspectarimus
1032 4377 1123 4449 igitur,
1136 4378 1214 4433 dom·

410 4490 463 4531 nns
477 4472 572 4539 abbas,
588 4476 616 4527 et
629 4484 692 4542 ego,
709 4473 736 4523 et
749 4466 796 4522 alii
811 4466 909 4522 iratres
924 4474 950 4521 et
965 4466 1107 4523 dilectores
1131 4465 1214 4522 rostri

410 4562 556 4621 adventum
571 4566 708 4625 vostrum,
720 4572 768 4627 spe
784 4554 853 4611 salsa
868 4556 1030 4628 gaudentes.
1042 4555 1129 4612 donec
1144 4554 1216 4611 didi-

409 4651 497 4711 cimus
511 4665 563 4707 roa
579 4647 606 4705 in
621 4646 771 4719 anglicam
787 4652 886 4701 terram
902 4644 1093 4715 pertransisse,
1110 4644 1214 4715 despe-

408 4740 514 4797 ratione
530 4753 593 4795 rera
607 4736 740 4792 dolentes.
753 4732 832 4801 Quod
848 4749 1000 4805 quanquam
1016 4749 1069 4805 ego
1085 4748 1138 4788 oon
1152 4733 1253 4818 sineD

409 4830 502 4901 aliqua
517 4824 671 4882 rationabili
684 4838 766 4881 causa
781 4822 884 4877 lactum
896 4837 967 4888 csse,
980 4822 1003 4876 si
1014 4820 1082 4877 beoo
1094 4830 1210 4879 vestram

409 4917 473 4977 noui
489 4914 671 4981 dilectionem,
688 4928 741 4968 nou
757 4912 881 4978 credam;
905 4917 994 4965 tamen
1009 4926 1042 4967 nc
1058 4925 1120 4983 qua,
1138 4911 1211 4983 qued

410 5006 489 5073 absit,
505 5004 548 5062 vel
563 5009 732 5073 contemptos
745 5000 790 5057 uel
810 5000 910 5055 modici
934 4999 1036 5056 amoris
1060 5014 1125 5072 erga
1148 5016 1211 5056 mo·

409 5092 557 5151 musterium
574 5098 601 5147 et
616 5092 714 5147 lratres
729 5098 836 5161 vestros
851 5090 886 5145 de
898 5088 975 5146 robis
991 5096 1101 5144 maneat
1119 5088 1210 5159 suspi-

409 5182 462 5251 cio,
479 5181 604 5237 mandate
619 5180 686 5251 quid
700 5178 760 5233 aliis
775 5178 951 5251 respondeam
976 5194 1026 5234 cur
1049 5185 1141 5233 vestra
1162 5194 1212 5234 nos

407 5270 436 5327 in
451 5270 539 5327 eunio
552 5276 578 5325 et
589 5266 729 5324 redeundo
739 5282 792 5322 non
804 5266 926 5322 visitatos
936 5265 1067 5339 praeteriit
1084 5266 1209 5333 dilectio;

410 5360 479 5416 sicut
494 5357 563 5414 enim
580 5356 707 5412 desidero
718 5371 766 5411 vos
781 5356 847 5409 nihil
864 5358 971 5426 operari
985 5354 1056 5427 quod
1069 5354 1146 5411 vobis
1156 5370 1210 5411 non

410 5448 546 5520 expediet,
562 5446 599 5501 ita
614 5446 677 5501 nolo
692 5450 854 5516 quemquam
870 5444 903 5499 de
918 5444 996 5500 uobis
1020 5443 1120 5515 aliquid
1143 5443 1206 5515 opi-

409 5538 466 5595 nari
483 5534 533 5592 nisi
549 5536 621 5607 qnod
637 5550 685 5591 vos
700 5533 806 5589 deceat.
835 5533 989 5589 louotescat
1012 5532 1092 5588 etiam
1117 5532 1206 5588 amico

407 5634 498 5685 vestro
512 5624 533 5679 si
549 5624 614 5696 quid
638 5622 671 5679 de
691 5638 719 5677 re
742 5636 792 5692 pro
815 5637 867 5691 qua
891 5620 1010 5675 animum
1026 5628 1155 5692 restrum,
1180 5628 1207 5677 et

407 5717 522 5775 aliorum
538 5712 626 5769 verbis
640 5720 667 5768 ct
682 5726 698 5767 a
714 5709 806 5766 vestris
830 5709 935 5776 litteris,
959 5710 1040 5766 valde
1062 5710 1206 5767 sollicitum

407 5815 436 5867 ut
452 5811 577 5881 parentes
592 5799 761 5871 inviserctis,
786 5798 885 5871 agnovi
908 5796 1045 5867 effecistis,
1072 5808 1207 5871 quatenus

386 5895 493 5992 &aniam
507 5901 593 5953 utrum
604 5890 682 5957 tobis
697 5889 812 5951 debeam
827 5887 944 5965 compati
957 5886 1000 5949 rel
1016 5888 1204 5965 congaudere.

1277 2110 1396 2157 nostram
1422 2107 1584 2174 parvitatem
1614 2124 1667 2164 nou
1696 2112 1833 2168 ualemus.
1853 2114 1893 2171 Dc
1913 2116 1970 2174 filio
1986 2130 2079 2177 restro

1277 2191 1360 2247 fratre
1382 2201 1478 2249 nostro
1502 2195 1602 2251 domno
1625 2198 1776 2272 Ricoardo,
1792 2206 1914 2273 quarnvis
1935 2208 2078 2266 honestius

1276 2280 1356 2335 nobis
1369 2292 1438 2337 esset
1454 2291 1481 2338 et
1495 2285 1639 2341 mallemus
1653 2290 1730 2358 prius
1745 2292 1850 2348 seruire
1871 2311 1951 2365 quam
1973 2299 2078 2370 aliquid

1277 2378 1378 2440 petere,
1394 2379 1514 2427 vestram
1531 2382 1632 2446 tamen,
1649 2378 1758 2448 quiaila
1773 2396 1818 2436 res
1836 2385 1931 2456 erigit,
1947 2403 2080 2460 rogamus

1276 2457 1471 2530 benignitatem
1486 2469 1619 2531 quatenns
1633 2465 1671 2520 illi
1687 2477 1798 2538 propter
1812 2480 1933 2528 nostrum
1955 2493 2078 2534 amorem

1276 2549 1432 2603 concedatis
1446 2549 1468 2605 si
1483 2551 1550 2621 qnid
1566 2553 1600 2608 de
1612 2570 1641 2610 se
1655 2564 1700 2611 aut
1711 2558 1746 2611 de
1756 2559 1900 2629 praebenda
1910 2581 1957 2620 sua
1966 2568 2078 2639 petierit

1276 2637 1349 2708 quod
1363 2645 1477 2694 redeam
1493 2656 1547 2695 non
1563 2642 1694 2700 dedeceat
1707 2646 1888 2709 honestatem.

1515 2739 1691 2799 aetS‘rota
1712 2745 1820 2805 CXXV.

1422 2840 1542 2884 russato
1561 2844 1597 2884 an
1617 2846 1777 2892 ιιιιιιιιιιιιιιι
1795 2854 1931 2898 marran.

1311 2914 1417 2971 Dilecto
1431 2925 1457 2972 et
1472 2918 1545 2974 Patri
1558 2923 1710 2980 reverendo
1724 2925 1816 2983 abbati
1831 2931 1980 3004 Monunio,
1992 2935 2079 2994 irater

1275 3005 1434 3070 husaastuS,
1450 3006 1576 3063 salutern.

1310 3090 1415 3149 Scitote
1430 3094 1492 3165 quia
1507 3112 1561 3167 quo
1576 3097 1675 3156 iterum
1697 3118 1742 3159 me
1765 3106 1848 3164 robis
1875 3112 2077 3172 mandaveram

1273 3195 1330 3236 non
1358 3181 1403 3237 ibo
1429 3192 1493 3240 ante
1519 3193 1629 3244 ocinum
1652 3190 1811 3262 Epiphania
1824 3198 1949 3255 Domini.
1969 3203 2078 3262 Deinde

1272 3269 1367 3326 nescio
1379 3272 1487 3340 quando
1497 3273 1543 3329 ibo
1551 3283 1598 3331 aut
1609 3277 1632 3332 si
1642 3278 1698 3335 ibo.
1709 3283 1821 3339 interim
1832 3287 1855 3342 si
1865 3288 1945 3345 robis
1956 3290 2078 3363 placeret

1790 3376 1868 3431 robis
1890 3390 2076 3451 opportunum

1311 3538 1316 3548 ι
1861 3468 1983 3539 reniret,
2007 3472 2077 3529 mibi

1272 3538 1383 3608 quidem
1398 3540 1528 3612 placeret,
1544 3552 1571 3599 ct
1585 3554 1650 3616 puto
1674 3548 1737 3619 quia
1763 3551 1802 3606 illi
1827 3569 1881 3610 oon
1907 3558 2074 3630 displiceret.

1272 3628 1371 3685 Precor
1395 3630 1566 3687 sanctitatem
1582 3638 1702 3691 vestram
1716 3646 1755 3706 ut,
1777 3641 1801 3696 si
1822 3644 1899 3699 robis
1928 3647 2076 3706 molestum

1271 3732 1326 3772 non
1340 3724 1392 3786 est,
1405 3734 1457 3788 per
1470 3735 1519 3776 vos
1532 3728 1626 3777 notum
1636 3722 1684 3779 liat
1695 3727 1814 3784 dominis
1824 3740 1851 3787 ct
1865 3734 1962 3791 amicis
1973 3740 2075 3795 nostris

1272 3806 1306 3860 de
1321 3806 1445 3878 Sagiensi
1458 3811 1625 3868 monasterio
1640 3817 1714 3883 quod
1737 3817 1773 3872 de
1795 3830 1889 3878 nostro
1906 3826 2007 3883 mando
2022 3828 2073 3884 iti-

1271 3910 1346 3950 nere.
1368 3894 1433 3952 Scio
1447 3897 1519 3952 anim
1535 3915 1583 3955 eos
1594 3901 1664 3958 sicut
1676 3919 1727 3961 uos
1741 3908 1856 3965 sollicite
1868 3926 1947 3969 orare
1960 3930 2011 3985 pro
2025 3933 2074 3974 me

1270 3991 1297 4039 et
1311 3984 1436 4054 ejusdcm
1448 3985 1553 4042 itineris
1567 3993 1757 4061 prosperitate.
1787 3998 1845 4054 Nae
1858 4002 1986 4071 paeniteat
2000 4008 2071 4062 cha-

1268 4072 1375 4127 ritatem
1401 4081 1517 4129 vestram
1545 4092 1640 4135 orasse
1668 4097 1719 4152 pro
1748 4083 1844 4142 itinere
1871 4099 1979 4162 nostro,
2009 4094 2074 4165 quia

1267 4162 1350 4217 modo
1375 4177 1429 4217 non
1444 4177 1488 4219 eo.
1504 4165 1605 4222 Potens
1619 4177 1659 4223 est
1672 4170 1746 4227 enim
1769 4174 1843 4230 Dens
1866 4193 1980 4237 servare
2003 4184 2073 4241 mibi

1268 4250 1404 4306 orationes
1419 4254 1567 4309 vestraein
1581 4267 1762 4329 opportunam
1783 4263 1867 4321 diem.
1883 4268 1987 4326 valete.

1508 4379 1679 4439 artsroaa
1701 4384 1822 4446 CXXVI.

1357 4480 1477 4522 tuscani
1492 4483 1528 4523 sn
1543 4484 1688 4529 unsarana
1709 4490 1804 4531 anana
1818 4494 1981 4540 tnaaoaua.

1304 4554 1358 4611 Suo
1374 4557 1535 4613 charissimo
1549 4558 1660 4617 domino
1675 4563 1813 4637 Hanmeo,
1831 4572 1917 4642 gratia
1932 4573 1993 4642 Dei,
2008 4576 2072 4648 rega·

1267 4641 1437 4712 hoglornm,
1467 4644 1618 4700 husanuus
1650 4648 1872 4725 archiepiscopus
1899 4656 2068 4731 Cantuariae,

1268 4727 1347 4783 fidele
1361 4727 1499 4783 servitium
1516 4736 1542 4784 et
1554 4727 1651 4785 fideles
1665 4734 1814 4792 orationes.

1301 4816 1398 4872 Audiri
1423 4816 1487 4886 qnia
1501 4834 1551 4873 vos
1565 4818 1735 4877 Willelmom
1759 4825 1875 4883 electum
1904 4830 2070 4905 episcopum

1264 4905 1489 4963 Wentoniensem
1503 4907 1651 4979 praecipitis
1663 4911 1736 4967 crire
1762 4913 1796 4969 de
1819 4917 1976 4991 episcopatu
1990 4930 2017 4976 et
2031 4924 2071 4981 de

1264 4995 1372 5069 huglia,
1388 4995 1450 5066 quia
1473 5011 1527 5051 non
1547 4999 1666 5069 suscepit
1686 5006 1915 5063 consecrationem
1931 5026 2012 5080 quam
2026 5012 2069 5070 illi

1265 5084 1351 5141 voluit
1364 5086 1458 5140 lacere
1472 5086 1696 5158 archiepiscopus
1707 5090 1890 5151 Eboracensis
1907 5102 1936 5153 et
1950 5099 1996 5153 alii
2007 5102 2068 5172 epi·

1265 5174 1350 5245 scopi.
1378 5175 1457 5230 linde
1475 5178 1875 5247 p1·ec0retconsulo,etsicut
1900 5184 1989 5243 fidelis
2016 5206 2067 5245 ar-

1264 5264 1454 5335 chiepiscopus
1468 5263 1579 5320 domino
1594 5272 1621 5320 et
1636 5267 1694 5339 regi
1704 5284 1765 5338 ano,
1777 5286 1811 5327 ne
1821 5274 1937 5331 credatis
1947 5279 2067 5338 consilio

1266 5351 1373 5408 illorum
1397 5353 1443 5425 qui
1458 5354 1510 5408 hoc
1523 5353 1601 5410 robis
1624 5357 1783 5428 consulunt,
1807 5362 1873 5433 quia
1894 5380 1958 5422 meo
1980 5383 2068 5427 sensu

1260 5458 1315 5499 non
1344 5442 1465 5515 intelligo
1487 5444 1539 5500 hoc
1554 5460 1613 5499 esse
1629 5444 1663 5500 ad
1678 5454 1797 5503 restrum
1826 5452 1971 5512 bonorem.
1993 5458 2066 5514 Nam

1260 5532 1325 5586 satis
1340 5539 1380 5588 cst
1395 5540 1489 5587 notum
1504 5532 1569 5603 quia
1581 5533 1617 5588 ad
1629 5551 1672 5591 me
1682 5537 1800 5607 pertinet
1810 5542 1868 5611 ejus
1879 5547 2063 5616 consecratio,

1261 5636 1309 5677 uec
1321 5620 1392 5675 alius
1402 5636 1465 5676 eom
1479 5621 1560 5678 debet
1571 5622 1660 5680 lacere
1670 5624 1722 5679 nisi
1731 5642 1780 5697 per
1789 5644 1850 5693 me;
1863 5631 1937 5703 quod
1948 5643 2063 5705 paratus

1260 5726 1329 5779 sum,
1345 5710 1367 5763 si
1382 5725 1494 5766 necesse
1509 5710 1600 5780 luerit,
1612 5713 1811 5773 rationabiliter
1825 5720 1977 5792 ostendere,
1990 5722 2062 5781 sicut

1260 5797 1321 5854 talis
1336 5814 1377 5855 res
1391 5798 1496 5856 ostendi
1511 5800 1602 5857 debet.
1614 5800 1790 5877 Quapropter
1799 5806 1823 5862 si
1833 5806 1910 5865 illum
1920 5811 2061 5883 expellitis

1261 5886 1294 5949 le
1309 5895 1379 5950 erra
1392 5897 1482 5951 restra
1496 5897 1526 5948 ut
1540 5889 1606 5948 mihi
1618 5906 1673 5951 nou
1696 5891 1777 5961 bceat
1803 5897 1929 5961 eamdem
1956 5915 2059 5967 conse.
