4750 6725
455 581 507 638 aaa
872 528 877 534 ’
954 557 1113 621 ιιιιιιι
1132 550 1415 614 neumanensis
1434 549 1593 613 uouecut
2040 558 2083 611 ιιι
2154 594 2156 619 ,

457 715 519 760 mea
534 697 625 766 ;undo
635 693 716 754 corda
730 689 803 750 fideli
817 699 844 748 et
857 690 976 761 benigno
990 686 1081 742 animo
1095 680 1175 738 vobis
1190 680 1252 736 dico
1265 685 1294 746 Α
1307 697 1398 738 meum
1411 696 1474 736 cum
1496 680 1555 752 ejus
1577 678 1667 752 tegete
1689 675 1799 736 mittere
1817 679 1950 749 volebam,
1977 697 2008 736 ne
2030 684 2084 738 mibi

353 831 355 839 =
457 790 530 866 quod
540 797 629 845 tacere
638 798 692 840 nou
706 781 803 838 debeo.
819 778 885 834 llihi
900 775 1010 849 qnidam
1026 770 1129 844 aliquid
1159 767 1258 838 displi-
1315 769 1457 842 displiceat
1467 768 1531 839 quia
1544 785 1609 823 snus
1629 773 1733 822 tantum
1759 775 1888 836 moratur,
1913 767 2009 826 nullum
2030 771 2085 829 mihi
2154 778 2155 793 ³

458 876 595 948 oere,nisi
609 889 670 931 cum
686 877 797 943 propter
811 869 897 924 Deum
913 864 1053 934 displicet,
1067 875 1123 916 non
1138 865 1178 914 est
1196 872 1258 911 ma·
1313 859 1482 915 constituens
1495 855 1639 912 terminum
1651 854 1760 928 quando
1789 864 1913 912 rentums
1937 865 1987 912 est.
2020 859 2086 916 Unda

459 963 616 1044 gnummd
642 958 785 1029 displicere
812 955 870 1012 Deo
895 951 1007 1026 aliquid,
1034 948 1193 1004 nullatenus
1220 951 1261 1000 est
1314 944 1724 1018 quidemopinanturetdicunt
1741 945 1816 1017 quod
1843 960 1891 999 rex
1913 959 1965 1000 non
1989 947 2086 1003 multum

458 1049 697 1116 contemnendum.
717 1045 815 1116 Utique
829 1059 884 1100 non
912 1056 1008 1114 parum
1038 1035 1162 1108 displicet
1203 1033 1261 1088 Deo
1314 1042 1391 1091 curat
1405 1035 1574 1090 festinarent
1588 1048 1641 1106 ego
1656 1032 1767 1088 redeam
1782 1033 1957 1106 innuptiam,
1970 1035 2086 1092 etEccle-

458 1145 615 1217 episcopum
630 1134 743 1207 spoliari
758 1132 841 1189 rebus
863 1130 927 1198 suis,
943 1128 1017 1201 quod
1028 1127 1084 1197 jam
1107 1121 1195 1196 gratie
1210 1119 1261 1176 Dei
1314 1124 1355 1179 sia
1369 1123 1430 1189 Dei,
1446 1139 1525 1195 quem
1541 1123 1613 1178 Deus
1627 1121 1665 1176 illi
1681 1120 1892 1178 custodiendam
1899 1123 2085 1193 commendarit,

458 1233 538 1292 robis
552 1227 703 1299 inspirante
722 1219 879 1280 correxistis
894 1233 902 1290 ;
917 1217 966 1274 sed
991 1215 1149 1288 episcopum
1163 1225 1260 1283 segre·
1314 1227 1375 1285 quae
1386 1212 1444 1283 J'am
1459 1211 1517 1266 iere
1526 1227 1575 1281 per
1589 1218 1645 1266 tres
1657 1225 1742 1265 annos
1754 1210 1877 1266 desolata
1901 1219 1951 1280 est,
1965 1226 2010 1267 sun
2034 1212 2086 1268 siva

455 1319 516 1395 peri
529 1334 546 1375 e
560 1330 609 1372 suo
623 1311 712 1371 officio
732 1319 757 1366 et
770 1308 922 1366 Ecclesiam
937 1321 953 1361 a
970 1319 1019 1360 suo
1039 1301 1182 1374 episcopo,
1202 1297 1261 1352 sina
1314 1307 1426 1371 pastore
1436 1301 1495 1371 ejus
1506 1298 1593 1355 reditu
1608 1306 1633 1355 et
1663 1298 1807 1371 prasentia
1826 1297 1984 1364 consoletur,
2008 1308 2032 1354 at
2044 1315 2086 1370 pro

458 1422 539 1467 causa
555 1418 641 1477 quum
664 1401 738 1455 Deus
759 1395 904 1470 approbet,
933 1391 1013 1448 nimis
1038 1404 1121 1464 gram
1145 1385 1259 1457 judicat.
1314 1387 1539 1445 consilioanimae
1553 1403 1621 1453 ιιι,
1646 1402 1700 1459 quo
1727 1386 1774 1442 diu
1799 1386 1906 1458 privata
1932 1387 2021 1453 estin
2045 1389 2088 1444 itti,

454 1493 574 1567 Expedit
587 1493 679 1564 itaque
692 1487 794 1544 enimse
808 1492 904 1540 restire
919 1489 1051 1554 quatenus
1077 1473 1208 1548 satagetis
1231 1489 1261 1545 ut
1315 1477 1424 1548 quibem
1436 1482 1529 1531 emant
1542 1483 1570 1532 et
1589 1475 1746 1530 desiderant
1765 1473 1923 1530 laetificetur.
1942 1474 2089 1547 Quapropter

456 1601 521 1658 ego,
535 1580 731 1656 qualiscunque
750 1574 799 1630 sim
820 1573 976 1644 epiecopus,
1004 1563 1149 1632 Ecclesia,
1174 1576 1258 1634 quem
1314 1559 1377 1617 dico
1389 1558 1466 1616 rubis
1480 1558 1634 1630 quieealde
1648 1557 1775 1614 simeone
1788 1557 1849 1630 ipse
1861 1574 1942 1630 super
1964 1574 1993 1614 se
2004 1575 2088 1630 pruru-

456 1669 624 1742 Deusregiae
638 1669 735 1723 restrae
748 1661 872 1736 potestati
887 1655 1092 1716 custodientem
1115 1665 1259 1710 commen·
1314 1656 1359 1706 cet
1372 1647 1512 1715 iramDei,
1528 1655 1555 1703 et
1570 1662 1652 1716 super
1665 1660 1715 1702 eos
1736 1661 1853 1718 quorum
1881 1645 1990 1703 consilio
2014 1647 2089 1704 ditet

455 1760 542 1830 derit,
556 1765 583 1815 et
596 1768 682 1828 maun
696 1758 788 1810 vestro
798 1751 826 1806 in
840 1763 909 1820 pane
923 1754 1014 1803 vestre
1036 1740 1151 1800 celerius
1179 1736 1260 1794 rasti.
1314 1741 1371 1794 tam
1386 1737 1546 1794 necessarie
1554 1737 1603 1802 rei,
1620 1745 1675 1791 tem
1688 1734 1840 1793 rationabili
1855 1751 2017 1803 succurrere.
2038 1752 2088 1794 eun

453 1859 524 1916 toar,
542 1856 569 1904 et
583 1844 649 1902 mihi
662 1839 853 1914 opportunitas
880 1835 973 1892 utendi
992 1831 1142 1890 secundum
1167 1825 1260 1900 possi·
1314 1825 1350 1881 ad
1364 1825 1440 1881 illum
1454 1827 1506 1882 boc
1519 1824 1656 1896 pertineat
1669 1832 1696 1880 et
1707 1822 1797 1880 boare
1816 1824 1891 1894 posit
1910 1832 1938 1880 ut
1952 1825 2013 1880 nibil
2034 1841 2088 1896 per-

454 1940 586 2000 bilitetem
606 1946 705 1997 meam,
733 1927 823 1985 officio
852 1940 902 1998 pro
925 1937 980 1998 quo
1006 1921 1042 1977 ibi
1067 1918 1172 1992 positus
1200 1929 1261 1971 sum
1315 1912 1361 1968 det
1376 1914 1410 1970 de
1424 1913 1460 1969 iia
1475 1929 1536 1985 ιιι
1550 1913 1699 1970 secundum
1720 1913 1807 1968 Deum
1835 1913 1871 1968 ad
1897 1913 1994 1985 regiam
2018 1915 2088 1985 perp.

455 2028 556 2088 diutius
566 2038 621 2080 nou
634 2017 806 2092 impediatur.
823 2014 907 2072 Valde
929 2025 1037 2084 quoque
1060 2007 1127 2064 mihi
1155 2005 1297 2103 timeu-B
1314 2009 1379 2059 nent
1405 2009 1577 2076 potestatem.
1607 2001 1682 2059 Sicut
1710 2002 1825 2069 amicus,
1857 2010 1884 2057 et
1920 2003 1985 2057 sieut
2016 2005 2090 2059 aaut.

453 2119 519 2176 dum
537 2121 577 2172 est
590 2127 625 2168 ne
639 2110 696 2165 Deo
704 2104 847 2178 displiceat
863 2109 937 2158 etms
946 2097 1092 2156 dominans
1102 2108 1173 2168 papa
1181 2093 1256 2163 juste
1311 2091 1466 2163 episcopus,
1482 2090 1677 2164 qualiscunque
1699 2089 1761 2158 sim,
1776 2089 1889 2146 consulo
1903 2090 1942 2145 illi
1962 2098 1987 2145 et
2007 2090 2037 2146 lis
2053 2092 2089 2163 qui

452 2199 642 2280 reprehendat,
659 2195 734 2270 quia,
749 2201 894 2266 postquam
908 2204 958 2246 ros
971 2192 998 2244 et
1013 2202 1066 2259 ego
1081 2181 1162 2239 simul
1184 2196 1253 2236 con·
1312 2179 1472 2236 circeillnm
1492 2188 1564 2249 snut,
1580 2187 1610 2234 ιι
1637 2193 1691 2234 ιιι
1717 2177 1779 2249 plus
1805 2179 1931 2234 studeant
1955 2179 2089 2236 satisfecere

455 2295 577 2354 venimus
591 2286 664 2360 apud
674 2291 803 2348 oestrum,
819 2278 1015 2352 quodrocetur
1029 2272 1143 2344 Aquita,
1159 2270 1186 2325 in
1203 2277 1257 2322 tarn
1311 2267 1444 2325 voluntati
1458 2284 1515 2324 ιιι
1527 2284 1614 2339 quarn
1627 2267 1758 2323 voluntati
1786 2267 1846 2334 Dei,
1872 2267 1934 2337 quia
1960 2268 2026 2322 Deus
2046 2269 2088 2323 ali·
2154 2318 2155 2331 ,

453 2385 671 2456 longotempore
684 2388 740 2428 nou
754 2371 793 2427 illi
815 2368 874 2424 misi
904 2368 1023 2439 legatum
1047 2368 1185 2427 nostrum,
1211 2373 1260 2429 per
1312 2356 1423 2430 quando
1436 2357 1586 2413 satisfaciet
1603 2356 1733 2412 voluntari
1755 2371 1811 2411 ιιι,
1829 2363 1924 2411 contre
1949 2356 2089 2412 volontatem
2154 2350 2155 2371 ¹

455 2465 614 2545 qrasmquid
638 2463 809 2518 detentere
834 2458 968 2512 internos
994 2452 1098 2508 lactum
1124 2455 1152 2504 et
1194 2447 1260 2517 qnid
1310 2446 1423 2502 illorum
1438 2447 1483 2518 qui
1498 2447 1550 2502 boc
1564 2445 1674 2501 iaciunt.
1689 2444 1831 2499 consulite
1846 2459 1915 2516 ergo
1929 2443 1965 2498 illi
1979 2444 2087 2509 atrabis,

456 2555 642 2634 peragendum
657 2551 691 2606 sit
704 2552 891 2620 cognosceret,
905 2550 931 2599 et
958 2555 1012 2614 ego
1027 2539 1087 2610 ejus
1115 2533 1259 2592 consilium
1306 2535 1469 2607 priusquam
1481 2535 1556 2590 Deus
1569 2533 1696 2589 oemndst
1718 2533 1787 2588 irem
1815 2548 1895 2588 suem
1922 2548 1998 2604 quarn
2017 2533 2090 2588 adhue

457 2655 484 2706 et
504 2645 658 2718 jussionem
687 2638 852 2708 acciperem.
877 2631 1051 2702 Quapropter
1075 2623 1259 2697 periculosum
1312 2622 1464 2693 suspendit,
1483 2626 1648 2693 exspectans
1668 2621 1932 2678 utbumilieminiad
1945 2621 2088 2677 voluntatem
2154 2670 2155 2675 ,

315 2703 322 2715 l
375 2765 377 2773 ’
457 2745 500 2800 ιιι
523 2733 592 2793 mihi
615 2730 662 2786 diu
688 2732 845 2796 exspectare
870 2729 987 2778 restrum
1014 2716 1146 2788 legatum,
1179 2726 1260 2786 quem
1312 2725 1399 2765 mem.
1416 2711 1489 2766 Deus
1498 2709 1602 2782 dirigat
1610 2725 1673 2765 eum
1684 2717 1712 2765 et
1733 2709 1904 2766 consiliarios
1922 2711 1979 2782 ejus
2003 2709 2036 2765 ad
2055 2724 2090 2764 ιι
2154 2708 2155 2715 ’

366 2813 378 2848 ³
454 2836 517 2890 ente
531 2821 684 2899 proximam
698 2814 873 2872 Nativitatem
887 2807 1010 2876 Domini,
1035 2806 1104 2860 sicut
1123 2801 1257 2859 invcrbie
1311 2814 1372 2855 rum
1382 2801 1526 2867 bonorem,
1543 2807 1570 2855 et
1583 2798 1619 2854 ad
1628 2813 1720 2854 veram
1730 2798 1872 2854 utilitatem
1882 2800 1974 2870 ejus..

453 2915 552 2978 vestris
564 2906 695 2974 intellexi,
709 2904 825 2961 llomam
846 2899 999 2955 rediturum
1028 2891 1145 2966 speravi,
1179 2904 1254 2960 pre-
1347 2889 1414 2946 Haec
1441 2888 1541 2945 ideirco
1569 2887 1608 2942 ita
1628 2887 1808 2942 describimus
1829 2895 1860 2943 ut
1887 2887 2031 2960 quicunque
2046 2887 2088 2940 iate
2154 2902 2155 2905 ¹

456 3003 548 3063 sertim
563 3013 624 3056 num
640 2993 732 3052 nescio
747 3005 799 3064 quo
814 2986 928 3046 consilio
955 2997 1044 3056 quare
1067 2981 1173 3036 ratione
1200 2975 1259 3033 nul·
1312 2974 1379 3049 tegit
1400 2975 1446 3035 rel
1462 2976 1536 3032 audit
1554 2976 1636 3046 plana
1657 2974 1792 3048 intelliget
1814 2974 1860 3031 cui
1884 2975 1964 3043 male,
1995 2990 2048 3046 que
2066 2975 2087 3026 in

454 3095 512 3152 lum
527 3087 670 3146 terminum
684 3072 1029 3136 modomihicnnstituitis.
1048 3068 1183 3138 Quoniam
1200 3065 1255 3138 igi·
1311 3066 1412 3138 anglia
1442 3065 1582 3122 exsulante
1605 3064 1733 3121 anselmo
1769 3063 1840 3121 iacta
1874 3073 1944 3130 sunt,
1967 3076 2087 3120 morante

455 3190 500 3239 tur
513 3179 574 3252 plus
587 3172 653 3232 mihi
668 3170 749 3228 debet
763 3181 823 3224 esse
838 3165 871 3220 de
886 3165 939 3220 hoo
961 3158 1034 3234 quod
1048 3172 1102 3232 epu
1127 3154 1257 3212 Ecclesia
1311 3155 1404 3214 exsilii
1414 3156 1476 3226 ejna
1489 3153 1663 3226 potissimum
1677 3152 1815 3210 ascribere
1829 3153 1939 3210 debeat.

455 3268 523 3328 mibi
537 3261 690 3324 commissae
705 3267 900 3330 praesenseras
919 3263 1025 3324 nequeo
1050 3241 1130 3320 quarn
1155 3244 1189 3300 de
1204 3242 1258 3298 ulla
1347 3245 1442 3315 ltaque
1456 3244 1570 3316 posthac
1583 3242 1657 3299 missi
1671 3248 1734 3297 sunt
1752 3241 1880 3310 nomem,
1900 3257 1936 3298 ex
1950 3247 2019 3312 parta
2035 3237 2085 3310 qui-

456 3369 563 3419 terrena
577 3347 759 3426 possessione,
773 3358 871 3419 precor
885 3348 914 3398 ut
927 3338 995 3396 mihi
1016 3336 1135 3410 aliquem
1156 3331 1254 3408 proxi·
1311 3333 1376 3390 dem
1398 3331 1531 3401 dunelmi,
1564 3330 1721 3387 Bntdwinus
1746 3331 1916 3401 monachus,
1948 3331 1987 3388 vir
2011 3329 2087 3400 utique

455 3462 530 3509 mum
559 3440 702 3499 terminum
740 3432 886 3491 nominetis
918 3444 967 3503 per
1006 3426 1113 3483 litteras
1149 3395 1406 3481 vestrescsanctae
1420 3420 1552 3477 libertatis
1565 3418 1698 3476 Ecclesia
1711 3422 1740 3474 et
1759 3419 1851 3475 omnis
1880 3418 1946 3475 boni
1966 3416 2087 3473 noufictm

455 3532 563 3612 maudo
578 3527 680 3605 poesim
694 3525 944 3598 legetumrestrum
959 3516 1073 3573 Romam
1088 3514 1192 3571 iturum
1207 3526 1258 3567 ee·
1308 3517 1433 3580 amator;
1462 3516 1545 3565 etex
1563 3507 1653 3581 regis,
1684 3506 1860 3563 willhelmus
1884 3522 1957 3579 supe
1979 3504 2088 3578 superius

453 3631 587 3703 spectare,
602 3615 667 3693 quie
680 3630 733 3687 ego
746 3628 803 3671 non
826 3608 914 3667 audeo
941 3604 1060 3673 differre,
1088 3610 1118 3661 ut
1141 3602 1255 3659 multum
1306 3606 1481 3669 memoratus,
1491 3612 1543 3670 pro
1557 3596 1679 3654 libertate
1693 3596 1825 3653 Ecclesia
1834 3596 1905 3652 sicut
1929 3594 2027 3652 solebat
2049 3606 2087 3648 ιι

452 3714 552 3783 dicam,
576 3709 648 3765 ultre
673 3702 825 3778 proximam
845 3696 1021 3757 Nativitatem
1037 3690 1156 3761 Domini,
1187 3691 1255 3763 quin
1309 3696 1394 3745 turus.
1410 3688 1484 3757 Quas
1507 3701 1571 3744 vero
1590 3693 1740 3758 quenmsre
1765 3682 2086 3757 oppressionffljnpfpaec

455 3798 677 3871 mwmlesslillm
691 3792 837 3849 mittam·
1307 3783 1363 3833 tote
1385 3774 1484 3849 duplis
1514 3788 1646 3847 oppresse
1664 3773 1708 3843 sit,
1725 3770 1833 3829 difficile
1859 3774 1933 3831 dictu
1951 3788 2009 3829 esse
2028 3771 2085 3826 scio.

487 3886 604 3961 Scripsit
617 3897 727 3957 quoque
747 3893 820 3950 sapa
847 3881 1001 3933 memorato
1026 3872 1145 3930 lieberto
1166 3868 1259 3929 comiti
1307 3865 1366 3923 nex
1389 3864 1462 3922 enim
1480 3863 1539 3937 ipse
1554 3862 1779 3919 eNorthmannia
1797 3860 2017 3936 digressusque
2037 3872 2086 3915 ean
2154 3893 2155 3900 ι

453 3977 631 4038 detleltento
645 3980 710 4027 tunc
723 3966 855 4039 temporis
869 3964 896 4021 in
919 3965 993 4020 bunc
1018 3960 1139 4028 modum,
1162 3968 1257 4033 utputa
1308 3962 1394 4011 totam
1422 3967 1456 4011 eo
1479 3967 1533 4025 quo
1561 3949 1760 4023 supradiximus
1786 3950 1871 4008 modo
1888 3949 1940 4007 sibi
1957 3948 2087 4020 subjugare

452 4068 492 4127 illi
506 4059 705 4137 cujuscunsilio
719 4062 818 4114 cuncta
841 4052 950 4127 negotia
973 4066 1023 4107 sue
1045 4066 1093 4107 rex
1116 4050 1175 4123 ipse
1197 4050 1257 4107 dis-
1308 4042 1478 4113 nequiverat,
1505 4055 1632 4097 reversus
1651 4040 1679 4096 in
1697 4037 1825 4112 pugnam
1850 4049 1904 4106 m,
1923 4032 2086 4110 mmmmm„

447 4154 584 4231 ponebat.
1307 4131 1420 4203 pecunia
1432 4130 1518 4187 fretus
1537 4128 1656 4195 radiens,
1669 4128 1742 4202 quod
1760 4125 1900 4184 residuum
1918 4135 1985 4195 erat,
2007 4126 2086 4181 extia-
2154 4103 2155 4136 ss

489 4266 502 4294 ι
517 4238 659 4298 anselmus
671 4230 902 4304 archiepiscopus,
917 4226 1028 4286 domino
1043 4236 1072 4285 et
1086 4225 1183 4284 amico
1198 4226 1257 4284 lio·
1308 4220 1407 4277 reduto
1418 4218 1499 4275 tratre
1509 4233 1571 4285 suo,
1586 4217 1639 4273 sibi
1662 4216 1823 4287 subjiceret.
1837 4216 1868 4271 ln
1879 4216 1955 4287 enjus
1982 4210 2087 4287 pecuma

451 4334 530 4393 berto
543 4326 635 4387 comiti
650 4324 684 4381 de
694 4321 834 4388 Malleolo,
845 4318 970 4375 salutem.
1307 4307 1468 4367 collectione
1483 4307 1574 4363 nullus
1590 4306 1617 4362 ie
1633 4304 1825 4362 collectoribus
1838 4305 1948 4376 pietatis
1961 4312 2004 4359 ant
2013 4301 2086 4356 mise·

490 4414 663 4477 evaseritis
677 4408 865 4487 quinquenne
881 4424 930 4464 rex
943 4414 971 4463 et
1003 4420 1056 4481 epo
1077 4402 1257 4463 convenimus
1307 4398 1433 4455 ricordioe
1461 4403 1604 4467 respectus
1632 4393 1686 4449 luit
1709 4393 1758 4449 sed
1772 4392 2001 4451 crudelieexectio
2019 4401 2087 4461 super

451 4510 650 4586 apudeestrum
664 4499 779 4573 aquitae,
795 4497 897 4554 dictum
911 4494 966 4551 luit
981 4494 1053 4567 quod
1071 4510 1120 4550 rex
1135 4494 1257 4549 mitteret
1310 4502 1419 4546 omnes.
1441 4492 1471 4541 ut
1484 4484 1565 4541 nobis
1589 4482 1635 4557 qui
1669 4482 1732 4539 inde
1763 4481 1912 4540 veniebant
1934 4479 2087 4538 testabantur
2154 4459 2155 4518 Ϊ

450 4606 663 4677 papatumsuum
677 4590 790 4646 Romam
806 4600 854 4658 pro
868 4584 944 4641 iisin
968 4583 1066 4655 quibus
1084 4580 1254 4639 concordare
1307 4575 1431 4633 desevit.
1444 4573 1569 4645 Denique
1591 4571 1709 4641 rideres,
1731 4571 1800 4627 sicut
1814 4569 1905 4627 aibant
1919 4586 1968 4627 eos
1989 4566 2085 4641 quidem
2154 4613 2155 4632 ,

450 4706 507 4749 uon
520 4694 677 4761 poteramus
690 4679 744 4735 nisi
758 4692 808 4752 per
818 4674 958 4733 domiuum
976 4686 1086 4745 papam.
1107 4670 1187 4740 Quod
1209 4668 1254 4725 iu·
1307 4664 1354 4735 qui
1368 4678 1422 4720 nou
1437 4661 1578 4719 habebant
1592 4660 1658 4734 quid
1682 4661 1788 4729 darent,
1808 4665 1856 4715 aut
1878 4660 1967 4716 esuis
1978 4657 2083 4713 domnn-
2154 4669 2155 4672 ¹

450 4777 543 4839 tellexi
557 4782 587 4832 ut
602 4774 639 4830 ita
652 4768 728 4827 lieret
749 4774 882 4839 quatenus
908 4770 972 4819 aute
992 4759 1147 4832 proximam
1172 4749 1375 4813 Nati-Dcutis
1389 4751 1464 4825 pelli,
1484 4760 1532 4809 aut
1545 4749 1649 4806 avulsis
1680 4747 1877 4819 asportatisque
1911 4744 2084 4804 ostiisdomo·
2154 4741 2155 4744 ’

451 4867 565 4927 vitatem
580 4858 691 4919 Domini
706 4856 813 4930 legatus
826 4852 938 4909 rediret.
961 4848 1065 4907 Videtis
1079 4856 1168 4904 autem
1183 4846 1249 4919 quia
1301 4860 1362 4899 rum
1378 4844 1417 4914 (ιι)
1440 4841 1551 4913 penitus
1574 4837 1742 4910 diripiendos
1753 4835 1861 4909 erponi,
1884 4844 1929 4893 eut
1942 4834 2028 4893 ablate
2044 4826 2084 4886 rili

449 4954 578 5014 dominus
591 4962 669 5007 meua
682 4946 790 5003 rexhoc
804 4940 879 5014 quod
892 4948 956 4997 tuno
976 4938 1046 4993 dixit
1073 4936 1166 4995 iecere
1185 4952 1248 4993 ιιι-
1301 4930 1472 5005 supellectile
1482 4929 1510 4985 iu
1528 4942 1662 4985 summam
1677 4924 1821 4998 penuriam
1842 4924 1940 4999 redigi,
1959 4930 2002 4979 eut
2021 4925 2084 4976 certe

448 5050 535 5103 retur.
564 5038 618 5097 Sed
644 5037 698 5093 boc
717 5032 807 5091 solum
835 5028 948 5087 mandat
968 5026 1034 5083 mihi
1062 5024 1106 5099 qui
1122 5024 1245 5099 tegetum
1302 5020 1365 5079 alib
1373 5016 1676 5077 miserabilibusmodus
1686 5011 1769 5089 afiligi
1780 5022 1807 5072 ιι
1821 5014 1944 5072 cruciari¹
1961 5008 2084 5085 (itlneos

1094 5310 1309 5370 HENSCHENII
1328 5306 1443 5370 NOTAE.

485 5536 527 5610 (o)
537 5531 632 5593 Simile
646 5527 711 5603 quid
726 5526 791 5585 olim
801 5526 829 5585 in
843 5514 937 5598 tetgto
959 5520 1116 5595 usurpatum
1136 5516 1251 5577 testetur
1339 5517 1376 5589 (ιι)
1390 5513 1421 5571 ld
1435 5524 1487 5583 est,
1498 5514 1611 5572 ammius
1620 5507 1752 5583 enormia,
1763 5508 1949 5587 etquaeiioris
1961 5509 2083 5565 ιιιιιιιι

466 5621 569 5669 reeens
581 5604 670 5663 adbuc
683 5601 784 5656 ususin
804 5596 944 5653 laederetis
966 5590 1127 5668 provinciis,
1148 5598 1178 5647 ut
1202 5590 1248 5660 qui
1303 5602 1412 5644 omnem
1424 5585 1556 5658 iustitium
1566 5591 1611 5641 eut
1623 5586 1825 5641 excusationem
1836 5583 1916 5641 teate
1928 5578 2011 5637 Gellia
2027 5576 2081 5647 [or-

448 5680 577 5741 andictarn
593 5672 737 5803 publicitus
748 5665 986 5751 contributionem·
1003 5662 1178 5749 pecuniarum
1193 5676 1249 5716 nou
1302 5658 1424 5731 saltada
1437 5663 1611 5739 quaroceet
1628 5655 1791 5737 quibusdam
1811 5655 1875 5712 binc
1896 5652 1982 5710 ductis
2006 5644 2081 5724 multa

448 5752 540 5812 atatim
562 5764 596 5806 er
617 5745 683 5813 ibet,
698 5741 792 5799 sutem
812 5746 942 5808 monitus,
962 5752 1023 5809 epus
1036 5742 1135 5793 ostrum
1154 5748 1171 5790 a
1189 5746 1248 5790 cer·
1302 5728 1674 5801 spelmanuuemGlosseno,
1691 5724 1780 5783 etalii
1820 5724 1908 5782 iures:
1937 5721 1984 5777 sed
2009 5724 2080 5787 etym

444 5807 1082 5893 dinibuereruleumapparitoreeaulerant,neo
1099 5804 1249 5881 nieipeco·
1300 5802 1435 5857 rationem
1448 5797 1744 5929 nullusattipfitdlos
1766 5742 1836 5851 inilia
1858 5794 1955 5852 dicitur
1973 5788 2079 5865 temeto·

442 5891 547 5959 ιὶιιιι
555 5884 814 5959 ιιιιιιιιιιιιιιιι
831 5885 999 5939 reamuetnr.
1300 5869 1602 5948 atarnpeenniamn
1633 5867 1984 5943 tepmloristaotosaeota
