4750 6725
314 610 365 666 ede
1003 646 1008 653 .
1095 602 1188 661 VITA.
1230 642 1238 657 .
1921 614 1973 671 905

312 749 359 791 cos
372 734 486 805 recepit,
505 736 533 790 et
547 732 695 789 monachos
718 729 815 799 iactos,
831 744 914 784 unum
934 728 985 783 sub
1011 727 1115 784 ordinis
1127 731 1155 795 Α
1167 730 1273 804 positus
1287 730 1406 799 videbat,
1423 738 1449 787 et
1476 730 1554 801 cujus
1582 746 1666 795 cansa
1680 740 1764 789 totum
1780 732 1854 791 lieret
1868 734 1972 792 intelli-

312 822 456 879 monastici
471 822 583 879 retinuit
597 837 694 877 norma
710 836 716 881 ;
733 818 858 883 alternam,
882 816 929 889 qni
953 825 1033 885 caput
1048 816 1146 871 mali*
1169 818 1266 889 gebat.
1284 818 1359 875 Tunc
1374 822 1469 877 vocato
1499 818 1609 876 liciensi
1638 820 1768 891 episcopo
1793 824 1972 881 dominolio-

312 912 469 982 exstiterat,
498 911 564 983 fuga
591 910 699 980 lapsum
727 914 754 962 et
776 914 871 977 postea
905 905 1006 976 praedis
1032 914 1114 978 atque
1168 906 1255 978 dallo,
1271 908 1316 979 qui
1332 910 1398 965 tunc'
1409 908 1633 965 cantuariensem
1648 908 1797 965 Ecclesiam
1813 911 1846 967 de
1869 914 1970 969 recenti

313 998 417 1071 rapinis
429 1000 574 1065 intentum,
589 1006 615 1053 ct
629 998 664 1053 ob
679 997 731 1051 boa
746 994 818 1054 male
839 994 1020 1062 interiectum,
1041 994 1112 1049 uni-
1167 996 1243 1051 obitu
1271 995 1374 1051 domiui
1402 996 1598 1069 archicpiscopi
1615 998 1735 1053 dnsolmi
1765 1000 1968 1071 consolabatur,

314 1088 363 1142 sit.
383 1087 561 1159 aequoniam
577 1094 634 1140 tota
648 1084 703 1141 vita
714 1083 784 1139 beati
800 1082 849 1137 viri
864 1099 919 1137 non
942 1082 1016 1138 aliud
1030 1098 1112 1155 quam
1167 1084 1300 1141 visionem
1316 1086 1451 1155 exposuit,
1467 1094 1493 1140 et
1508 1095 1635 1141 sanctum
1649 1102 1741 1141 senem
1756 1087 1791 1143 de
1805 1089 1968 1145 saeculorni·

315 1176 404 1230 virtus
418 1175 478 1242 init,
493 1189 581 1245 neque
596 1173 702 1245 singula
717 1171 753 1228 ob
778 1170 966 1226 enormitatem
982 1169 1113 1243 colligere
1166 1172 1409 1244 grassepreedixit.
1426 1174 1618 1246 igiturnotata
1635 1174 1773 1244 dicatque
1803 1176 1880 1242 bora,
1910 1186 1973 1249 post

311 1259 669 1335 possumus,idcimcbnem
699 1260 777 1329 buius
804 1258 894 1331 operis
908 1258 942 1314 de
972 1259 1037 1314 tanti
1052 1260 1112 1343 ¹Pa·
1166 1276 1221 1315 non
1236 1261 1407 1316 multosdies
1430 1272 1551 1317 sanctum
1567 1262 1653 1317 virum
1679 1262 1780 1319 obiisse
1808 1264 1913 1333 didicit,
1943 1273 1971 1320 et

314 1352 364 1407 tris
378 1349 432 1407 fine
447 1351 588 1407 iaciamus.
1167 1356 1287 1404 notatum
1304 1358 1410 1421 tempus
1422 1350 1500 1420 juxta
1515 1350 1651 1405 visionem
1667 1368 1748 1423 quam
1770 1352 1873 1408 viderat
1887 1352 1969 1409 inve-

345 1444 390 1498 29.
409 1440 455 1495 Vir
469 1440 555 1511 igitur
568 1445 676 1495 sanctus
688 1453 738 1508 per
752 1434 887 1509 gloriosos
908 1437 973 1492 vitae
994 1433 1111 1503 labores,
1166 1438 1215 1491 nit.
1245 1436 1485 1509 Quidamqunque
1514 1438 1598 1493 abbas
1624 1440 1658 1494 de
1687 1440 1872 1496 Cameraceosi
1897 1456 1971 1513 pago

312 1544 376 1586 cnm
388 1529 447 1599 jam
461 1528 553 1583 carnis
567 1526 705 1583 universae
721 1524 915 1592 vieminprcdi
938 1532 993 1581 tota
1021 1528 1113 1579 mente
1167 1525 1398 1597 duograbataad
1420 1526 1521 1581 coelnm
1546 1526 1645 1582 deferri
1675 1526 1787 1583 videbat
1812 1544 1819 1592 ;
1849 1542 1965 1601 quornm

311 1616 526 1683 desideraret,nt
540 1614 681 1685 praemium
704 1612 739 1668 ab
754 1612 813 1685 ipso
827 1613 912 1685 Rege,
941 1612 985 1668 cni
1006 1627 1114 1683 semper
1165 1629 1249 1668 unum
1264 1613 1679 1684 archiepiscopiCautuariensis,
1710 1616 1825 1671 alterum
1847 1618 1966 1673 Clunia-

312 1704 484 1768 militaverat,
514 1702 543 1759 in
569 1711 672 1758 aterna
697 1700 866 1757 beatitudine
893 1699 1038 1771 reciperet,
1057 1716 1113 1755 non
1165 1702 1255 1757 censis
1281 1701 1387 1756 obbatis
1414 1718 1476 1758 esse
1513 1704 1676 1759 dicebatur:
1692 1720 1774 1758 unum
1803 1704 1969 1762 ascendebat

314 1790 815 1863 cessabatindiesmagismapisque
838 1788 909 1843 hona
932 1804 1112 1861 operaexer-
1166 1798 1263 1862 quarta
1293 1790 1359 1845 feria
1381 1790 1461 1845 unius
1489 1790 1680 1859 hebdomadae,
1709 1792 1824 1847 alterum
1840 1792 1968 1849 similiter

316 1898 391 1950 cere,
420 1879 620 1937 misericordis
654 1878 771 1945 studere,
810 1877 960 1933 esurientes
988 1892 1110 1949 pascere,
1166 1878 1662 1936 alterinshebdomadaeendemlaria.
1677 1878 1758 1949 Quod
1772 1882 1968 1951 pancistrans-

316 1968 518 2036 nudosvestirc,
533 1967 643 2024 servitio
664 1967 714 2023 Dei
729 1975 826 2022 cuncta
840 1972 1014 2039 postponere,
1035 1966 1112 2037 rign·
1165 1968 1253 2023 cursis
1279 1966 1386 2037 diebus,
1416 1966 1453 2023 rei
1471 1968 1594 2037 probavit
1609 1977 1722 2025 eventus
1739 1986 1746 2031 ;
1763 1984 1824 2024 narn
1840 1968 1968 2025 dominus

312 2075 371 2116 rem
385 2057 487 2115 ordinis
500 2056 540 2113 sui
554 2054 739 2111 inflexibiliter
749 2064 850 2119 tencre,
875 2052 1039 2127 religionem
1055 2061 1110 2110 tarn
1124 2086 1152 2147 Β
1166 2054 1385 2126 archiepiscopus
1400 2065 1495 2128 quarta
1519 2054 1588 2112 ieris
1614 2068 1676 2112 ante
1705 2058 1877 2113 Dominicam
1905 2057 1969 2116 Cot·

313 2148 343 2203 in
358 2164 388 2203 se
403 2160 485 2219 qnam
500 2146 527 2201 in
542 2144 791 2215 subditisaemper
805 2143 964 2211 observare,
997 2142 1112 2199 virtutes
1167 2158 1231 2198 nam
1256 2144 1302 2199 die
1322 2144 1493 2201 illucescente
1507 2145 1635 2217 migravit
1650 2162 1657 2209 ς
1671 2153 1780 2202 sanctus
1794 2161 1862 2203 vero
1884 2162 1970 2203 senex

313 2234 431 2308 denique
444 2249 541 2290 omnes
550 2234 685 2301 aemulari,
701 2232 827 2302 amplecti
843 2239 869 2286 et
880 2230 1015 2299 obtinere,
1031 2238 1058 2285 et
1073 2230 1114 2288 sic
1167 2230 1322 2300 Dominioa,
1351 2239 1380 2288 ut
1407 2248 1492 2305 supra
1507 2233 1610 2289 dictum
1627 2242 1677 2303 est,
1705 2242 1815 2305 peracta
1836 2236 1969 2291 Resurre-

312 2323 463 2381 vocationis
477 2339 534 2378 snae
547 2322 620 2378 diem
627 2321 729 2393 jugiter
743 2328 913 2390 exspectare.
933 2318 1040 2375 Interea
1053 2320 1113 2377 Do·
1168 2321 1257 2377 ctione
1271 2319 1366 2378 eadem
1395 2321 1475 2390 seria,
1491 2330 1586 2378 octavo
1612 2322 1714 2379 scilicet
1738 2322 1783 2378 die
1804 2322 1968 2393 advespera-

315 2412 423 2468 miniete
438 2408 656 2468 Resurrectionis
669 2408 805 2481 paschalis
819 2406 977 2463 solemnitas
991 2407 1114 2466 advene-

311 2510 363 2569 rat,
390 2508 417 2555 et
443 2507 552 2555 sanctus
575 2514 657 2553 senex
670 2496 705 2553 de
720 2496 812 2552 labore
826 2496 860 2550 ad
874 2496 995 2568 requiem
1021 2503 1114 2553 trana-

310 2588 406 2655 iturns,
423 2604 484 2643 cum
499 2588 527 2642 in
541 2586 601 2658 ipso
611 2586 701 2643 Coenae
713 2584 863 2641 Dominicee
877 2584 921 2640 die
935 2585 1111 2653 iratressnoa,

310 2684 364 2731 mm
379 2674 505 2731 absentes
533 2690 614 2747 quana
641 2681 792 2745 praesentes
818 2680 928 2745 palerna
955 2671 1113 2729 anctoritate

309 2763 482 2831 absolvisset,
498 2763 628 2819 Passione
651 2760 760 2818 vivifica
788 2775 821 2817 ac
835 2762 1049 2818 Resurrectione
1063 2776 1108 2821 ce·

310 2853 425 2920 lebrata,
455 2858 552 2923 quarta
567 2850 637 2906 seria
649 2852 709 2922 jam
738 2848 783 2904 die
797 2848 1052 2919 advesperascente,
1081 2849 1109 2903 in

308 2940 429 2997 oratorio
441 2939 528 2994 beatae
542 2939 591 2994 Dei
602 2937 756 3007 Genitricis,
772 2936 880 2993 beatum
901 2937 960 2992 Deo
986 2937 1109 3011 spiritum

306 3028 437 3097 reddidit,
464 3028 541 3097 eujus
556 3043 656 3098 corpus
671 3024 840 3082 aromatibus
853 3024 1001 3092 conditum,
1019 3025 1109 3081 inba-

305 3116 385 3173 silice
412 3132 484 3173 nova
512 3132 593 3187 qnam
614 3115 673 3187 ipse
699 3112 859 3182 construxit,
886 3113 921 3169 ad
949 3114 1110 3174 orientalem

306 3205 419 3279 plagam
434 3204 570 3277 sepultum
585 3212 635 3260 est.

342 3294 386 3348 30.
403 3294 486 3366 Cujus
501 3292 653 3366 exsequias,
670 3292 731 3367 ipen
744 3300 823 3351 nocte
838 3309 894 3366 qna
915 3292 1048 3367 migravit
1074 3292 1109 3351 ad

1167 2416 1271 2477 scente,
1286 2424 1367 2467 came
1382 2411 1484 2466 solutus
1498 2418 1548 2467 est.
1566 2410 1633 2467 llaec
1645 2411 1680 2467 de
1695 2410 1757 2467 Vita
1777 2411 1862 2468 sancti
1879 2412 1966 2467 Petris

1166 2498 1251 2553 nostri
1273 2497 1395 2571 Hugonis
1409 2498 1516 2555 abbatis
1543 2498 1742 2565 cluniacensis,
1772 2500 1843 2556 siout
1865 2499 1966 2570 partim

1166 2586 1232 2653 vidi,
1262 2588 1360 2661 partim
1388 2586 1518 2645 relatione
1532 2586 1714 2661 probabilium
1728 2588 1849 2646 virorum
1872 2585 1967 2657 didici,

1165 2675 1379 2745 perstrinxerim,
1409 2676 1437 2731 in
1460 2677 1539 2748 cnjus
1562 2676 1643 2733 laude
1667 2677 1816 2734 versiculos
1830 2676 1895 2732 istos
1925 2674 1966 2731 aio

1166 2764 1364 2821 decantemus:

1164 2888 1273 2960 Regulo,
1283 2890 1424 2959 virtutum,
1436 2890 1517 2947 Pater
1529 2886 1621 2964 liupo,
1644 2889 1728 2949 decus
1752 2888 1963 2947 monachorum.

1164 2977 1234 3049 Spes
1244 2977 1365 3051 inopum,
1380 2986 1552 3049 contemptor
1566 2995 1661 3049 opum,
1676 2988 1771 3051 portus
1787 2980 1968 3049 miserorum,

1164 3064 1219 3121 Vas
1231 3066 1416 3139 templumque
1428 3067 1488 3137 Dei,
1508 3067 1630 3123 libamen
1644 3076 1672 3123 ct
1686 3066 1773 3123 hostia
1790 3066 1898 3139 Christi,

1164 3153 1251 3209 Carne
1266 3154 1370 3212 locatur
1383 3156 1469 3225 humi,
1484 3156 1534 3213 sed
1548 3156 1656 3227 spiritus
1671 3164 1746 3213 astra
1759 3154 1865 3228 petivit.

1152 3234 1188 3298 '0
1205 3241 1270 3299 lolix
1285 3258 1380 3301 currus
1395 3245 1401 3299 l
1420 3244 1487 3301 lelix
1502 3244 1599 3317 auriga
1613 3252 1722 3301 tuorum
1738 3246 1744 3299 l

306 3385 332 3440 D
380 3382 386 3394 .
616 3383 622 3394 ,
759 3383 796 3396 ,,
991 3382 996 3393 ,
1164 3330 1219 3402 Fac
1231 3342 1259 3388 nt
1278 3330 1313 3388 ad
1328 3341 1401 3390 asra
1411 3333 1494 3390 vehas
1511 3348 1581 3407 qnos
1595 3332 1639 3390 bic
1649 3332 1766 3394 vivendo
1781 3334 1911 3409 regebas.

333 3399 464 3452 ominum,
480 3384 564 3439 irater
578 3383 687 3456 quadam
717 3383 873 3456 relrprosus,
903 3382 1050 3438 lialdumus
1061 3397 1109 3440 no·
1122 3439 1148 3502 C
1164 3421 1267 3478 Ultima
1282 3421 1328 3478 lux
1344 3424 1407 3480 νὴ
1421 3423 1572 3493 penultima
1583 3421 1651 3478 lum
1665 3423 1779 3496 Aprilis·

304 3473 390 3541 mine,
415 3471 481 3528 otim
497 3470 600 3528 domini
615 3472 737 3527 anselmi
752 3472 953 3528 cantuariensis
968 3471 1106 3544 archiepi-
1160 3511 1219 3566 Lux
1234 3519 1335 3569 ΝΜ
1356 3512 1429 3568 Deus
1444 3511 1493 3566 ,ibi
1503 3510 1593 3568 lum,
1607 3526 1688 3567 omne
1718 3527 1748 3566 er
1757 3527 1846 3566 ΜΠ]

302 3561 381 3630 scopi
395 3559 578 3632 dispensator,
603 3559 631 3614 in
659 3559 768 3631 spiritu,
784 3560 853 3617 sicut
880 3558 940 3632 ipse
954 3559 1022 3616 milri
1036 3575 1106 3616 nar-
1337 3551 1345 3580 ’
1698 3527 1716 3582 p
1852 3548 1861 3568 ⁰

301 3649 386 3720 ravit,
416 3648 452 3704 ab
479 3649 578 3720 anglia
605 3648 802 3720 perordinem
826 3647 902 3704 vidit.
918 3649 989 3703 Nam
1004 3646 1105 3720 ubique
1162 3647 1241 3703 llcxit
1268 3654 1360 3703 autern
1388 3645 1594 3702 Cluniacenscm
1619 3645 1771 3703 Ecclesiam
1787 3648 1866 3703 annis
1879 3659 1964 3704 sexa·

302 3739 392 3794 luctus
399 3735 626 3808 incomparabilis,
642 3735 744 3808 ubique
758 3735 884 3806 ejulatus,
907 3735 1007 3806 ubique
1020 3734 1105 3807 plan·
1157 3736 1244 3808 ginta,
1259 3735 1359 3791 additis
1373 3743 1434 3792 octo
1448 3734 1544 3790 diebus
1558 3749 1591 3789 nc
1605 3733 1712 3790 dnobus
1728 3735 1868 3792 mensibus
1896 3739 1964 3808 (98),

300 3835 362 3884 ctus
376 3826 569 3898 personabant,
582 3825 713 3898 quidquid
741 3825 770 3881 in
793 3825 878 3880 sancti
903 3823 989 3879 Petris
1010 3823 1104 3880 iuuere
1157 3824 1236 3893 cujus
1254 3823 1349 3880 merita
1374 3837 1426 3879 nos
1454 3823 1527 3896 apud
1555 3823 1642 3879 Deum
1670 3822 1803 3894 adjuvent
1817 3823 1963 3882 insaecula

304 3913 409 3971 doloris
435 3913 559 3971 cluniaci
584 3914 728 3988 agebatur,
741 3917 828 3970 totum
843 3911 903 3986 ipse
926 3912 954 3968 in
968 3910 1105 3968 britannia
1157 3912 1332 3969 saeculorum.
1348 3913 1443 3968 Arnen.

339 4091 384 4147 {98
399 4090 662 4164 Brpoconaecratus
676 4107 723 4147 an.
744 4093 812 4148 tnta
828 4095 862 4150 22
876 4087 1026 4162 Februarii,
1040 4089 1068 4146 ia
1082 4087 1150 4147 lesto
1164 4089 1301 4149 cathedrae
1316 4087 1345 4149 S.
1369 4087 1439 4148 Petri
1459 4083 1646 4156 Antiochense,
1677 4086 1777 4144 tuncin
1792 4083 1895 4146 leriam
1925 4102 1953 4145 rt·

300 4162 432 4231 cadente,
448 4177 501 4232 qua
515 4160 672 4219 feriaetiam
685 4161 752 4220 obit.
1239 4167 1242 4172 '

310 4335 515 4350 -Ἧ

313 4351 513 4368 ε--Δ-ιικ.

695 4503 1001 4612 SYNOPSIS
1039 4503 1211 4611 VITAE
1247 4503 1552 4610 nataret.

807 4751 946 4824 (amore
959 4753 1056 4812 eodem
1070 4750 1217 4825 ltopnotdo
1231 4767 1269 4809 aa
1284 4751 1359 4810 dicto
1373 4752 1440 4821 ma.)

1109 5065 1139 5129 D
1153 5064 1219 5122 llaec
1231 5077 1368 5121 concussa
1382 5069 1466 5131 metu,
1482 5069 1576 5136 partus
1585 5062 1702 5119 instante
1714 5054 1827 5128 periclo,

1189 5153 1257 5209 Vota
1264 5153 1436 5208 sacerdotum
1451 5151 1553 5208 cenauit
1564 5155 1703 5222 expetere.

1153 5239 1208 5298 iles
1221 5255 1293 5297 nova
1306 5243 1346 5296 tot
1357 5239 1446 5309 seclis,
1461 5238 1704 5297 dumsacriticatur
1717 5236 1752 5293 ab
1766 5251 1832 5306 nno,

1187 5327 1302 5384 Infantis
1315 5325 1419 5399 speeies
1433 5328 1551 5386 cernitur
1564 5329 1592 5384 in
1606 5326 1701 5385 calice.

1152 5415 1218 5487 Quis
1232 5413 1301 5472 foret
1315 5423 1342 5472 et
1356 5425 1471 5488 quantus
1485 5418 1529 5490 qui
1545 5417 1706 5474 nascebatur
1719 5415 1870 5488 habendus,

1186 5505 1218 5560 ln
1234 5512 1307 5562 tanto
1321 5505 1435 5574 speculo
1450 5505 1508 5564 risa
1522 5504 1609 5578 igme
1624 5506 1713 5563 docet.

1151 5591 1201 5648 llle
1214 5591 1390 5650 sacramentis
1404 5603 1533 5652 consueto
1546 5609 1623 5650 more
1635 5596 1763 5667 peractis,

1186 5679 1275 5750 Quem
1289 5680 1390 5752 reperit
1402 5691 1509 5751 natum,
1520 5682 1652 5754 praedicat
1666 5681 1816 5750 eximinmr

296 5768 385 5827 Mater
398 5768 587 5844 mnnurgis,
602 5784 658 5826 non
670 5767 851 5842 imparstirpe
863 5769 972 5839 marito,
1150 5769 1228 5826 Unde
1236 5785 1314 5826 snum
1328 5777 1417 5826 vatem
1431 5772 1508 5844 pueri
1526 5787 1577 5829 nec
1589 5772 1646 5830 vita
1660 5772 1757 5830 refellit
1771 5791 1779 5837 ;

331 5857 454 5916 lloribna
467 5857 576 5928 enubit,
591 5873 621 5916 se
635 5873 745 5932 quoque
758 5856 887 5919 nobilior.
1184 5859 1243 5916 Nec
1253 5857 1493 5932 juvenum-mores
1506 5860 1581 5922 hono
1595 5861 1700 5924 violare
1714 5869 1829 5934 queunt.

471 5953 595 6015 Parnon
611 5953 703 6017 CLIX.
1792 5961 1828 6022 2⁹

296 5060 438 5135 Insignem
452 5059 536 5118 titulis
549 5067 575 5119 el
588 5062 691 5120 clarum
706 5059 786 5120 laude
797 5078 846 5135 per
860 5063 954 5130 orbem

333 5150 476 5223 liugoncm
491 5150 626 5220 canimus,
642 5167 730 5224 spem,
746 5151 884 5220 cluniace,
898 5159 981 5208 tuam.

297 5237 348 5294 llis
361 5238 435 5296 Dens
449 5239 549 5310 aspiret
564 5241 672 5311 coeptis,
688 5239 747 5296 bac
761 5249 825 5297 vota
838 5240 978 5309 secundet,

333 5327 368 5383 Ut
380 5327 461 5383 Patre
477 5335 533 5383 tam
546 5331 640 5384 sancto
651 5328 736 5401 digna
749 5327 824 5400 loqui
838 5345 954 5386 merear.

296 5414 371 5484 Quos
385 5415 480 5472 babuit
494 5431 621 5488 proceres
635 5415 794 5490 burgundia
808 5416 967 5490 nobiliores,

333 5503 451 5560 Germen
466 5505 547 5561 traxit
559 5505 595 5562 ab
609 5504 653 5561 his
666 5504 718 5562 iste
731 5505 772 5562 vir
786 5505 923 5580 egregius.

296 5591 367 5649 Naro
381 5601 460 5664 patre
470 5593 607 5651 Dalmatio
620 5593 659 5650 nil
670 5593 769 5650 clarius
781 5593 867 5650 edidit
875 5607 1003 5665 unquam,

331 5679 365 5736 Ni
380 5678 445 5752 qnia
454 5679 518 5752 plns
531 5679 617 5737 nimio
632 5678 705 5738 bella
719 5679 798 5752 aequi
813 5681 915 5738 voluit.
