4750 6725
421 552 475 605 715
898 544 1056 603 meabat
1072 542 1351 607 mamiateasts
1369 546 1531 608 bonumir
2025 562 2082 621 'il‘

422 688 480 748 qua
493 657 657 731 nascebatur
670 662 775 727 eoeli'tu's
800 668 900 725 antisse
927 685 1022 725 ornnes
1045 667 1216 729 circumfusae
1231 673 1259 733 A
1273 671 1415 744 obsequio.
1432 673 1491 743 Qun
1510 677 1606 749 regina
1633 680 1798 739 veneraltllis
1817 685 1925 757 atrito,
1955 686 2078 743 mudum

420 762 511 819 noetis
525 760 651 817 tenebras
673 759 750 815 radio
777 774 833 814 sure
859 756 927 813 lueis
948 757 1084 815 obstersit.
1111 759 1220 832 Quique
1273 759 1332 828 ejus
1347 760 1537 820 animivirtute
1547 764 1647 837 laetatt,
1662 768 1805 827 consilium
1827 772 1909 829 amul
1937 783 1966 831 et
1994 775 2079 831 auxi-

420 852 506 925 igitnr
518 850 668 907 vicinorum
684 847 748 903 tanti
775 846 886 902 luminis
914 848 1104 919 magnitudine
1128 849 1220 907 subito
1272 846 1339 903 lium
1354 856 1437 905 tentet
1451 850 1489 907 rei
1504 852 1677 923 perficiendae
1696 856 1795 915 devota
1815 862 1912 917 mentis
1935 862 2078 920 alacritate

420 948 523 997 tenore
541 938 650 1006 turbati,
679 936 697 991 ii
725 934 853 992 domibus
882 944 1025 1008 proruunt,
1055 945 1081 994 et
1104 945 1219 1011 stupore
1272 933 1369 1009 largita
1379 946 1431 993 est.
1451 939 1483 994 lit
1492 942 1619 1012 quoniam
1634 946 1761 1003 eumdem
1772 948 1861 1004 tirum
1889 952 2077 1009 monasticam

420 1028 510 1085 affecti
523 1026 621 1099 singuli
636 1024 709 1096 quod
725 1024 812 1095 primo
827 1040 926 1098 capere
938 1033 1065 1098 poterant
1075 1026 1217 1099 arripiunt,
1272 1024 1402 1097 singulari
1427 1024 1510 1085 ritant
1535 1031 1664 1103 praeferre
1692 1037 1846 1109 cognovit,
1874 1054 1948 1109 eurn,
1973 1046 2003 1095 ut
2022 1041 2076 1112 ipsi

418 1125 446 1172 et
468 1116 496 1169 in
523 1114 629 1169 turbam
648 1111 736 1170 coacti
765 1114 872 1170 turbato
899 1130 1038 1171 murmure
1064 1116 1100 1170 ad
1124 1116 1218 1189 ignem
1271 1112 1381 1185 placuit,
1397 1116 1560 1175 adinsulam
1575 1120 1825 1181 lindisfarnensem
1840 1127 1944 1197 venire,
1961 1137 1989 1185 et
2011 1144 2075 1186 ma-

417 1204 520 1263 concite
537 1209 658 1258 currunt.
686 1201 733 1257 Ad
761 1201 874 1258 domum
902 1219 989 1275 usque
1015 1204 1216 1275 pervenientes,
1270 1204 1389 1261 nantario
1403 1206 1599 1264 monachorum
1609 1212 1794 1270 sociarilucit.
1811 1214 1873 1284 Quo
1902 1220 2074 1287 constitutos,

416 1293 565 1361 llammam,
580 1299 610 1346 ut
623 1297 753 1363 ceperat,
764 1290 856 1346 radios
869 1291 1038 1348 emittentem
1051 1292 1192 1350 inveniunt
1207 1312 1214 1360 ;
1271 1288 1417 1363 diligenter
1431 1308 1464 1349 ea
1477 1311 1538 1368 qum
1565 1300 1722 1357 monasticae
1747 1302 1882 1360 castitatis
1911 1320 1944 1363 ac
1964 1306 2077 1379 pietatis

416 1382 464 1438 sed
475 1382 588 1438 domum
599 1388 626 1436 et
642 1395 812 1451 quecunque
835 1378 923 1436 vicina
946 1380 984 1435 nil
1011 1379 1132 1437 laesionis
1159 1383 1216 1455 pati
1270 1386 1348 1435 erant
1362 1382 1758 1467 ediscerecurabatetngere.
1782 1392 1817 1449 lit
1844 1396 1973 1465 quoniam
2003 1397 2076 1453 acris

415 1470 546 1525 mirantes
560 1468 703 1541 aspiciunt.
719 1466 811 1523 Nimio
825 1466 916 1541 itaque
929 1478 1038 1541 stupore
1052 1479 1182 1541 paventes
1206 1506 1214 1546 :
1270 1475 1326 1523 erat
1336 1468 1448 1541 ingenii,
1460 1471 1554 1529 didicit
1568 1484 1667 1546 quanto
1682 1477 1762 1535 eitius
1777 1478 1899 1553 psalmos
1914 1490 1941 1539 et
1969 1484 2074 1559 aliquot

416 1562 517 1630 «Papo
534 1559 540 1612 t
557 1557 691 1627 inquiunt,
707 1556 836 1627 quidnam
851 1557 922 1629 signi
936 1558 989 1615 boe
1003 1558 1083 1614 nobis
1102 1560 1215 1617 innuero
1270 1556 1390 1628 audineo,
1406 1561 1521 1615 necdum
1538 1563 1648 1635 quidem
1658 1574 1791 1639 attonsus,
1814 1586 1908 1628 verum
1938 1572 1978 1628 eis
2012 1592 2074 1645 quae

413 1655 492 1721 putas
506 1646 658 1701 inimirum
666 1644 749 1701 divini
758 1643 924 1701 eatnuminis
934 1662 1024 1703 omen.
1037 1669 1048 1698 ι
1061 1647 1215 1706 Ειιιοιιιιιιιι
1268 1652 1380 1702 tonsura
1395 1650 1510 1717 maiores
1520 1659 1581 1708 sunt
1596 1654 1751 1726 virtutibus,
1778 1659 1882 1729 scilicet
1911 1660 2073 1720 humilitatis

414 1739 520 1792 irruere
531 1733 686 1791 volentibus
698 1742 876 1789 occurrerunt
904 1734 1032 1792 mulieres
1058 1736 1093 1793 de
1119 1739 1212 1809 domo,
1268 1741 1293 1788 et
1304 1734 1474 1807 obedientiae,
1495 1756 1550 1796 non
1574 1742 1749 1801 mediocriter
1776 1746 1935 1821 insignitus.
1959 1750 2075 1825 Propter

413 1826 533 1881 diceutes
547 1841 554 1889 ;
570 1847 581 1872 ι
598 1822 743 1890 Sustinete,
759 1822 898 1892 sustinete,
912 1839 1064 1895 precemur,
1080 1843 1134 1899 quo
1154 1828 1213 1883 rui-
1267 1822 1339 1891 qucd
1354 1839 1370 1879 a
1384 1825 1533 1884 senioribus
1547 1837 1573 1885 et
1587 1833 1733 1891 coetaneis
1756 1835 1813 1892 suia
1831 1837 1906 1907 justo
1930 1838 2073 1897 colebatur
2171 1862 2172 1875 ι

413 1913 473 1969 tist
500 1912 536 1969 ad
561 1926 673 1967 causam
689 1910 763 1983 ignia
782 1912 1000 1983 cognoscendam
1034 1931 1114 1985 quem
1154 1932 1213 1987 prae
1267 1908 1374 1967 ellectu.

411 2001 498 2058 oeulis
513 1999 619 2054 habetis
634 2007 776 2071 tantopere
797 2000 937 2057 tenditis‘l
963 2017 1018 2058 non
1050 2002 1131 2059 aliam
1151 2021 1252 2089 esseB
1302 2018 1329 2072 7.
1348 2018 1379 2073 111
1393 2034 1447 2090 quo
1462 2024 1625 2083 monasterio
1646 2040 1708 2085 pum
1723 2029 1828 2103 aliquot
1852 2034 1932 2091 annis
1961 2036 2071 2097 christo

414 2103 625 2162 quampuerom
639 2103 712 2145 nunc
726 2089 857 2144 maternis
872 2088 1023 2147 visceribus
1034 2089 1138 2149 editum
1161 2090 1211 2167 pre
1265 2106 1387 2177 serviret,
1397 2110 1585 2170 animadvertit
1599 2116 1731 2187 paulatim
1755 2120 1930 2197 adolescens,
1957 2127 2069 2185 minime

412 2187 486 2235 certo
500 2174 637 2233 noveritis.
656 2198 667 2224 a
685 2174 872 2250 Quocognim,
885 2194 981 2250 gressu
994 2178 1097 2238 reflexo
1111 2182 1140 2236 in
1160 2178 1212 2239 έιιιι
1264 2193 1412 2263 perlectam
1434 2214 1495 2257 esse
1525 2202 1632 2259 virtutis
1657 2206 1740 2275 triam,
1771 2226 1832 2282 quaa
1862 2212 2024 2273 tradebatur
2054 2236 2071 2275 a

412 2268 536 2334 redeunt,
552 2263 691 2336 magnalia
718 2264 768 2319 Dei
793 2281 842 2321 aaa
870 2264 1014 2324 devotione
1040 2279 1209 2327 venenales·
1266 2282 1363 2353 Scotis,
1378 2288 1575 2361 proposuitque
1590 2293 1681 2352 animo
1709 2296 1825 2355 Romam

412 2355 483 2431 Quid
498 2354 533 2409 ad
548 2354 606 2409 haec
621 2352 767 2408 dicendum
794 2352 808 2405 i
831 2354 970 2425 antiquum
998 2358 1082 2429 ltoysi
1106 2358 1211 2417 famulo
1264 2371 1301 2427 ad
1315 2374 1409 2431 sedem
1420 2378 1597 2447 apostolicam
1607 2381 1675 2439 ritus
1689 2384 1866 2445 ecclesiastici
1880 2390 1940 2449 sive
1955 2410 2069 2451 monas-

411 2444 461 2501 Dei
474 2451 612 2500 ostensum
641 2442 669 2497 in
696 2441 764 2498 fflb0
792 2443 960 2500 miraculum
987 2445 1123 2518 Videfflub
1148 2466 1211 2513 cum
1266 2460 1559 2523 terialesservarentur
1573 2465 2067 2543 videreduodourotruumusreter-

411 2548 476 2590 ecce
485 2533 512 2587 in
528 2532 610 2587 dome
621 2530 698 2602 pueri
712 2531 764 2586 Dei
774 2530 845 2616 ignis
860 2535 971 2603 aesiual.
990 2551 1041 2592 nec
1055 2536 1209 2607 comburit;
1264 2556 1315 2618 ret,
1330 2551 1387 2620 ejus
1400 2555 1570 2625 propositum
1595 2558 1782 2634 laudaverunt,
1796 2581 1913 2639 eumque
1936 2569 1963 2625 id
1992 2573 2067 2645 quod
2171 2636 2172 2647 ,

413 2622 523 2695 llamma
547 2618 657 2688 emicat,
678 2632 730 2674 nec
756 2616 859 2690 aliquid
887 2622 1032 2679 consumit.
1070 2620 1107 2681 lit
1142 2626 1211 2683 illud
1264 2646 1354 2694 mente
1368 2638 1537 2711 disposuerat
1549 2646 1685 2717 perficere
1698 2653 1863 2727 suadebant.
1880 2659 1916 2713 Λι
1930 2658 1978 2715 ille
1994 2676 2066 2718 con-

413 2710 523 2784 quidem
538 2708 685 2781 antiquitus
696 2707 797 2765 lactum
813 2709 879 2781 quid
893 2710 964 2783 signi
974 2713 1128 2785 protulerit,
1150 2716 1210 2787 jam
1265 2725 1356 2783 testim
1371 2730 1482 2787 veniens
1507 2734 1541 2789 atl
1555 2737 1715 2807 praedictam
1735 2742 1872 2817 reginam,
1898 2746 2030 2807 indicavit
2050 2768 2066 2808 a
2171 2772 2172 2775 ¹

414 2799 531 2855 mundns
545 2796 657 2869 agnovit
673 2813 679 2849 :
695 2797 747 2853 hoc
762 2805 852 2853 autern
867 2796 895 2852 in
909 2798 1003 2870 seipsa
1012 2809 1126 2872 expelle
1141 2818 1211 2875 pene
1264 2813 1431 2873 desiderium
1445 2821 1497 2877 sibi
1512 2822 1601 2881 inesse
1616 2828 1802 2898 apostolorum
1818 2833 2066 2899 liminavisitandi.

410 2888 492 2947 totius
520 2885 629 2961 anglici
656 2884 733 2957 regni
761 2885 889 2941 nobilitas
915 2887 1019 2943 didicit.
1046 2889 1086 2947 lle
1110 2889 1210 2947 etenim
1265 2902 1332 2971 Quae
1359 2904 1493 2966 delectata
1516 2911 1588 2969 bono
1615 2915 1795 2975 adolescentis
1814 2924 1964 2996 proposito,
1993 2928 2067 2985 misit

412 2975 629 3047 ipsaprobatum
644 2981 694 3041 est,
723 2974 797 3046 quod
823 2974 891 3030 sicut
914 2976 980 3030 olim
1007 2977 1140 3035 Dominus
1161 2996 1211 3069 pc·
1265 2991 1342 3049 illum
1358 2994 1481 3053 Centiam
1495 3001 1634 3075 adrogent
1643 3006 1908 3084 Erconbertum,qui
1929 3016 2069 3073 eratfilius
2171 3046 2172 3053 ι

411 3065 507 3135 pulum
521 3078 600 3117 suum
614 3078 648 3117 ex
658 3062 783 3133 AEgtptia
797 3062 926 3119 servitute
938 3063 1111 3135 liberaturus,
1127 3068 1212 3140 ipsius
1265 3084 1393 3139 avunculi
1421 3086 1474 3149 sui,
1502 3092 1640 3159 postulans
1667 3102 1696 3151 ut
1723 3114 1787 3153 eum
1816 3100 1932 3159 Romam
1975 3088 2066 3163 hono.

415 3150 582 3207 liberationis
596 3149 776 3203 ministerium
790 3150 873 3220 Moysi
887 3167 936 3223 per
956 3150 1047 3224 ignem
1075 3152 1135 3210 ruhi
1158 3154 1210 3213 de·
1264 3168 1340 3227 rifipe
1354 3176 1555 3247 transmitteret,
1567 3197 1621 3253 quo
1637 3190 1759 3257 tempore
1774 3187 1812 3243 ihi
1834 3190 1950 3261 gradum
1974 3196 2070 3251 mni.

411 3239 553 3297 mandarit
567 3254 574 3301 ;
588 3238 667 3293 sicel
681 3238 1065 3297 nuncidelelminuSssliUffl
1077 3244 1211 3315 lapillum
1264 3259 1436 3333 episcopatus
1451 3265 1596 3339 lloraotiua,
1612 3286 1681 3327 unus
1692 3288 1727 3329 ex
1740 3275 1884 3348 discipulis
1893 3279 1966 3337 beati
1987 3297 2070 3357 papea
2171 3340 2172 3351 ,

411 3345 490 3388 auum
504 3344 521 3383 a
534 3326 652 3383 tenebris
666 3324 797 3383 vitiorum
811 3327 968 3398 educturus,
984 3347 1065 3404 quem
1086 3333 1208 3404 ejusdem
1267 3347 1403 3422 Gregorii,
1419 3354 1558 3426 servabat,
1570 3359 1611 3414 vir
1625 3358 1653 3416 in
1666 3362 1748 3420 rebus
1769 3367 1961 3426 ecelesiasticis
1985 3373 2073 3428 subli-

411 3417 565 3476 eductienis
578 3414 764 3490 magisterium
778 3416 880 3474 babere
888 3417 1030 3492 delegerit,
1047 3437 1097 3492 per
1123 3422 1211 3479 emis·
1266 3436 1346 3494 miter
1371 3438 1515 3500 institutus.
1537 3445 1586 3501 Ubi
1601 3463 1663 3504 cum
1687 3450 1882 3528 aliquantisper
1904 3455 2073 3518 denomtusi

411 3523 471 3566 sum
486 3506 591 3565 coelitua
601 3506 693 3578 ignem
702 3504 867 3578 designavit.
1267 3524 1427 3584 adolescens
1441 3530 1524 3588 animi
1534 3537 1653 3608 sagacis,
1667 3537 1854 3612 diligenteriis
1867 3561 1929 3617 quae
1942 3547 2075 3622 inspicie-
2171 3609 2172 3612 ,

447 3619 473 3672 b.
487 3613 722 3684 Primordiaergo
739 3613 803 3670 vite
828 3614 1002 3674 beatissimus
1031 3619 1112 3677 Pater
1137 3621 1212 3678 wil·
1267 3614 1313 3670 bai
1338 3615 1462 3674 dioessdss
1490 3636 1601 3694 ‘ibelim
1628 3625 1713 3698 dimi
1740 3634 1901 3710 mimmii
1923 3635 1972 3693 5¹¹⁰
1996 3638 2071 3696 'liu‘

1847 2303 1954 2374 venire,
1977 2314 2005 2362 et
2023 2309 2070 2379 qui
2171 2350 2172 2355 ,

412 3705 500 3764 tridua
514 3711 595 3760 ente
608 3701 759 3773 nobilitatis
767 3704 848 3774 siquo
874 3706 1023 3778 accipiens,
1051 3723 1117 3765 cum
1143 3719 1214 3766 essct
1267 3703 1427 3762 adolescens
1442 3709 1554 3766 nomine
1568 3712 1676 3787 biscop,
1688 3728 1870 3790 cognomento
1890 3723 2066 3798 Benedictus,
2171 3759 2172 3776 ι

412 3810 480 3867 puer
493 3793 572 3849 bonae
598 3792 707 3859 indolis,
733 3792 824 3855 eidem
852 3792 986 3850 nobilitati
1014 3813 1063 3854 sua
1077 3797 1213 3855 industria
1266 3791 1301 3850 de
1330 3793 1467 3852 nobilibus
1495 3800 1657 3872 rugiorum,
1679 3807 1794 3878 cupiens
1818 3817 1847 3866 et
1873 3811 1933 3886 ipae
1954 3813 2071 3874 nomam

412 3897 518 3938 morum
532 3879 703 3936 nobilitatem
715 3879 900 3950 superaddere
913 3883 1027 3939 studuit.
1052 3885 1129 3941 Unde
1143 3894 1213 3943 aeta-
1267 3881 1369 3938 venire.
1388 3883 1476 3955 llnjua
1490 3901 1556 3960 ergo
1570 3890 1708 3950 comitatui
1722 3911 1771 3951 rex
1784 3895 1894 3956 beatum
1910 3901 2070 3960 Willrr'dum
2171 3953 2172 3978 ,

412 3977 468 4026 tem
482 3967 606 4024 moribus
621 3966 763 4037 bannens,
774 3966 813 4022 nil
821 3968 934 4038 puerilis
956 3969 1082 4043 levitatis,
1105 3973 1144 4028 nil
1166 3974 1212 4030 in·
1266 3969 1387 4040 sociavit,
1400 3979 1481 4046 atque
1496 3983 1526 4032 ut
1548 3977 1625 4034 illum
1646 3981 1764 4040 Romam
1791 4001 1885 4044 mum
1907 3991 2071 4062 perduceret
2171 4047 2172 4084 ἢ

414 4056 538 4113 scientie
552 4054 581 4110 in
594 4053 652 4110 suis
661 4053 783 4111 moribus
797 4055 942 4115 admittere
952 4060 1036 4117 voluit
1051 4061 1119 4124 ;scd
1133 4062 1171 4119 ita
1183 4079 1212 4120 so
1264 4056 1355 4130 jussit.
2171 4133 2172 4140 ἵ

414 4153 539 4215 tempore
552 4143 642 4198 adbuc
656 4149 757 4199 tenerae
782 4145 871 4200 etatis
894 4145 1017 4205 modeste
1044 4157 1072 4206 et
1097 4150 1213 4208 eircum-
1302 4164 1328 4216 8.
1344 4160 1396 4232 Qui
1410 4178 1475 4220 cum
1486 4166 1646 4242 Lugdunum
1656 4175 1852 4249 pervenissent,
1873 4195 1892 4238 a
1918 4183 2070 4243 ammiti

414 4232 544 4308 spectein
554 4230 681 4290 omnibus
692 4231 817 4304 gerebat,
845 4241 875 4290 ut
901 4235 1000 4294 merito
1025 4239 1213 4310 emtjoribus
1267 4249 1374 4309 ltaliae
1402 4251 1525 4324 ejusdem
1553 4258 1673 4318 civitatis
1694 4264 1902 4341 archiepiscope
1920 4271 2072 4332 houofifies

414 4323 494 4396 quasi
509 4337 578 4377 unus
592 4335 628 4376 er
636 4319 703 4393 ipsis
716 4330 861 4391 amaretur,
870 4333 1052 4396 veneraretur,
1063 4328 1212 4399 amplecte·
1266 4340 1385 4410 suseepti
1399 4349 1470 4398 sunt.
1482 4344 1652 4406 Willridusa
1664 4351 1790 4421 pontice
1819 4355 1955 4429 detentas,
1978 4361 2070 4420 Bene—
2171 4395 2172 4402 ι

414 4421 495 4473 retur.
513 4411 608 4469 Vultus
621 4409 693 4468 enim
708 4426 816 4484 magere
825 4414 984 4487 venustatis,
1000 4416 1049 4470 sed
1063 4417 1093 4472 in
1118 4418 1212 4474 babitu
1267 4425 1354 4484 dictus
1380 4430 1493 4487 Romam
1521 4449 1607 4508 usque
1634 4439 1772 4509 proiectus
1790 4454 1841 4501 eat.
1875 4447 2070 4508 Delectabatur
2171 4419 2172 4424 ἵ

414 4502 505 4560 l⁰l¹¹¹⁵
517 4506 575 4556 mi
589 4497 706 4555 ⁰im⁰¹²⁰
734 4500 873 4557 venusii&
895 4518 954 4558 '¹¹⁰⁵
980 4505 1132 4575 pwbilalis·
1161 4506 1213 4562 Fa·
1266 4516 1365 4571 etenim
1376 4518 1489 4576 antistes
1502 4523 1650 4592 prudentia
1664 4529 1809 4588 verborum
1828 4536 2012 4595 strenuissimi
2028 4540 2072 4610 jn·

412 4589 520 4661 eunde,
537 4594 568 4644 ut
582 4588 609 4643 id
623 4587 711 4644 aetatis
727 4595 804 4645 tenor
816 4590 961 4647 admittere
973 4599 1091 4664 poterat,
1119 4596 1214 4653 munia
1265 4603 1355 4676 venis,
1378 4607 1469 4679 gratia
1499 4613 1604 4668 venusti
1631 4614 1734 4688 vultus,
1767 4621 1907 4680 alacritate
1937 4627 2063 4698 actionis,

412 4679 525 4752 lingue,
539 4692 595 4732 non
609 4676 760 4748 garrulitati
774 4678 816 4734 vel
828 4678 991 4736 detractioni
1020 4688 1067 4737 aut
1092 4693 1209 4740 conten·
1265 4695 1666 4760 constantianecnematuritate
1680 4703 1848 4766 intentionis.
1878 4713 1956 4772 Unde
1987 4733 2068 4790 que-

411 4767 488 4835 linui,
501 4765 549 4822 sed
560 4764 597 4821 iis
611 4779 672 4834 quta
684 4763 735 4821 Uei
748 4773 811 4821 sunt
831 4781 938 4824 summo
964 4769 1054 4826 studio
1079 4771 1210 4830 dedicere
1265 4797 1316 4852 que
1331 4785 1487 4843 necessaria
1503 4787 1632 4862 babebat,
1656 4791 1708 4864 ipsi
1724 4795 1790 4853 cnm
1807 4799 1891 4856 sociis
1903 4803 1976 4874 ejus,
1999 4806 2069 4864 dm

412 4855 533 4912 curabat.
1263 4874 1572 4944 secumessevolebant,
1589 4879 1757 4940 abundanter
1771 4886 1922 4947 tribuebat.
1943 4891 2018 4962 Quin
2038 4903 2068 4953 ct

448 4949 475 5000 c.
490 4947 524 5000 At
537 4951 679 5016 postquam
694 4942 864 5013 perfectioris
883 4945 972 5001 aetatis
997 4946 1089 5020 attigit
1111 4958 1207 5021 metas,
1263 4959 1482 5020 beatoWillrido
1497 4973 1660 5036 partemnen
1683 4971 1818 5031 modicam
1838 4977 1990 5037 Galliarum
2015 5001 2066 5042 re·
2171 5019 2172 5042 ι

412 5033 541 5090 defuncta
563 5040 659 5100 matre,
687 5032 781 5088 statuit
803 5033 907 5089 natales
934 5035 1090 5107 relinquere
1129 5038 1207 5110 fines,
1263 5048 1731 5122 gendamnbtulit,acliliamlratn's
1749 5061 1844 5120 guipp

410 5135 463 5191 quo
477 5119 587 5176 liberius
601 5128 693 5190 posset
721 5121 828 5176 Domini
855 5122 972 5178 servitiis
990 5139 1102 5196 operam
1131 5119 1207 5184 dare}
1261 5137 1357 5210 jugem
1371 5138 1471 5196 ducere
1480 5139 1572 5212 vellet,
1582 5145 1606 5200 ei
1617 5161 1647 5201 se
1655 5145 1844 5208 daturumlore
1853 5151 1990 5229 promisit,
1999 5175 2068 5234 qou-

411 5207 490 5276 Quod
504 5206 550 5263 ubi
562 5207 688 5280 patrisne
702 5207 803 5278 retulit,
817 5209 933 5267 libenter
946 5211 1006 5281 ejus
1019 5214 1089 5270 rotis
1103 5229 1136 5270 ac
1157 5217 1209 5272 de·
1264 5229 1340 5278 tenus
1349 5221 1454 5294 ipseilli
1464 5223 1490 5280 ln
1498 5229 1704 5298 patrem,elt'lle
1718 5233 1772 5304 ipsi
1782 5245 1855 5295 esset
1870 5239 1916 5295 tali
1931 5244 2067 5314 conjunc·

409 5295 517 5352 sideriis
526 5295 682 5352 coelestibus
695 5297 799 5368 annuit,
815 5313 931 5371 eumque
946 5300 1211 5376 salutaribuscoeptis
1263 5308 1337 5366 tione
1350 5310 1379 5364 in
1396 5307 1490 5368 ilium.
1509 5315 1544 5370 nt
1559 5315 1605 5372 llle
1627 5319 1730 5391 gratias
1751 5325 1839 5396 'agens
1863 5325 1958 5399 piettti
1981 5339 2068 5404 quum
2171 5403 2172 5406 Ἴ

411 5384 537 5441 insistere
549 5383 638 5454 jussit.
654 5383 707 5441 Ubi
720 5401 785 5441 vero
803 5397 928 5458 quartum
956 5387 1095 5447 decimum
1122 5391 1210 5450 etatis
1264 5411 1329 5469 erga
1343 5401 1932 5486 se,cnmperegrinnsexistercl,diqnarebtr
1951 5419 2066 5494 habere,

412 5473 534 5544 explevit
548 5474 975 5539 annum,comitatusmunimine
994 5477 1055 5549 Dei,
1077 5481 1154 5539 venit
1174 5481 1210 5539 ad
1263 5481 1464 5560 responditsibi
1478 5493 1566 5564 magis
1579 5495 1750 5568 prepositt'tm
1779 5497 1890 5560 atterius
1910 5501 2065 5567 adbaese-
2171 5517 2172 5528 ¹

411 5563 534 5637 reginam
550 5561 708 5618 Eanlledam
722 5562 850 5620 nomine:
881 5580 898 5620 a
926 5582 980 5638 qua
1001 5567 1121 5642 benigne
1146 5587 1209 5627 sns-
1263 5575 1344 5631 tionis
1356 5575 1457 5646 inesse,
1476 5587 1503 5636 et
1523 5581 1560 5638 ob
1580 5582 1750 5656 boerelicta
1772 5591 1861 5660 patria
1890 5593 2006 5652 Romam
2025 5599 2066 5656 ire

411 5661 504 5725 ceptus
516 5660 543 5708 et
557 5649 714 5722 aliquandiu
732 5667 833 5724 magne
856 5669 919 5710 cum
948 5656 1050 5713 honore
1073 5659 1209 5732 detentus,
1262 5663 1389 5736 crepisse.
1411 5665 1519 5736 Qutnas
1554 5669 1667 5730 arastes
1704 5667 1813 5748 atttiilis,
1849 5671 1916 5740 'clito
1952 5683 2061 5745 itineris

409 5741 524 5799 innotuit
532 5739 584 5798 sibi
597 5739 768 5812 propositum
778 5755 838 5796 suae
853 5743 956 5800 mentis
967 5742 996 5799 in
1011 5760 1045 5801 eo
1060 5762 1140 5819 quam
1155 5765 1208 5821 po-
1263 5751 1341 5825 duce,
1362 5754 1442 5812 simul
1451 5765 1478 5812 et
1486 5757 1521 5814 iis
1534 5775 1597 5833 qum
1608 5767 1688 5820 tante
1698 5763 1906 5826 vienecessitas
1928 5773 2063 5846 poseeltlt

408 5830 547 5890 tissimum
560 5827 893 5902 esse,utre1ictoseculo
917 5831 969 5890 Dei
994 5849 1026 5891 se
1052 5837 1209 5910 mancipare
1262 5841 1373 5914 copiose
1386 5843 1529 5919 impensis,
1544 5848 1632 5924 ipsum
1651 5851 1765 5914 eoum
1785 5857 1944 5934 mnata,
1974 5863 2060 5925 obse.

1845 5065 1981 5140 ginem,si
1995 5087 2066 5129 con-
2171 5063 2172 5132 Ῐ
