4750 6725
431 601 483 658 lstt
928 595 1089 651 unutthltl
1116 591 1392 650 chvruaulansts
1421 591 1583 650 MONRCHI
2035 595 2090 649 tau

467 723 598 785 Reversis
613 721 759 796 episcopis,
775 729 801 780 et
814 721 874 778 aliis
892 720 938 794 qui
961 720 1085 792 Romam,
1105 727 1135 778 ut
1155 718 1228 776 dixi·
1244 717 1344 792 Aipse
1358 718 1425 777 ordo
1439 719 1592 793 expostulat
1607 724 1636 776 nt
1650 716 1887 792 archiepiscopum
1901 735 1985 777 unum
2000 720 2093 794 ponti-

433 831 505 882 mus,
521 814 616 872 directi
630 813 745 882 inerant,
761 828 807 868 rex
823 811 949 867 adunatis
963 810 1109 867 Lundoniae
1127 809 1235 882 princi-

434 905 518 976 pibus
531 902 619 976 regni,
635 901 793 958 hnselmum
816 916 865 972 per
890 899 1067 956 internuntios
1096 917 1129 954 ea
1157 915 1235 956 more

431 994 568 1060 convenit,
598 999 729 1062 quatenus
744 989 796 1045 sibi
810 998 856 1045 aut
870 991 1081 1046 consuetudines
1107 996 1235 1060 paternas

432 1079 505 1136 ultra
520 1095 574 1136 non
588 1085 714 1153 negaret,
730 1085 773 1134 eut
788 1078 865 1152 regni
881 1078 922 1134 sui
936 1078 1023 1134 cultor
1036 1094 1094 1133 esse
1122 1076 1233 1134 desine.

433 1174 485 1222 ret.
501 1165 670 1237 Respondit:
691 1188 701 1216 l
718 1165 900 1236 lnspiciautur
914 1166 935 1220 si
951 1165 1038 1237 placet
1057 1164 1153 1220 littere
1172 1180 1234 1236 quoe

434 1253 609 1323 allatmsuut,
634 1263 662 1310 ct
690 1253 767 1310 salva
792 1256 933 1312 honestate
958 1269 1029 1325 mec,
1058 1253 1134 1310 salva
1160 1253 1234 1310 sedis

432 1343 590 1416 apostalice
618 1343 790 1412 obedientia,
821 1351 949 1413 qnantum
983 1349 1077 1414 potero
1103 1341 1235 1398 voluntati

432 1432 609 1512 ejus'morem
624 1447 720 1505 gerere
736 1432 916 1504 prraetentaho.
950 1430 979 1486 Si
1006 1430 1073 1499 vult,
1102 1430 1148 1500 ait,
1178 1446 1234 1488 suae

431 1520 589 1591 videantur;
607 1535 688 1589 meae,
704 1520 781 1590 sciat,
796 1521 849 1576 hac
863 1520 923 1576 vice
945 1535 999 1576 uon
1027 1520 1201 1577 videbuntur.
1219 1541 1230 1568 o

433 1609 540 1666 Refert.
563 1609 657 1665 oCum
673 1609 764 1683 igitur,
780 1610 915 1680 inquiens,
939 1609 992 1664 alia
1019 1611 1080 1666 viee
1107 1608 1159 1664 sibi
1186 1623 1235 1666 aas

431 1697 576 1755 ostendere
595 1699 735 1770 placuerit,
752 1701 817 1755 lunc
831 1706 857 1753 et
871 1713 915 1754 me
928 1697 963 1752 ad
984 1713 1030 1753 eas
1056 1713 1124 1769 quus
1152 1698 1234 1756 modu

435 1787 527 1856 habet,
543 1796 698 1859 promptum
713 1786 836 1843 babebit.
858 1809 869 1836 n
886 1786 1060 1859 Respondit:
1092 1810 1103 1836 l
1120 1787 1233 1860 Nequa-

436 1891 515 1946 quam
531 1874 566 1931 dc
581 1875 678 1932 litteris
691 1891 746 1950 ago
761 1876 804 1932 vel
818 1890 918 1948 agam;
938 1878 985 1932 sed
1000 1891 1034 1932 au
1049 1891 1117 1932 meae
1135 1876 1234 1933 volun-

434 1965 493 2032 tati,
509 1963 582 2020 omni
599 1963 717 2038 ambage
739 1964 858 2032 dimissa,
887 1965 915 2020 in
941 1965 1045 2021 cunctis
1073 1981 1234 2024 concurrere

1288 808 1406 880 ficesqoe
1420 809 1490 865 duos
1505 810 1616 879 majoris
1631 808 1778 866 testimonii
1793 825 1877 882 quam
1889 818 1914 866 te
1928 826 1986 868 esse
2011 809 2093 880 judi-

1288 912 1391 954 camus.
1419 929 1456 938 -
1483 899 1516 952 Rt
1544 898 1578 954 de
1606 898 1776 966 litteramm,
1801 897 1905 969 inquit,
1935 897 2093 955 testimonio

1289 986 1379 1056 quid?
1395 1009 1406 1034 v
1419 986 1649 1058 Responderunt:
1663 986 1881 1042 «Testimonium
1891 988 2094 1044 monachorum

1288 1083 1385 1132 contra
1399 1076 1543 1147 episcopos
1557 1092 1610 1131 nun
1625 1074 1782 1148 recipimus,
1799 1084 1826 1132 et
1843 1076 1931 1132 orrinae
1945 1075 2026 1148 pellis
2043 1091 2093 1133 re-

1288 1164 1456 1236 cipiremus‘l
1468 1165 1525 1232 llae,
1541 1181 1594 1233 roe,
1606 1163 1691 1231 aiunt,
1707 1164 1745 1220 ad
1758 1163 1811 1219 ista
1826 1163 1941 1238 quilibet
1954 1163 2091 1237 religiosi,

1289 1268 1380 1310 nonne
1395 1261 1422 1308 et
1435 1253 1584 1326 Evangelia
1598 1253 1719 1326 pellibus
1733 1253 1824 1309 ovinis
1847 1252 2092 1310 inscribunturRO

1287 1341 1352 1398 hinc
1365 1341 1512 1398 simultatis
1526 1341 1634 1398 detecta
1648 1341 1773 1399 conlusio
1790 1343 1797 1396 l
1815 1364 1826 1390 v
1844 1340 1915 1410 Quid
1930 1341 1959 1397 in
1981 1341 2024 1397 his
2037 1343 2092 1398 hn-

1287 1432 1389 1486 salmus
1404 1437 1511 1502 ageret,
1527 1431 1601 1502 quud
1615 1447 1645 1487 se
1661 1437 1789 1498 verteret,
1805 1429 1961 1502 aliquandiu
1982 1430 2092 1486 dubita-

1287 1522 1339 1577 vit.
1358 1519 1450 1577 Grave
1464 1520 1567 1592 quippe
1589 1520 1724 1592 judicavit
1743 1520 1993 1592 quomodocunque
2002 1526 2093 1577 osten·

1287 1609 1362 1678 dere,
1378 1606 1459 1664 fidem
1474 1625 1505 1666 se
1519 1607 1618 1665 litteris
1632 1608 1860 1680 apostohcisnon
1874 1608 1994 1674 babere;
2008 1613 2035 1666 et
2049 1608 2093 1665 lo·

1287 1699 1380 1755 mitem
1395 1697 1487 1772 gravia
1503 1697 1625 1755 scandali
1646 1697 1714 1755 vidit
1737 1714 1808 1768 esse,
1837 1697 1923 1756 verba
1951 1704 2093 1754 tantarum

1287 1803 1478 1860 personarum,
1494 1787 1522 1844 in
1545 1786 1692 1860 episcopali
1721 1789 1836 1845 recitate
1863 1785 1910 1844 illa
1937 1802 2003 1844 vera
2030 1802 2093 1843 esse

1287 1877 1507 1944 contestantium,
1522 1877 1641 1934 adversa
1654 1875 1743 1934 trente
1754 1875 1892 1934 refellere.
1912 1875 2015 1934 Textus
2041 1889 2093 1932 au·

1288 1969 1343 2022 tem
1356 1965 1505 2022 litteramm
1518 1966 1563 2024 hic
1578 1973 1620 2022 est
1635 1981 1643 2021 :

435 2052 511 2121 velit,
527 2052 617 2109 edicat
630 2059 659 2109 ut
672 2052 792 2110 audiam.
803 2052 882 2123 Quod
891 2054 1012 2112 auditum
1027 2053 1276 2138 multismaqnoeB
1327 2079 1338 2104 a
1356 2053 1495 2112 Paschalis
1508 2055 1769 2127 episcopusservus
1783 2071 1925 2113 servorum
1939 2052 2001 2123 Dei,
2011 2069 2095 2114 vene-

436 2139 608 2198 admiraticni
623 2140 681 2209 init,
697 2141 849 2198 dicentibus
862 2141 933 2198 inter
945 2158 976 2200 se
998 2142 1062 2214 quia
1088 2144 1110 2198 si
1139 2143 1234 2199 littera

433 2229 800 2300 votcipsiuaconcordarcnt,
812 2246 869 2298 eas,
877 2230 957 2286 etiam
969 2232 1232 2301 nolenteAnselmo,

434 2318 571 2374 ultroneus
585 2317 751 2390 publicaret.
769 2321 830 2376 Non
857 2335 922 2392 ergo
951 2319 1031 2376 nobis
1054 2336 1087 2377 eo
1114 2329 1234 2394 tempore

433 2405 617 2463 innotuemnt.
633 2409 756 2464 Attamen
771 2423 825 2480 quo
838 2417 891 2464 tarn
904 2409 1045 2465 sollicitius
1055 2417 1117 2466 sunt
1126 2412 1232 2481 celatae,

432 2510 466 2552 eo
480 2495 560 2552 latius
573 2503 634 2569 post
648 2497 750 2568 aliquot
767 2497 825 2553 dies
852 2505 914 2554 sunt
940 2498 1101 2572 divulgata.
1137 2501 1233 2557 Vemm

434 2584 513 2642 lectis
529 2592 610 2658 atque
624 2585 730 2643 relectis
744 2601 835 2642 coram
853 2585 990 2655 omnibus,
1015 2588 1137 2644 auditum
1163 2605 1235 2661 prse-

434 2673 501 2730 hcre
513 2673 677 2742 volentibus,
693 2674 787 2730 litteris
800 2675 930 2732 Anselmo
945 2675 1063 2746 directis,
1080 2678 1234 2750 subjunxe-

433 2769 495 2820 runt
509 2762 641 2834 episcopi,
657 2763 702 2835 qui
717 2763 804 2820 Roma
817 2773 957 2834 venerant,
973 2781 1002 2822 se
1016 2765 1071 2823 alia
1091 2767 1184 2824 Romae
1198 2767 1233 2824 sb

435 2851 588 2924 apostolico
601 2852 693 2908 verbis
707 2854 853 2924 accepisse,
869 2869 951 2926 quam
970 2853 1067 2910 litterm
1093 2855 1163 2928 ipsae
1190 2856 1234 2912 vel

434 2941 516 2996 etiam
530 2941 584 2998 ittae
599 2956 667 3011 quas
682 2943 740 3014 regi
769 2941 921 2999 detulerant
945 2943 1112 3000 continerent
1139 2945 1167 2999 in
1194 2961 1233 3000 se.

432 3029 622 3102 Requisitique
636 3032 779 3088 contestati
792 3039 853 3087 sunt
878 3031 906 3086 in
934 3031 1081 3103 episcopali
1109 3034 1233 3103 veritate,

430 3133 532 3192 papam
547 3120 638 3190 ipsum
653 3120 712 3191 regi
729 3119 821 3178 verbis
845 3121 919 3191 puris
947 3121 1092 3177 mandasse
1116 3137 1166 3193 per
1193 3139 1233 3190 se,

432 3203 583 3274 queniam,
613 3203 731 3273 quandiu
760 3203 788 3258 ln
814 3203 876 3260 aliis
903 3203 985 3260 vitam
1011 3205 1076 3262 boni
1104 3206 1236 3277 principis

1288 2144 1366 2200 rabili
1385 2143 1463 2200 tratri
1490 2143 1629 2214 anselmo,
1659 2144 1848 2202 Cantnariensi
1870 2142 2091 2216 archiepiscopo,

1287 2235 1403 2291 salutem
1417 2236 1446 2290 et
1460 2233 1637 2306 apostolicam
1645 2233 1874 2291 benedictionem.

1325 2346 1336 2372 v
1360 2321 1507 2393 adversus,
1539 2345 1551 2372 ι
1581 2332 1633 2382 etc.
1657 2324 1719 2381 Vide
1734 2323 1765 2380 ln
1781 2323 1912 2380 Paschcli
1927 2319 1955 2380 l!
1973 2321 2011 2378 ud
2037 2337 2091 2378 aa.

1326 2527 1337 2555 a
1354 2505 1413 2562 Rex
1427 2505 1520 2576 itaque
1534 2520 1569 2560 ex
1583 2502 1626 2560 his
1640 2519 1701 2575 quse
1715 2499 1836 2575 episcopi
1850 2500 1987 2573 dicebant,
2000 2499 2030 2557 in
2039 2516 2091 2556 sua

1288 2593 1422 2651 sententia
1448 2592 1600 2650 animosior
1615 2592 1704 2648 lactus
1718 2598 1877 2649 constanter
1890 2590 2015 2647 insistere
2031 2605 2091 2646 coe·

1287 2684 1338 2754 pit,
1355 2683 1509 2739 laventibus
1523 2681 1604 2738 simul
1618 2683 1646 2738 ct
1668 2681 1845 2738 incitantibus
1865 2695 1928 2737 eum
1955 2679 2094 2751 episcopis

1287 2772 1420 2845 regnique
1431 2769 1592 2844 proceribus
1605 2777 1740 2842 quatenus
1750 2769 1810 2825 sine
1823 2766 2013 2827 retractatione
2040 2767 2095 2823 sihi

1287 2862 1431 2918 anselmus
1445 2860 1596 2918 hominium
1610 2859 1721 2929 iaceret,
1737 2866 1765 2916 et
1778 2874 1826 2916 eos
1840 2856 1938 2931 quibus
1952 2873 1985 2913 se
2012 2856 2094 2912 datu-

1288 2965 1348 3006 rum
1372 2949 1495 3022 protinus
1523 2949 1697 3021 episcopatus
1725 2947 1843 3015 dicebat,
1871 2953 2095 3005 consecraturum

1288 3040 1448 3111 sponderet,
1464 3046 1572 3098 serrata
1582 3038 1610 3094 in
1620 3035 1749 3094 omnihus
1759 3045 1966 3094 autecessomrn
1976 3049 2094 3092 consue·

1288 3129 1390 3186 tudine.
1408 3128 1561 3185 »Tuncille
1577 3144 1585 3182 ε
1604 3150 1614 3176 v
1631 3126 1659 3184 si
1674 3141 1797 3194 suorum,
1813 3124 1893 3196 dixit,
1911 3123 2004 3182 verbis
2031 3125 2093 3195 epi·

1289 3233 1434 3289 scopomm
1456 3217 1552 3273 litterae
1579 3214 1792 3286 concordarent,
1821 3213 1958 3272 intellecta
1983 3211 2094 3270 ratione

433 3298 537 3366 ageret,
573 3291 609 3347 de
637 3291 819 3348 Ecclesiamm
856 3292 1022 3348 investituris
1050 3295 1237 3367 aequanimiter
1290 3306 1472 3380 forsanquod
1487 3305 1573 3379 exigit
1587 3305 1721 3363 lacerem.
1740 3305 1934 3372 Nuneautem,
1950 3300 2093 3359 neinullo

434 3380 512 3437 illum
524 3380 649 3437 toleraret
661 3401 667 3447 ;
692 3398 743 3438 nec
770 3398 835 3438 eum
863 3382 918 3439 ullo
947 3384 1236 3442 excommunicationis
1289 3395 1421 3467 decipiar,
1437 3395 1551 3452 erectius
1563 3396 1671 3451 videtur
1683 3397 1837 3450 Romnum
1851 3409 1933 3465 supe,
1944 3393 1988 3449 hs,
2000 3392 2095 3464 pouq.

433 3470 544 3525 vinculo
560 3478 687 3540 necteret,
703 3471 725 3525 si
747 3471 889 3545 religiosas
917 3487 1046 3543 personas
1074 3489 1124 3545 per
1150 3474 1235 3531 datio·
1288 3487 1367 3541 fleam
1382 3485 1525 3543 consulere
1540 3480 2093 3557 quaminretamamhiguasententr'am

434 3572 497 3615 nem
512 3559 598 3631 virgas
613 3560 756 3630 pastoralis
767 3560 806 3615 eis
817 3560 975 3625 investiret;
992 3570 1142 3619 curantem
1165 3563 1236 3621 hanc
1288 3575 1468 3648 pmcipicare.
1487 3598 1497 3625 a
1515 3575 1557 3630 nd
1571 3591 1643 3645 quac,
1659 3572 1704 3646 qui
1718 3574 1807 3630 Roma
1821 3579 1950 3629 venerant
1965 3568 2095 3643 episcopi

432 3648 500 3704 tanti
517 3648 581 3705 doni
597 3648 758 3721 dignitatem
777 3648 802 3705 ei
830 3664 881 3721 per
907 3650 1009 3707 chertae
1034 3651 1236 3725 inscriptionem

434 3736 551 3794 uoluerit
566 3738 706 3811 delegare,
722 3752 781 3793 eam
797 3737 923 3795 serebant
936 3755 1045 3795 causam
1060 3756 1127 3807 esse,
1156 3743 1235 3799 vide·

433 3825 505 3892 licet,
515 3842 549 3881 ne
561 3827 590 3881 in
604 3827 720 3882 aliorum
742 3826 864 3882 notitiam
878 3828 1030 3899 principum
1051 3831 1166 3901 prolata,
1182 3832 1235 3902 ipsi

435 3929 495 3969 eam
510 3914 563 3969 sihi
577 3922 747 3986 usurparent,
772 3916 888 3971 Romani
914 3916 1051 3987 pontilicis
1075 3920 1236 3976 auctoritate

436 4009 603 4072 contempte.
617 4003 660 4057 hd
676 4003 718 4057 hae
732 4018 793 4057 cum
809 4004 848 4073 hi,
877 4004 923 4075 qui
951 4021 985 4061 ex
1011 4012 1087 4076 parte
1112 4010 1235 4064 anselmi

434 4088 511 4143 missi
526 4088 642 4157 fuerant,
659 4090 721 4147 viva
734 4105 801 4147 voce
816 4099 986 4163 testarentur,
1001 4108 1101 4165 papam
1116 4096 1153 4152 nil
1174 4097 1235 4155 cni·

431 4176 499 4233 libet
513 4177 605 4234 verbis
620 4178 772 4247 mandasse,
789 4179 861 4252 quod
875 4181 971 4237 litteris
984 4181 1153 4255 aliquatenus
1180 4188 1232 4243 ad·

431 4266 767 4337 vmmreturmbjmernnt
782 4269 914 4341 episcopi,
943 4286 975 4327 se
1001 4272 1072 4329 clam
1099 4273 1153 4330 illis
1180 4275 1234 4331 alia

429 4355 528 4428 egisse,
545 4355 638 4428 palam
656 4356 720 4412 alia.
735 4356 814 4427 Quod
827 4358 982 4416 Rnldvvinus
995 4361 1117 4431 audiens,
1142 4371 1169 4421 et
1186 4363 1232 4420 in·

428 4444 528 4501 tamem
545 4446 703 4517 apostolicae
718 4446 791 4503 sedis
805 4448 1023 4522 inconstantiam,
1040 4468 1100 4524 quae
1115 4452 1232 4510 notaba-

430 4542 481 4603 tur,
495 4535 628 4591 sustinere
650 4550 705 4591 non
734 4535 839 4607 valens,
869 4552 926 4607 eos,
956 4538 1026 4595 sicut
1050 4549 1109 4595 eret
1135 4541 1231 4613 spiritu

430 4623 548 4692 ferrens,
564 4632 590 4681 et
605 4623 669 4679 honi
694 4640 799 4692 amans,
828 4626 951 4683 nonnihil
978 4628 1060 4684 etiam
1087 4628 1114 4684 in
1135 4630 1231 4687 istius-

429 4712 712 4769 morlidietiscontra
739 4712 821 4769 fidem
850 4723 876 4769 et
903 4726 1082 4785 sacramenta,
1112 4736 1173 4791 quae
1200 4736 1231 4776 se

427 4818 519 4859 coram
534 4802 628 4859 Romae
645 4803 765 4859 fecerant
786 4804 946 4873 apostolico,
974 4820 1056 4877 agere
1084 4788 1269 4865 calumnia-D

426 4903 467 4949 tus
493 4898 545 4947 est.
569 4890 637 4947 Orta
666 4890 748 4963 igitur
780 4892 913 4949 dissensio
942 4910 995 4950 non
1024 4896 1132 4953 modico
1158 4896 1227 4954 inter

423 4995 553 5051 proceres
577 4987 626 5034 est.
651 4980 683 5034 Hi
712 4980 810 5036 etenim
840 4990 958 5039 astruere
986 4982 1151 5053 nitebantur,
1180 5003 1225 5041 se-

320 5072 322 5078 ’
421 5076 495 5124 motu
509 5067 655 5125 verborum
670 5068 784 5137 incerto,
796 5070 902 5141 scriptis
918 5070 1010 5145 sigillo
1025 5089 1103 5145 papae
1126 5075 1223 5147 signa-

421 5156 465 5225 tis,
492 5156 637 5227 verbisque
650 5158 816 5215 monachicis
837 5160 948 5215 omnino
977 5162 1142 5219 credendum
1159 5182 1166 5219 ι
1184 5165 1223 5220 illi

421 5252 531 5301 econtra
563 5244 642 5298 trium
661 5246 762 5316 ,potius
799 5247 987 5319 episcoporum
1016 5252 1221 5323 assertionibus,

419 5346 501 5407 quam
539 5348 681 5390 vervecum
715 5334 834 5405 pellibus
872 5346 1022 5395 atramento
1059 5341 1220 5415 denigratis,

418 5430 580 5504 plumbique
596 5432 855 5503 massulaoneratis,
880 5436 937 5494 iore
964 5438 1139 5508 credendum,
1168 5440 1221 5496 ab·

414 5531 489 5601 jecto
503 5531 734 5589 monachellorum
746 5535 910 5604 testimonio,
926 5536 973 5609 qui
1000 5537 1047 5594 ubi
1066 5538 1166 5595 saeculo
1189 5556 1219 5597 se

415 5626 604 5686 abrenuntiare
618 5629 737 5701 professi
750 5640 821 5701 sunt,
844 5648 934 5702 omne,
963 5634 1096 5709 inquiunt,
1127 5654 1218 5695 seecu-

1288 3664 1477 3736 respondere:
1496 3687 1507 3713 u
1525 3662 1592 3733 Quae
1615 3662 1736 3719 diximus
1763 3661 1890 3729 dicimus,
1912 3677 1973 3733 quaa
2002 3660 2095 3717 muti

1289 3769 1384 3809 sumus
1395 3752 1598 3821 confirmamus,
1614 3752 1697 3823 inque
1715 3751 1758 3807 his
1784 3750 1912 3809 omnibus
1934 3747 2095 3822 apostolicas

1288 3843 1362 3899 sedis
1375 3841 1569 3911 testimonium,
1585 3841 1609 3897 si
1622 3840 1702 3897 nobis
1716 3856 1770 3897 non
1786 3839 1886 3909 credis,
1908 3839 2091 3911 appellamus.

1288 3933 1446 4005 Superbus
1460 3946 1570 4005 quoqne
1583 3929 1631 3987 tibi
1645 3946 1680 3987 ex
1701 3937 1777 4002 perte
1794 3928 1898 3986 domini
1926 3944 2015 4001 papea,
2044 3922 2094 3999 qui

1287 4023 1341 4079 hoc
1352 4022 1441 4091 jussit,
1456 4020 1645 4077 denuntiamus
1659 4027 1793 4093 quatenus
1802 4018 1919 4076 consiliu
1941 4024 2034 4076 nostro
2064 4024 2093 4075 ta

1287 4109 1354 4167 nihil
1369 4110 1496 4167 haesitans
1509 4108 1604 4165 credas
1617 4109 1692 4181 quia,
1712 4109 1778 4165 dum
1792 4108 1877 4177 voles,
1901 4122 1951 4163 nos
1978 4116 2092 4178 paratos

1286 4200 1403 4258 babebis
1416 4199 1507 4271 reipsa
1519 4198 1637 4271 pmbara
1649 4197 1694 4254 his
1705 4213 1768 4270 quae
1782 4196 1900 4254 dicimus
1909 4195 1976 4251 nihil
1997 4195 2090 4269 dupli·

1286 4290 1377 4349 citatis
1392 4289 1491 4346 inesse.
1508 4311 1521 4339 ι
1536 4289 1571 4343 at
1583 4286 1630 4344 ille
1645 4305 1652 4342 :
1671 4311 1682 4336 «ι
1699 4285 1883 4345 Adversusea
1894 4302 1955 4359 quae
1965 4286 2089 4342 aseritis

1288 4379 1349 4435 lites
1375 4392 1518 4435 conserere
1543 4375 1618 4434 nolu.
1646 4376 1746 4433 Varum
1773 4376 1837 4449 quia
1864 4375 1952 4431 sentio
1970 4390 2004 4431 ea
2030 4372 2088 4431 illis

1286 4484 1347 4541 qua
1361 4467 1455 4524 auditu
1468 4464 1598 4522 secretius
1611 4464 1695 4521 didici
1708 4464 1873 4521 voluntatem
1887 4478 2030 4537 prccemm
2059 4463 2089 4519 in

1285 4557 1338 4613 hoc
1352 4572 1432 4611 unam
1448 4555 1548 4612 lectam
1563 4570 1633 4625 esse,
1649 4553 1738 4611 silicet
1750 4552 1813 4609 utsi
1832 4569 1884 4608 rex
1911 4550 2089 4608 investituras

1285 4644 1481 4711 Ecclesiamm,
1502 4643 1570 4700 deut
1596 4660 1625 4699 se
1650 4642 1787 4699 iacturum
1812 4641 1941 4710 minatur,
1966 4640 2085 4708 dederit,

1285 4733 1389 4790 licelid
1403 4749 1448 4789 me
1463 4747 1513 4789 nec
1524 4732 1693 4804 approbante
1705 4745 1757 4789 nec
1780 4730 1966 4787 consentiente
1992 4728 2084 4798 faciel,

1285 4839 1339 4896 ego
1364 4838 1446 4877 causa
1468 4821 1550 4878 vestri
1579 4836 1629 4876 nee
1657 4820 1732 4877 danti
1761 4836 1811 4875 uec
1824 4816 1971 4890 accipienti
1992 4834 2084 4875 meam

1281 4911 1358 4987 qnasi
1386 4908 1626 4967 excommunicatis
1658 4907 1877 4967 communionem
1911 4906 2082 4976 subtraham,

1279 5002 1367 5057 donec
1380 4998 1481 5055 nuntiis
1502 5014 1572 5071 quos
1597 5014 1647 5069 pru
1673 4996 1776 5071 negotii
1803 4997 1885 5067 hujus
1908 4996 2083 5052 discussione

1278 5090 1394 5145 Romam
1406 5087 1548 5144 destinabo
1576 5087 1692 5145 reversis
1718 5102 1770 5157 pro
1797 5094 1872 5143 ceno
1898 5084 1986 5142 mam
2013 5084 2083 5157 qnid

1277 5192 1368 5248 agam,
1384 5174 1458 5232 solus
1473 5175 1508 5232 ab
1520 5176 1560 5231 eis
1574 5175 1731 5247 discrepare
1745 5173 1821 5231 uolo.
1840 5174 1900 5231 lloc
1911 5172 2019 5230 interim
2029 5173 2082 5230 ob·

1277 5273 1384 5321 servate
1398 5280 1483 5337 penes
1497 5280 1551 5334 me,
1563 5273 1593 5320 ut
1615 5264 1689 5321 nulla
1718 5264 1827 5335 penitus
1855 5262 1959 5319 ratione
1984 5278 2082 5334 quern·

1275 5370 1357 5425 quam
1373 5354 1402 5409 in
1415 5352 1534 5411 officium
1547 5353 1588 5410 sic
1600 5354 1719 5425 suscepti
1734 5352 1845 5411 honoris
1858 5366 2025 5421 consecrem,
2033 5358 2082 5409 aut

1274 5442 1361 5501 cnivis
1375 5442 1421 5498 alii
1440 5456 1599 5499 consecrare
1625 5442 1785 5514 precipiam
1812 5440 1856 5499 vel
1883 5440 2078 5497 concedam.-

1274 5540 1366 5597 Soluta
1381 5540 1409 5595 in
1422 5539 1484 5595 istis
1497 5540 1685 5597 controversia
1698 5546 1748 5610 est,
1767 5548 1794 5595 et
1811 5539 1938 5611 utrinqne
1962 5554 2008 5595 ras
2032 5554 2081 5597 so·

1273 5639 1340 5711 pita.
1355 5641 1490 5697 Tuncrcs
1514 5646 1640 5711 tanquam
1666 5640 1765 5711 capitu
1789 5638 1918 5712 potestati
1946 5638 2078 5708 donatus,

413 5726 479 5788 laris
493 5728 595 5803 negotii
612 5728 793 5787 testimonium
808 5732 994 5802 perdiderunt.
1019 5736 1067 5791 Ast
1095 5735 1158 5807 hoc,
1181 5735 1220 5793 ait
1272 5738 1408 5795 exsultans
1423 5741 1452 5795 et
1480 5735 1572 5794 hilaris
1600 5754 1652 5810 per
1673 5737 1813 5797 dationem
1840 5736 1927 5809 virgae
1953 5743 2078 5808 pastura·
2170 5783 2171 5796 ,

415 5826 582 5897 baldwinus,
593 5829 731 5902 negotium
748 5828 877 5889 saeculare
889 5847 946 5893 nou
959 5838 1009 5889 est.
1023 5858 1033 5883 o
1046 5835 1218 5913 tinnula,
1271 5835 1304 5892 lis
1339 5835 1412 5895 illico
1448 5836 1517 5892 duos
1553 5835 1587 5893 de
1611 5835 1721 5893 clericis
1750 5837 1808 5893 suis
1834 5833 1941 5892 duobus
1968 5835 2077 5906 cpisco-

413 5922 521 5995 quidem
536 5934 561 5983 te
576 5925 663 5983 viram
677 5926 837 5999 prudentem
852 5934 879 5987 at
893 5938 1033 5987 strenuum
1045 5932 1156 6002 scimus,
1168 5932 1217 5991 sed
1270 5934 1378 6007 palibus
1402 5931 1549 6005 investivit,
1586 5935 1735 6008 cherium
1770 5934 1893 5991 videlieet
1931 5933 2075 5990 cancella·
