4750 6725
304 567 362 631 tis
553 548 558 558 “
965 568 1285 641 vrntsutnraml.
1911 602 1964 662 ris

304 688 448 747 Adoedum
462 685 553 758 rediit,
566 693 594 746 et
607 682 689 747 totius
711 690 816 764 negotii
829 704 965 750 summam
978 693 1031 751 sibi
1045 710 1106 768 apa
1118 699 1147 761 Α
1160 709 1297 781 repulsus.
1314 712 1393 771 Unda
1406 712 1489 771 etiam
1502 714 1569 775 tanti
1584 715 1658 792 opud
1672 736 1734 779 eum
1757 722 1867 785 babitus
1881 740 1922 788 eat
1936 740 1965 789 ut

305 779 371 835 ruit.
387 777 440 849 Qui
462 786 545 835 untae
559 779 663 836 irandis
687 780 855 853 malignitate
872 781 1047 853 stupescent.
1062 785 1110 840 in·
1161 795 1253 868 ipsum
1273 798 1302 853 in
1322 801 1435 859 consilio
1459 806 1532 875 quod
1554 820 1735 883 congregarat
1759 814 1962 891 episcoporum,

301 867 409 941 jurium
423 868 448 925 ei
462 868 565 925 illatam
585 871 758 926 uehementer
771 869 895 927 indoluit.
910 871 1030 928 Allridus
1044 874 1109 945 quia
1161 892 1255 957 uapore
1268 888 1357 947 visum
1381 890 1547 965 incorruprae
1566 895 1629 953 fidei
1644 903 1672 955 et
1685 900 1769 957 animi
1783 905 1872 977 probi,
1895 909 1964 965 τεεί.

304 956 470 1014 Willriduor
493 956 530 1014 ad
550 974 628 1013 snum
643 958 715 1014 velle
739 966 853 1015 tractare
876 974 931 1016 nou
954 962 1051 1033 poluit,
1073 978 1108 1019 ne
1161 972 1227 1030 dere
1246 977 1425 1049 preciperet.
1455 980 1565 1051 Quibus
1585 988 1692 1055 auditis,
1718 1006 1813 1048 omnes
1835 1012 1889 1051 nna
1903 1013 1965 1053 cum

301 1046 441 1102 tamenin
462 1045 516 1103 hac
529 1053 608 1117 parte
622 1046 689 1102 nihil
709 1062 793 1118 posse
806 1055 958 1118 putaretur,
974 1049 1108 1122 disposuit
1159 1065 1220 1131 ipsu
1236 1079 1342 1121 summo
1364 1068 1493 1139 pontifice
1518 1072 1621 1144 dixere,
1637 1076 1725 1133 virum
1748 1088 1828 1139 tantae
1843 1086 1964 1141 auctori-

300 1148 339 1191 ea
367 1150 428 1205 quae
455 1133 515 1207 ipsa
541 1135 628 1192 serris
652 1135 750 1192 Christi
778 1135 813 1192 ad
831 1137 933 1193 rictum
960 1148 1107 1209 paraverat
1161 1150 1230 1220 tetis,
1256 1152 1301 1223 qui
1322 1168 1373 1224 per
1388 1157 1568 1233 quadraginta
1590 1180 1675 1236 prope
1696 1183 1782 1224 annos
1805 1171 1964 1243 episcopatu

300 1224 417 1280 omnino
447 1223 612 1293 convellere,
644 1224 789 1297 dissipare,
802 1226 963 1296 distrahere,
990 1235 1017 1284 et
1042 1244 1106 1285 eum
1160 1236 1269 1297 iunctus
1285 1249 1351 1310 erat,
1368 1258 1541 1318 nequaquam
1563 1248 1688 1310 damnari
1703 1254 1805 1313 debere
1821 1276 1828 1322 ;
1845 1262 1894 1316 sed
1909 1263 1963 1319 ab-

299 1313 395 1384 ipsum
419 1310 510 1369 locum
533 1312 706 1369 habitationis
727 1329 822 1371 eorum
841 1316 949 1387 penitus
969 1316 1106 1375 desertum
1159 1327 1277 1385 solutum
1290 1330 1326 1385 ad
1339 1334 1465 1403 patriam,
1482 1344 1575 1409 utpote
1599 1340 1749 1400 immunem
1766 1346 1801 1401 ab
1816 1350 1962 1407 omnicul·

299 1401 427 1462 efficere.
451 1404 485 1458 dt
500 1402 604 1459 etenim
627 1402 771 1473 dispositio
792 1403 896 1473 jndicio
917 1405 964 1476 qui
985 1407 1106 1465 humano
1157 1430 1204 1485 pa,
1220 1432 1283 1474 cum
1297 1419 1403 1478 honore
1416 1423 1514 1479 redire,
1540 1426 1677 1499 Scriptum
1693 1440 1735 1487 est
1756 1433 1839 1509 igitur
1850 1439 1962 1512 regibus

298 1490 389 1546 furori
411 1492 509 1547 cedere
526 1490 623 1559 nescit,
645 1491 736 1548 locum
758 1492 919 1549 tumulorum
943 1510 1054 1551 suorum
1075 1495 1104 1552 in
1156 1504 1306 1577 Aeginium
1328 1508 1447 1568 AEilredo
1461 1513 1618 1585 etdllridn,
1634 1526 1663 1574 ut
1677 1520 1701 1575 si
1717 1523 1890 1581 anathemate
1905 1527 1960 1599 ple-

298 1578 430 1635 manibus
452 1586 625 1650 peceatomm
648 1595 822 1652 nequaquam
841 1582 881 1637 ire
894 1583 1029 1652 permisit.
1044 1585 1103 1642 De·
1155 1591 1192 1647 cti
1207 1592 1318 1665 nollent,
1330 1596 1408 1652 illum
1422 1600 1463 1653 sul
1477 1602 1650 1674 episcopatus
1673 1610 1739 1665 sede
1752 1612 1836 1683 recipi
1852 1614 1957 1687 absque

299 1668 387 1739 nique
413 1669 494 1724 Pater
521 1667 668 1725 wilfridus
693 1670 850 1742 priusquam
877 1672 960 1727 eundi
987 1673 1102 1730 acmen
1155 1684 1348 1741 retractatione
1362 1685 1494 1757 iacerent,
1510 1706 1543 1747 eo
1559 1694 1631 1763 quod
1654 1695 1742 1767 ipsum
1757 1699 1856 1769 injuria
1869 1702 1959 1776 depo·

298 1756 355 1813 iter
381 1756 521 1829 arriperet,
537 1757 572 1813 ad
599 1756 690 1816 locum
708 1759 791 1828 venit,
820 1760 919 1817 iratres
945 1768 975 1817 ut
995 1778 1025 1818 se
1052 1779 1104 1833 per
1155 1768 1236 1825 situm
1251 1786 1311 1828 esso
1330 1788 1424 1831 ornnes
1448 1786 1537 1834 ratum
1554 1781 1695 1839 habereut.

299 1843 398 1900 omnia
410 1846 468 1902 Deo
487 1846 712 1903 commendarent
725 1847 874 1919 admonuit,
889 1855 917 1905 et
937 1865 972 1905 ne
983 1851 1101 1907 hominia
1191 1858 1235 1915 58.
1252 1860 1388 1919 Posthac
1403 1864 1522 1923 famulus
1544 1868 1655 1927 Domini
1679 1874 1789 1946 magnis
1803 1888 1958 1938 sanctorum

299 1933 373 1989 iram
389 1934 513 1991 timerent
528 1949 694 2009 magnopere
713 1936 804 2007 jussit,
820 1935 922 2007 dicens,
941 1938 979 1995 nil
994 1940 1101 2011 penitus
1153 1944 1277 2020 reliquiis
1299 1949 1493 2022 locupeleatus,
1511 1964 1538 2011 et
1561 1957 1647 2015 multa
1671 1962 1817 2021 mullorum
1841 1984 1960 2027 venera-

299 2022 344 2079 eis
356 2038 438 2094 posse
457 2038 565 2093 nocere,
580 2024 602 2078 si
621 2025 709 2080 Deum
728 2032 910 2096 protectorem
933 2034 1142 2118 mererenturB
1157 2035 1232 2091 tione
1254 2038 1412 2109 perfunctus
1434 2049 1461 2098 et
1485 2044 1662 2116 exhilaratus,
1687 2052 1804 2120 patriam
1820 2059 1959 2115 remeandi

298 2110 408 2167 habere
429 2127 437 2183 3
461 2112 592 2168 haberent
617 2112 758 2181 autemst
776 2129 840 2171 eum
861 2130 925 2173 rere
946 2115 1099 2189 diligerent,
1154 2124 1230 2181 riam
1244 2126 1362 2197 repetiit.
1378 2128 1500 2201 Cumque
1513 2132 1541 2189 in
1564 2144 1652 2206 partes
1666 2136 1814 2197 Galliarum
1829 2142 1958 2203 devenis-

298 2199 384 2272 eiqne
397 2216 507 2273 semper
520 2200 625 2257 sincero
646 2201 729 2258 corde
743 2202 887 2260 servirent.
913 2206 947 2259 tt
961 2204 1002 2260 illi
1015 2206 1101 2263 rerba
1155 2220 1209 2279 set,
1230 2214 1321 2270 subita
1348 2216 1504 2277 infirmitate
1528 2222 1686 2295 corripitur.
1713 2227 1774 2297 Qua
1805 2243 1956 2307 crescente,

296 2288 343 2345 sui
360 2289 445 2345 Putris
465 2288 619 2346 obediendo
638 2299 826 2362 susceperunt,
849 2300 876 2348 et
890 2293 919 2348 in
933 2294 992 2351 Deo
1006 2302 1101 2350 onnus
1153 2306 1230 2359 tanto
1245 2302 1340 2361 dolore
1358 2314 1473 2363 vexatur
1486 2317 1515 2365 ut
1540 2326 1611 2384 equo
1633 2314 1743 2373 minime
1764 2320 1826 2375 vehi
1842 2320 1955 2395 valeret,

297 2392 397 2435 omnes
406 2377 579 2437 adversarios
589 2380 677 2436 Deum
687 2387 875 2451 protectorem
888 2382 989 2438 habere
999 2398 1101 2441 meme
1152 2390 1203 2448 sed
1224 2390 1406 2450 ministrorum
1437 2397 1564 2455 manibus
1587 2399 1616 2455 in
1642 2402 1759 2474 grabato
1791 2416 1954 2478 portaretur.

296 2474 374 2523 runt.
1152 2478 1252 2551 sicque
1268 2479 1373 2538 delmus
1387 2483 1416 2539 in
1430 2485 1547 2543 llddum
1562 2487 1699 2547 civitatem
1717 2492 1823 2563 Galliae,
1841 2506 1956 2568 quatuor

335 2558 384 2612 57.
404 2556 470 2612 Cum
485 2564 576 2613 auum
588 2556 687 2615 beatus
710 2558 858 2616 Willridus
872 2560 987 2617 liemam
1000 2563 1097 2620 renis·
1155 2561 1253 2620 diebus
1275 2581 1308 2621 ac
1329 2567 1455 2623 nochbus
1477 2568 1575 2627 similis
1595 2582 1702 2632 mortuo
1725 2576 1845 2648 jacebat,
1868 2583 1955 2641 halitu

295 2654 350 2715 ser,
366 2644 511 2718 magnifice
531 2653 586 2702 tam
607 2662 624 2702 a
643 2648 766 2704 Jooaone
788 2650 946 2720 apostolice
960 2650 1031 2707 sedis
1044 2668 1097 2708 an·
1151 2649 1327 2710 solummodo
1349 2657 1472 2726 pertenui
1495 2659 1559 2715 vitre
1586 2677 1616 2717 se
1637 2663 1758 2722 funditus
1786 2668 1953 2727 subtractum

294 2734 390 2805 ahalae,
420 2748 502 2807 quarn
521 2741 579 2791 eta
605 2742 709 2808 poputo
732 2736 862 2794 Romano
876 2746 1019 2811 succeptus
1045 2749 1096 2798 est.
1151 2755 1208 2797 non
1229 2755 1291 2797 esse
1315 2742 1514 2804 demonstrans.
1537 2750 1605 2804 Cum
1626 2766 1692 2809 vero
1715 2752 1752 2809 ita
1774 2754 1832 2813 sine
1851 2758 1912 2815 cibo
1926 2769 1954 2817 et

293 2821 442 2881 Adventus
467 2830 559 2880 autem
580 2823 622 2879 sui
637 2840 720 2880 causa
741 2839 805 2882 cum
828 2841 924 2883 coram
945 2829 1096 2899 apostolico
1149 2834 1225 2900 potu,
1249 2829 1309 2887 sine
1334 2846 1404 2889 voce
1425 2842 1453 2890 et
1473 2835 1565 2893 auditu
1588 2839 1733 2909 quatriduo
1754 2858 1951 2921 perseveraret,

293 2910 442 2984 multisque
463 2910 598 2984 episcopis
620 2912 749 2969 ventilari
773 2913 896 2984 deberet,
915 2917 1096 2987 presentibus
1151 2916 1246 2988 quinta
1260 2918 1372 2975 demum
1386 2920 1430 2977 die
1448 2938 1509 2979 cum
1526 2925 1694 2999 iamiamque
1706 2932 1853 2989 moriturus
1866 2951 1881 2991 a
1896 2938 1954 2994 suis

292 2999 500 3056 accusatoribus
522 3001 578 3057 suis
595 3000 686 3057 locum
707 3016 769 3058 sese
777 3001 946 3061 defendendi
968 3007 1090 3079 accepit.
1152 3000 1342 3078 plangeretur,
1358 3017 1469 3067 sanctus
1484 3012 1600 3071 iiichael
1618 3019 1798 3092 archangelus
1811 3024 1954 3082 aDominn

291 3090 390 3160 ltaque
409 3089 536 3156 annexit,
560 3103 671 3146 oausam
697 3106 775 3146 suem
793 3106 885 3148 norem
907 3094 1035 3169 omnibus
1055 3097 1094 3167 (7)
1147 3094 1271 3163 mittitur,
1294 3112 1345 3168 per
1371 3114 1452 3171 quem
1480 3102 1589 3159 sanitati
1616 3105 1746 3177 pristiniae
1777 3111 1948 3172 restituatur.

293 3178 368 3235 dixit
382 3195 389 3243 ;
405 3177 479 3249 quod
493 3178 571 3247 dixit,
589 3179 630 3235 sic
653 3195 683 3236 se
697 3179 801 3237 habere
815 3180 897 3238 iirma
912 3182 1035 3239 veritatis
1046 3200 1094 3240 m.
1148 3180 1202 3237 Cui
1217 3184 1298 3241 Pater
1320 3184 1473 3258 intendens,
1497 3206 1531 3247 uo
1555 3191 1629 3249 velut
1654 3196 1757 3267 optime
1778 3199 1887 3272 cognito
1901 3219 1951 3274 pro

291 3266 369 3322 aione
395 3266 532 3337 probarit.
560 3266 640 3324 Unde
662 3269 816 3324 communis
840 3270 939 3340 judicii
960 3272 1093 3330 sententia
1146 3286 1229 3342 posse
1243 3288 1293 3330 suo
1312 3274 1552 3336 vullusalunritate
1574 3281 1741 3355 adgaudens,
1763 3289 1951 3362 tacitusjace·

290 3355 348 3412 viri
360 3354 410 3412 Dei
424 3354 580 3413 innocentia
592 3356 792 3430 comprobatur,
811 3367 891 3432 atque
905 3362 1092 3418 accusantium
1145 3359 1203 3431 bat,
1219 3361 1350 3435 quidnam
1364 3365 1417 3421 sibi
1435 3367 1527 3425 dicere
1540 3369 1623 3428 vellet
1644 3375 1779 3444 operiens.
1800 3377 1881 3434 Stans
1895 3381 1950 3437 ita-

288 3443 371 3500 telse
394 3443 538 3502 calumnie
557 3445 750 3516 reprobantur.
783 3448 871 3520 Super
891 3449 951 3506 baec
984 3467 1091 3524 quoque
1106 3410 1133 3478 c
1146 3465 1200 3519 que
1215 3451 1373 3524 angelorum
1389 3455 1518 3528 princeps
1533 3457 1693 3530 hujusmodi
1707 3464 1792 3519 rerba
1807 3466 1951 3539 virolocu·

289 3531 462 3590 venerandus
481 3548 552 3605 papa
565 3534 686 3590 loannes
710 3537 844 3592 acunctis
865 3547 1003 3608 exoratur,
1019 3557 1090 3610 qua·
1143 3545 1186 3593 tus
1199 3539 1354 3596 asseritur:
1373 3565 1385 3592 ι
1402 3543 1542 3612 Willride,
1559 3548 1678 3606 concivis
1703 3549 1870 3627 dignissima,
1886 3573 1948 3612 sur-

289 3629 370 3677 uenus
392 3619 540 3692 apostolica
560 3620 708 3688 sanctione,
730 3631 758 3679 et
780 3623 891 3695 justitia
909 3625 975 3695 J'usti
997 3627 1090 3685 debito
1143 3641 1188 3698 ge,
1205 3626 1269 3697 quid
1280 3627 1358 3698 jaces
1374 3631 1388 3683 l
1403 3645 1467 3686 nam
1482 3633 1545 3689 licet
1566 3634 1637 3690 inter
1659 3637 1732 3694 cives
1746 3641 1876 3698 coelorum
1892 3660 1946 3700 nu-

289 3709 396 3764 honnre
409 3707 574 3776 sublevetur,
596 3718 623 3766 et
637 3709 769 3781 injustitia
789 3711 814 3766 ei
828 3712 1010 3770 resistentium
1025 3730 1090 3772 con·
1142 3714 1265 3786 mereris,
1287 3723 1379 3772 tamen
1401 3727 1514 3790 propter
1536 3722 1672 3780 crationes
1696 3724 1813 3783 filiomm
1838 3738 1944 3788 tuorum

288 3812 360 3868 grus
382 3795 558 3854 damnatione
583 3807 734 3869 prematur.
762 3799 834 3857 turia
861 3809 952 3857 autem
979 3817 1088 3860 caumm
1140 3803 1194 3858 bon
1209 3809 1331 3874 tempore
1346 3819 1401 3861 uon
1415 3806 1551 3879 morieris,
1574 3811 1713 3885 precipue
1736 3830 1787 3886 per
1804 3820 1945 3878 meritust

287 3885 364 3942 iuius
377 3885 459 3943 lesuin
473 3885 570 3958 synodi
584 3886 748 3944 venerabilis
761 3903 840 3960 papae
854 3889 1012 3962 Agathonis,
1026 3909 1087 3963 quae
1138 3889 1349 3950 intercessiones
1364 3893 1450 3950 beata
1464 3897 1557 3953 llarie
1580 3899 1722 3972 genitricis
1736 3903 1786 3960 Dei
1800 3913 1827 3962 et
1841 3924 1944 3981 perpe·

288 3973 429 4048 quondam
444 3973 473 4029 in
493 3974 534 4030 sui
555 3975 702 4045 presentia
717 3974 798 4046 (sicut
816 3977 947 4051 diximus)
958 3988 1018 4036 acte
1031 3989 1085 4051 est,
1139 3984 1193 4036 111ae
1218 3978 1347 4052 widinis·
1373 3981 1469 4041 Ofilii
1497 3984 1569 4042 essim
1582 4003 1631 4060 1)ῐο
1657 3997 1694 4061 ¹02
1709 4001 1857 4066 Pf01³²⁰l0²
1870 4001 1944 4070 ll¹¹⁰d

287 4078 355 4118 cum
370 4062 399 4117 in
413 4062 527 4119 consilio
541 4063 730 4135 episcoporum
748 4064 808 4136 ipse
821 4066 928 4122 medius
941 4068 1084 4126 resideret.
1138 4067 1264 4140 quaedam
1286 4083 1370 4141 opera
1392 4071 1444 4128 sibi
1472 4073 1627 4145 placuerint
1655 4079 1726 4135 lecta
1754 4096 1804 4153 per
1826 4087 1863 4141 te.
1886 4087 1943 4145 Scit

286 4152 359 4208 Nam
372 4167 445 4220 cum,
459 4167 490 4208 re
507 4151 645 4225 exigente,
671 4152 789 4225 synodus
803 4155 992 4226 eudemiussu
1005 4173 1085 4230 papae
1136 4171 1236 4229 nempe
1263 4156 1329 4229 quid
1351 4160 1442 4232 operis
1473 4162 1550 4220 Petro
1578 4165 1685 4237 leceris,
1714 4170 1834 4243 quidque
1856 4174 1942 4246 ipsius

286 4240 433 4313 legeretur,
455 4248 483 4296 et
500 4255 595 4297 coram
616 4240 754 4297 nobilibus
775 4241 918 4316 plebisque
932 4244 1086 4316 frequentia
1136 4243 1212 4300 iratri
1227 4245 1347 4304 Andreas
1354 4251 1550 4309 construxeris.
1563 4251 1735 4328 Quapropter
1745 4275 1817 4318 nunc
1825 4263 1937 4333 quidem

287 4328 387 4386 diebus
401 4328 504 4402 aliquot
514 4328 801 4398 recitaretur,rentum
810 4332 892 4388 estad
905 4347 967 4388 eum
982 4333 1082 4407 locum,
1136 4345 1154 4387 a
1170 4341 1257 4390 morte
1282 4336 1465 4407 revocaberis,
1481 4354 1514 4396 ac
1538 4341 1600 4399 vite
1615 4343 1752 4416 salutique
1775 4350 1938 4428 restitueris,

284 4417 334 4474 uhi
348 4417 478 4490 scriptum
493 4420 573 4474 erat:
592 4439 604 4468 ι
629 4417 783 4489 Wiliridus,
798 4419 856 4476 Deo
870 4420 1008 4491 amabilis,
1023 4424 1084 4495 epi·
1135 4421 1186 4477 sed
1205 4429 1317 4493 paratus
1339 4430 1407 4493 esto,
1427 4425 1491 4496 quia
1509 4433 1573 4497 post
1597 4432 1805 4501 quadriennium
1829 4439 1940 4496 rediens

284 4521 384 4580 scopus
396 4505 532 4564 Eboracae
546 4505 666 4564 civitatis
686 4507 864 4580 apostolicam
877 4509 970 4565 amem
984 4511 1020 4568 da
1033 4527 1083 4569 sua
1134 4508 1250 4568 visitabo
1276 4515 1312 4566 tc.
1337 4511 1455 4569 Patriam
1487 4529 1552 4572 vero
1582 4520 1754 4593 perveniens,
1792 4526 1938 4584 maximam

282 4609 369 4654 gausa
383 4595 533 4668 appellans,
560 4618 571 4645 a
588 4601 615 4652 el
633 4599 808 4668 ceteraque
830 4613 913 4669 supra
925 4599 1079 4669 posuimus.
1133 4597 1336 4669 possessionum
1351 4607 1470 4672 tuarum,
1487 4620 1547 4674 quae
1563 4606 1611 4661 tibi
1630 4617 1694 4664 sunt
1708 4610 1816 4682 ablatae,
1836 4617 1938 4686 portio·

282 4685 365 4755 Quod
384 4684 433 4741 ubi
446 4685 555 4754 lectum,
571 4690 666 4756 stupor
684 4685 865 4756 apprehendit
886 4687 1039 4757 audientes,
1054 4697 1081 4746 et
1132 4701 1195 4742 nem
1209 4687 1334 4758 recipies,
1351 4695 1434 4762 utque
1448 4690 1477 4748 in
1490 4708 1558 4764 pace
1572 4697 1722 4768 tranquilla
1737 4699 1822 4757 vitam
1839 4706 1935 4763 termi-

282 4774 382 4830 sflem
401 4773 501 4830 lectore
520 4782 660 4846 προφω
676 4773 834 4830 ,pompm
856 4775 1004 4847 requirere,
1021 4779 1080 4849 quis
1095 4763 1222 4830 Dnabis.
1244 4797 1256 4824 ι
1273 4775 1378 4845 Quibus
1393 4779 1484 4849 dictis,
1500 4782 1571 4839 visin
1595 4787 1689 4858 angeli
1702 4787 1883 4861 colloquentis
1899 4796 1935 4851 ab

280 4861 328 4919 jue
341 4861 490 4919 Wilffidus
504 4863 648 4935 episcopus
664 4869 744 4919 esset.
760 4863 829 4918 'lum
843 4864 1005 4921 Boniiecius
1015 4882 1080 4938 apc-
1133 4861 1191 4932 ejus
1204 4871 1351 4935 conspectu
1366 4865 1462 4939 elapsa
1477 4877 1530 4926 est.
1558 4873 1591 4927 dl
1612 4872 1657 4929 ille
1671 4876 1794 4946 protinus
1817 4895 1850 4938 ac
1864 4881 1886 4937 si
1901 4883 1935 4942 de

280 4949 371 5008 siclini
392 4964 473 5023 papae
486 4951 659 5019 consiliarus,
684 4958 711 5007 et
725 4951 771 5006 alii
788 4951 941 5024 perplures,
953 4955 1002 5024 qni
1016 4971 1079 5011 eum
1132 4951 1210 5024 gravi
1233 4967 1330 5010 somno
1345 4957 1555 5029 expergefactus
1578 4963 1703 5033 surrexit,
1721 4966 1800 5035 sedit,
1818 4971 1931 5042 apertis·

280 5039 449 5111 temporibus
471 5039 621 5113 agathonis
637 5052 719 5111 papae
740 5038 780 5094 ibi
793 5038 928 5112 riderent,
951 5042 1079 5100 dicebant
1131 5055 1185 5110 que
1199 5040 1284 5098 oculis
1304 5041 1375 5099 circa
1392 5060 1422 5099 se
1436 5045 1534 5102 choros
1557 5050 1734 5119 psallentium
1756 5055 1933 5131 lientiumque

278 5127 370 5200 ipsum
383 5128 637 5201 emppiscopum,
661 5127 708 5198 qui
722 5134 865 5184 acmsatus
886 5129 979 5198 asnis,
995 5137 1077 5205 atquc
1131 5128 1243 5184 tretium
1268 5131 1384 5202 aspexit,
1419 5147 1453 5189 ac
1477 5135 1613 5192 modicum
1639 5141 1788 5215 suspirans,
1821 5145 1931 5208 ubinam

279 5215 376 5273 a'sede
388 5215 539 5288 apostolica
549 5215 713 5287 judicandus
726 5231 814 5287 nuper
822 5217 937 5274 Romam
948 5218 1074 5276 advenit:
1129 5224 1203 5273 esset
1215 5218 1287 5274 deca
1300 5219 1443 5291 presbyter
1455 5221 1643 5297 interrogavit.
1661 5228 1714 5297 Qui
1737 5233 1827 5290 statim
1843 5252 1929 5294 roca-

279 5305 325 5377 φή
336 5303 507 5376 Jamdudum,
523 5303 660 5376 inquiunt,
678 5320 756 5377 aeque
769 5314 911 5362 accusatus
923 5305 979 5363 huc
993 5307 1076 5364 adre-
1128 5313 1171 5361 tus
1184 5305 1304 5377 intrarit,
1320 5314 1346 5364 el
1361 5307 1530 5368 videnseum
1537 5314 1635 5370 melius
1653 5317 1798 5378 habentem
1814 5339 1845 5381 ac
1855 5325 1930 5398 loqui

277 5395 368 5466 niens,
384 5409 450 5450 mox
464 5392 556 5451 audita
569 5392 772 5466 dijudicataque
785 5403 906 5451 nauseet
919 5404 1075 5453 controver-
1128 5393 1273 5465 velamem,
1289 5395 1367 5452 llexis
1380 5398 1500 5469 genibus
1522 5417 1584 5458 cum
1599 5405 1728 5464 omnibus
1753 5411 1798 5482 qui
1813 5414 1930 5474 aderant

277 5482 318 5538 sia
331 5481 581 5554 utriusquepartis,
597 5481 711 5538 abente
719 5482 858 5539 memorie
869 5499 944 5557 papa
956 5486 1075 5557 Agatho·
1127 5479 1258 5541 iratribus
1273 5485 1331 5541 Deo
1344 5485 1447 5558 gratim
1461 5487 1527 5560 egit.
1545 5489 1578 5548 Et
1595 5507 1656 5550 cum
1670 5511 1769 5567 parum
1785 5503 1929 5560 consedis-

276 5586 313 5628 ne
336 5570 468 5645 probatus
490 5579 532 5628 est
549 5578 643 5628 contra
663 5569 706 5626 fas
726 5586 787 5628 esse
809 5587 892 5630 asno
914 5573 1074 5646 episcopatu
1126 5579 1196 5642 sent,
1212 5572 1293 5630 ande
1306 5573 1431 5646 superuis
1443 5573 1552 5644 iudiciis
1571 5581 1670 5653 trepidi
1684 5585 1776 5657 aliqua
1789 5591 1926 5648 contabu-

309 5694 389 5767 (Μ
408 5695 518 5753 istolsm
538 5695 598 5766 ejus
611 5694 710 5778 ioanni
730 5696 853 5768 papeia
875 5695 916 5753 sui
930 5699 1073 5779 purgatiu-
1127 5695 1360 5780 eminentissimis
1367 5697 1764 5784 Ethelradoregillcraiorum
1776 5713 1926 5786 ctdlsrido

273 5783 337 5897 grem
364 5711 488 5850 oblatam
504 5764 807 5895 ΙιοἰοοιιίιζζιΙΙνεΞΙίῐΙιίιὲεὼ,ι
817 5770 1075 5901 dameam&
1126 5782 1186 5839 regi
1204 5767 1353 5826 bearorum
1367 5771 1395 5826 et
1416 5771 1620 5834 berniciorum.
1951 5818 1958 5836 ,.

291 5854 388 5898 ⁰²¹¹¹²¹⁸
401 5853 483 5914 1¹⁸1m
502 5854 532 5894 ¹¹¹
544 5851 595 5911 8¹⁸

415 5980 535 6044 Person.
548 5977 646 6064 elix,
1749 5995 1787 6064 tt
