4750 6725
325 565 378 624 ηε
862 565 1026 628 ΗιεΤΟΒΙΑ
1047 569 1235 630 Nothlttttt.
1251 604 1285 614 -
1300 571 1365 631 nin.
1387 574 1433 633 ttt.
1921 593 1973 648 teo

323 691 470 749 dimidium
484 690 564 766 regni
577 690 713 766 perderet,
739 691 766 746 in
789 690 835 748 illo
857 693 1002 750 verebatur
1017 712 1050 751 ne
1065 697 1124 750 lra-
1140 699 1167 760 A
1182 706 1264 769 negat
1279 699 1414 763 oblatam
1437 711 1520 775 negat
1539 703 1619 760 etiam
1633 720 1663 762 se
1678 706 1719 762 vel
1734 710 1819 764 semel
1833 710 1977 784 aliquando

322 789 394 836 trem
415 797 494 836 suurn
508 781 656 836 liebertum
671 780 717 852 qui
728 787 793 836 ωηο
807 780 841 836 de
854 782 1004 839 Jerusalem
1019 785 1124 840 North·
1180 801 1228 842 sua
1243 786 1380 845 voluntate
1394 789 1476 847 luisse
1489 793 1615 859 velatam,
1629 802 1655 850 et
1667 797 1726 851 hae
1740 795 1763 851 si
1779 797 1888 856 credere
1899 800 1977 859 aliter

323 867 603 935 mannitmradierat‚
619 868 765 925 dnselmus
786 869 884 936 adiret,
898 879 924 926 et
939 887 999 925 eum
1015 872 1043 927 in
1057 889 1127 944 apo·
1181 875 1257 942 nolit,
1274 875 1354 932 offert
1380 894 1409 933 se
1433 879 1537 950 judicio
1565 883 1645 938 totius
1674 884 1825 957 nngtnrum
1855 887 1982 948 Ecclesiae

323 957 1128 1031 stolieaescdissubjectionemdeductum,quodlaeillimnm
1181 963 1356 1034 probaturam
1373 982 1380 1020 :
1400 988 1410 1014 n
1428 970 1561 1038 Attamen,
1579 970 1674 1042 inquit,
1691 989 1735 1028 me
1751 975 1843 1030 velum
1859 985 1983 1047 portasse

324 1043 399 1102 lactu
414 1046 530 1114 sciebat,
547 1061 641 1118 regern
656 1045 760 1116 duplice
776 1045 888 1102 laceret.
914 1048 953 1103 De
969 1048 1058 1104 verbis
1072 1048 1128 1122 igi·
1182 1066 1238 1106 non
1254 1052 1371 1125 abnego.
1396 1054 1466 1110 Nam
1482 1074 1544 1113 cum
1560 1059 1763 1117 adolescentula
1779 1078 1877 1132 essem,
1894 1074 1922 1122 et
1934 1069 1985 1123 sub

325 1139 370 1189 tur
383 1133 550 1190 altrinsecus
573 1134 651 1190 motis
672 1134 790 1190 induciae
807 1151 893 1208 usque
914 1136 1015 1193 Pascha
1038 1137 1130 1211 petitae
1183 1139 1279 1196 amicae
1293 1142 1542 1212 meaedhristianae,
1558 1163 1640 1219 qnam
1665 1156 1693 1203 tu
1717 1149 1788 1207 bene
1811 1154 1891 1222 nosti,
1907 1157 1986 1230 virga

323 1230 397 1290 sunt,
422 1230 557 1296 quatenus
586 1223 714 1294 utrinqne
736 1223 851 1280 Romam
877 1225 1058 1295 mitteremur,
1084 1227 1129 1299 qui
1184 1244 1323 1299 paverem,
1340 1229 1385 1286 illa
1399 1235 1525 1289 servandi
1547 1237 1674 1307 corporis
1702 1239 1755 1294 mei
1783 1256 1864 1298 causa
1890 1249 1987 1300 contre

324 1311 435 1369 decreta
458 1310 609 1382 apostoliea
629 1311 657 1366 in
672 1311 815 1383 pristinum
837 1313 916 1386 regni
940 1331 1017 1370 usum
1042 1323 1131 1371 mula·
1184 1314 1315 1372 iurantem
1330 1327 1358 1373 et
1371 1319 1501 1393 cujusque
1517 1323 1615 1394 pudori
1630 1340 1662 1380 ea
1677 1333 1836 1398 tempestate
1851 1330 1986 1387 insidian-

325 1406 401 1468 rent,
416 1407 444 1456 at
459 1399 569 1456 iuterim
585 1399 719 1456 Ecclesiis
733 1400 840 1473 Angliae
855 1401 883 1456 in
897 1416 953 1472 quo
968 1406 1044 1458 emnt
1058 1409 1132 1460 statu
1185 1411 1241 1459 tem
1255 1406 1503 1464 Northmanoorum
1518 1410 1672 1480 libidinem,
1687 1415 1797 1487 nigrum
1812 1419 1986 1490 panniculum

326 1487 514 1559 manantibus,
529 1488 675 1546 dnselmus
688 1487 802 1545 redditis
816 1489 896 1546 terris
909 1505 978 1562 quas
992 1507 1040 1547 rex
1054 1507 1131 1546 mer·
1185 1490 1271 1563 capiti
1299 1509 1360 1548 meo
1388 1511 1582 1568 superponere,
1600 1508 1627 1555 et
1639 1517 1682 1556 me
1704 1501 1782 1558 illum
1809 1504 1987 1573 abjicientem

327 1586 391 1636 tuus
414 1577 545 1634 Ecclesioe
560 1576 750 1634 cantuariensi
762 1577 920 1648 abstulerat,
934 1578 992 1634 suis
1007 1579 1132 1634 omuibus
1186 1576 1257 1632 aeris
1271 1578 1428 1635 verberibus
1443 1588 1471 1635 et
1485 1581 1598 1638 nimium
1613 1583 1738 1641 obscenis
1752 1588 1897 1646 verborum
1917 1607 1986 1648 ceu·

328 1668 518 1734 revestiretur,
542 1664 635 1736 sicque
658 1663 737 1720 lieret
760 1672 789 1720 ut
814 1665 836 1720 si
860 1666 1036 1724 esculentia
1063 1665 1133 1722 llecti
1186 1663 1265 1719 viciis
1279 1680 1352 1736 saepe
1370 1667 1493 1723 cruciare
1515 1669 1597 1726 simul
1621 1681 1648 1727 et
1670 1672 1847 1732 debonestare
1870 1679 1984 1736 solebat.

328 1769 407 1830 papa
430 1754 566 1826 nequiret,
584 1753 663 1810 totius
685 1753 791 1826 negotii
814 1769 922 1810 summa
944 1755 972 1810 iu
996 1771 1058 1812 eum
1079 1771 1133 1828 qno
1187 1749 1274 1822 Quem
1289 1770 1408 1824 pennum
1429 1756 1459 1810 in
1481 1756 1565 1828 ipsius
1580 1760 1689 1830 quidem
1707 1765 1853 1834 praeseutia
1871 1782 1987 1839 gemens

329 1851 394 1902 tunc
409 1850 488 1900 erant
502 1845 600 1898 statum
616 1841 734 1898 rediret.
757 1843 823 1900 llaec
837 1843 993 1912 dussimus,
1010 1845 1133 1916 quamvis
1187 1855 1220 1897 ac
1235 1843 1412 1900 tremebunda
1425 1844 1557 1916 ferebam,
1573 1848 1626 1905 sed
1640 1866 1706 1906 mox
1725 1861 1754 1908 ut
1771 1869 1815 1908 me
1828 1857 1988 1928 conspectui

331 1931 431 1989 lrivole
452 1947 513 1988 esse
532 1938 559 1987 et
578 1929 608 1986 in
628 1930 696 1986 nihil
723 1929 788 1988 utile
812 1932 925 1990 tendere
948 1933 1031 1990 sciret
1053 1942 1133 2006 atque
1188 1931 1248 2000 ejus
1262 1931 1419 1989 subtrahere
1435 1943 1567 2006 poteram,
1584 1947 1723 2010 arreptum
1737 1941 1765 1996 in
1780 1943 1892 1999 humum
1909 1946 1987 2016 jace-

331 2020 505 2092 praediceret,
516 2027 607 2076 umen
618 2035 653 2074 ne
663 2034 734 2077 novo
745 2020 805 2092 regi
817 2035 864 2076 seu
874 2021 1041 2092 principibus
1050 2023 1133 2078 ullam
1149 2058 1176 2120 B
1191 2033 1231 2087 re,
1247 2020 1361 2090 pedibus
1374 2026 1525 2093 proterere,
1541 2026 1616 2080 etita
1636 2043 1689 2097 quo
1707 2027 1735 2083 in
1757 2030 1820 2086 odio
1836 2032 1986 2106 fervebam,

333 2117 430 2166 contra
456 2125 489 2165 se
513 2108 698 2180 suspicionem
727 2107 762 2164 de
790 2109 867 2182 regni
890 2109 1064 2168 translatione
1089 2117 1137 2166 aut
1194 2107 1319 2179 quamvis
1342 2110 1512 2181 insipienter,
1535 2130 1737 2172 consueveram
1760 2119 1903 2179 desaevire.
1923 2125 1989 2193 Isto,

336 2197 447 2255 aliunde
467 2197 608 2265 incuteret,
623 2195 753 2268 precibus
773 2197 878 2254 illorum
893 2215 988 2270 passus
1003 2207 1043 2256 est
1056 2200 1137 2268 vinci,
1193 2211 1250 2252 non
1267 2197 1321 2253 alio
1335 2199 1428 2268 modo,
1442 2207 1510 2257 teste
1523 2203 1692 2260 conscientia
1707 2222 1779 2274 mea,
1792 2208 1881 2266 velata
1892 2211 1939 2268 lui.
1951 2215 1992 2271 de

335 2294 362 2342 et
377 2285 451 2356 qued
465 2285 592 2342 volebant
612 2284 716 2355 annuit,
733 2284 899 2360 dimissaque
922 2287 1001 2344 curia
1022 2287 1051 2344 iu
1072 2303 1140 2360 pace
1193 2285 1215 2339 si
1230 2301 1274 2340 me
1288 2286 1404 2342 oblatam
1430 2290 1544 2362 quisque
1567 2293 1647 2357 dicet,
1673 2299 1703 2350 et
1725 2296 1777 2350 hoe
1802 2298 1881 2368 quale
1903 2300 1936 2356 sit
1957 2319 1992 2358 ex

334 2375 372 2431 ad
387 2390 438 2430 sua
452 2374 573 2430 secessit.
1193 2389 1226 2430 eo
1242 2373 1335 2444 colligi
1349 2384 1446 2446 potest,
1464 2379 1546 2448 quod,
1563 2381 1631 2435 sicut
1653 2383 1761 2452 plurimi
1779 2386 1824 2454 qui
1843 2387 1932 2444 adhuc
1950 2406 1993 2444 sn-

372 2461 565 2536 ilinc·peucis
591 2461 689 2520 diebus
717 2463 893 2535 interpositis,
921 2464 1057 2520 hlatbildis
1084 2464 1140 2520 filia
1193 2469 1304 2532 persunt
1322 2472 1463 2533 noverunt,
1479 2473 1557 2537 pater
1571 2484 1647 2523 meus
1662 2487 1725 2526 curn
1746 2488 1799 2540 nie,
1812 2477 1993 2545 quemadmo-

333 2550 495 2608 Malcholmi
512 2550 677 2608 nobilissimi
701 2553 776 2624 regis
801 2553 955 2617 Scotorum,
980 2557 1007 2608 et
1029 2555 1138 2624 hlarqa-
1193 2549 1339 2620 dumdi1i‚
1356 2552 1470 2609 velatam
1490 2554 1560 2611 lorte
1576 2557 1701 2625 vidisset,
1718 2560 1812 2617 lurore
1836 2579 1993 2634 succensus,

332 2641 460 2713 retem),
472 2657 535 2714 quae
552 2641 636 2696 scitur
650 2649 743 2698 exorta
757 2640 791 2696 de
805 2641 910 2698 semine
924 2657 1021 2714 regum
1036 2643 1139 2714 Anqlo·
1192 2637 1294 2710 injecta
1305 2656 1387 2695 manu
1398 2640 1488 2698 velum
1498 2644 1621 2715 arripuit,
1632 2656 1659 2701 et
1668 2646 1806 2718 dissipans
1816 2651 1994 2720 illod,odium

336 2745 410 2798 rnrn,
426 2729 520 2800 nupsit
540 2730 652 2800 praelato
674 2730 793 2787 ilenrico
813 2729 874 2800 regi
899 2730 1061 2801 duplorum.
1078 2731 1140 2800 lpsa
1191 2727 1419 2798 Deiimprecatus
1432 2739 1473 2786 est
1487 2732 1511 2786 ei
1527 2733 1572 2804 qni
1588 2735 1653 2788 mihi
1678 2736 1744 2791 illud
1769 2737 1909 2809 imposuit,
1925 2757 1994 2798 eon-

331 2817 435 2889 quippe
449 2818 603 2890 llargareta
625 2816 679 2872 filia
704 2817 754 2872 luit
776 2817 904 2873 Edu-andi
928 2815 976 2872 lilii
991 2818 1066 2890 regis
1080 2818 1138 2873 Ed·
1194 2822 1294 2872 testans
1307 2833 1336 2872 se
1349 2818 1443 2874 comiti
1458 2820 1548 2877 blano
1562 2837 1608 2877 me
1622 2824 1713 2895 potins
1727 2826 1757 2880 in
1771 2843 1894 2897 uxorem,
1912 2847 1995 2901 quarn

332 2904 441 2974 mundi,
457 2905 503 2976 qui
519 2905 569 2962 luit
582 2904 738 2978 filiusregis
753 2905 892 2962 Ethelredi
905 2903 953 2960 lilii
968 2905 1137 2979 gloriosissi·
1191 2902 1219 2959 in
1258 2906 1463 2962 coutnbemium
1504 2911 1750 2969 sanctimonialium
1796 2916 1993 2988 predestinas-

330 2993 370 3051 mi
384 2995 459 3069 regis
473 2993 606 3067 Eadqari,
622 2992 700 3063 cujus
716 3010 778 3050 mox
793 2993 925 3066 incapite
940 2994 1024 3064 hujus
1047 2995 1138 3068 operis
1181 3006 1220 3047 'se
1235 2992 1282 3062 (h).
1306 2993 1370 3050 llaec
1391 3004 1432 3050 est
1444 2995 1515 3051 unde
1537 2997 1689 3054 calumnior
1709 3001 1779 3058 ratio
1801 3019 1873 3070 mea,
1898 3022 1991 3077 quam,

330 3083 436 3140 mentio
451 3082 521 3139 laeta
544 3089 598 3140 est.
621 3083 768 3156 Negotium
793 3083 885 3153 itaqua
909 3083 997 3154 ipsius
1020 3085 1135 3155 eopulae,
1191 3095 1294 3151 quaeso,
1309 3082 1458 3152 perpendat
1480 3085 1627 3156 prudentia
1652 3095 1706 3157 tua,
1732 3096 1760 3144 et
1782 3100 1847 3162 agat
1872 3107 1922 3163 pro
1946 3108 1991 3150 nte

329 3170 398 3228 lieet
427 3170 561 3244 prepositi
589 3171 680 3243 operis
707 3171 908 3239 intentionem,
928 3179 956 3226 ut
974 3171 1135 3244 quibusdam
1190 3169 1256 3224 sieut
1282 3169 1355 3225 norit
1378 3171 1513 3242 agendum
1538 3175 1685 3243 paternitas
1710 3185 1767 3233 tua.
1800 3179 1905 3250 »Quid
1927 3182 1991 3253 plu-

328 3255 400 3313 lortc
414 3256 530 3322 videtur,
554 3256 767 3328 haudquaquam
788 3255 931 3327 respiciat,
957 3263 1048 3312 tamen
1072 3256 1136 3329 quia
1189 3259 1238 3312 ra‘l
1253 3257 1348 3315 Didert
1359 3258 1509 3316 Anselmus
1529 3264 1690 3320 sententiam
1716 3267 1801 3335 serre,
1827 3276 1988 3327 etecusam

326 3359 379 3419 per
398 3344 560 3403 Ansalmum
582 3344 799 3402 administratum
824 3352 865 3401 est
883 3344 960 3416 (nam
985 3353 1013 3402 et
1035 3362 1083 3403 eos
1107 3345 1135 3403 in
1185 3346 1288 3417 judicio
1319 3347 1508 3422 religiosarum
1542 3368 1721 3423 personarum
1749 3356 1829 3429 regni
1856 3358 1990 3417 determi-

327 3434 491 3507 conjugium
506 3433 658 3501 benedixit,
684 3440 712 3489 et
733 3434 807 3489 illurn
832 3437 935 3505 pariter
957 3434 985 3489 in
1006 3432 1301 3507 rapinamCuandam
1334 3438 1505 3508 pronuntiat.
1544 3440 1651 3498 Staluto
1686 3443 1777 3515 itaque
1809 3446 1853 3501 die
1889 3454 1989 3505 coeunt

326 3523 512 3595 consecravit)
540 3520 619 3579 brevi
647 3530 757 3579 autumo
785 3521 991 3579 describendum
1015 3524 1132 3596 qualiter
1185 3523 1221 3578 ad
1252 3531 1347 3580 nutum
1380 3524 1454 3581 illius
1477 3526 1614 3599 episcopi,
1639 3530 1750 3586 abbates
1772 3533 1895 3602 nobiles,
1920 3537 1984 3607 qui-

324 3611 478 3669 emansit.
499 3612 659 3669 lloeautem
677 3612 1131 3671 esrenobismarimeinvolun-
1185 3628 1257 3683 que,
1289 3629 1321 3669 ac
1351 3613 1473 3685 religiosi
1515 3616 1619 3674 ordinis
1650 3617 1704 3673 viri
1732 3619 1763 3675 in
1796 3621 1860 3677 villa
1893 3624 1984 3681 Sancti

325 3706 411 3758 tatem
436 3700 546 3767 cecidit,
562 3700 692 3773 quoniam
706 3700 866 3757 Anselmunr
881 3700 909 3757 in
922 3701 1128 3758 bocarcctitu-
1182 3699 1302 3758 Andreae
1329 3701 1364 3757 de
1392 3704 1576 3770 llovecestra,
1611 3722 1672 3774 quae
1700 3706 1830 3764 lambeta
1859 3720 1981 3783 vocatur,

324 3788 392 3847 dine
407 3788 531 3847 deviasse
545 3789 675 3847 nonnulla
690 3805 751 3861 pars
764 3789 918 3857 hominum,
932 3796 962 3843 ut
975 3788 1027 3860 ipsi
1048 3790 1127 3846 audi·
1182 3804 1238 3861 quo
1260 3798 1288 3845 et
1311 3789 1402 3861 ipsum
1422 3792 1567 3862 praesentis
1599 3794 1703 3865 negotii
1736 3802 1801 3852 tune
1828 3804 1908 3854 tenor
1928 3801 1983 3856 ad·

323 3878 433 3949 vimus,
460 3878 671 3949 blasphemavit.
702 3877 844 3949 Siquidem
863 3877 960 3933 eadem
978 3877 1126 3949 Matbildis,
1181 3876 1307 3934 duxerat.
1327 3878 1415 3935 Causa
1429 3878 1513 3952 igitur
1531 3880 1611 3951 juxta
1630 3882 1820 3955 praescriptam
1834 3887 1937 3943 seriem
1951 3888 1980 3944 in

324 3964 397 4033 inter
410 3965 631 4023 sanctimoniales
644 3966 673 4021 in
686 3965 856 4023 monasterio
880 3966 915 4022 ab
936 3964 1051 4023 infantia
1069 3982 1126 4021 nu·
1181 3965 1301 4021 inedium
1322 3967 1440 4024 deducta
1461 3974 1516 4024 eat.
1544 3969 1681 4027 Prodeant
1706 3970 1862 4039 hincinde
1887 3974 1981 4034 idonei

324 4053 390 4110 trita
403 4061 430 4110 et
444 4052 546 4121 adulta,
561 4052 725 4111 credebatur
738 4069 755 4109 a
769 4054 861 4111 multis
879 4053 907 4109 in
922 4054 1060 4111 servitium
1075 4054 1126 4110 bei
1179 4060 1273 4122 testes,
1289 4054 1374 4113 verba
1395 4055 1491 4127 puellae
1512 4073 1587 4129 purae
1609 4059 1716 4115 veritati
1740 4061 1858 4118 subnixa
1881 4073 1978 4136 prote-

324 4158 341 4198 a
369 4142 526 4215 parentibus
551 4141 653 4209 oblata,
677 4157 710 4200 eo
734 4142 806 4215 quod
831 4142 937 4213 publice
959 4142 1017 4199 visa
1039 4140 1127 4198 luerat
1179 4152 1293 4200 stantes.
1303 4143 1444 4201 Accedunt
1457 4145 1517 4200 istis
1530 4146 1713 4205 archidiaconi
1725 4149 1789 4218 duo,
1802 4150 1979 4209 Willbelmua

324 4245 420 4287 earum
436 4230 508 4287 iuter
522 4244 590 4301 quas
599 4229 707 4287 vivebat
718 4244 793 4287 more
803 4230 901 4286 velata.
913 4229 981 4298 Quae
991 4246 1047 4298 res,
1059 4229 1124 4286 dum
1179 4232 1305 4288 videlicet
1319 4232 1529 4304 Cantuariensis,
1549 4243 1575 4290 et
1597 4235 1768 4293 llumbaldus
1783 4239 1975 4312 serberiensis,

320 4317 373 4375 illa
385 4318 444 4387 jam
458 4317 523 4375 olim
546 4318 660 4375 dimisso
683 4318 745 4375 velo
768 4333 785 4374 a
807 4334 874 4392 rege
896 4325 1042 4385 amaretur,
1060 4317 1122 4390 [lep.
1177 4337 1246 4393 quos
1261 4323 1338 4377 Pater
1352 4323 1502 4377 Anselmus
1518 4324 1676 4381 wiltuniam
1695 4326 1742 4396 (c),
1759 4327 1803 4381 ubi
1818 4328 1865 4383 illa
1889 4328 1978 4388 iuerat

322 4405 394 4479 euml
420 4406 566 4479 plurimum
594 4422 643 4464 ora
670 4407 784 4475 laxaret,
799 4414 827 4463 at
844 4421 891 4464 eos
904 4422 922 4463 a
936 4406 1034 4477 cupitis
1061 4422 1122 4461 em·
1176 4409 1300 4474 educate,
1316 4425 1365 4481 pro
1379 4410 1440 4479 ejus
1456 4413 1496 4465 rei
1510 4412 1672 4467 certitudine
1686 4414 1811 4470 rimanda
1825 4416 1972 4488 direxerat,

323 4494 452 4567 plexibus
467 4495 624 4561 retardaret,
647 4494 707 4567 ipsa
727 4494 896 4564 dnselmum,
918 4496 996 4565 cujus
1019 4494 1047 4550 in
1071 4496 1123 4551 boe
1175 4496 1221 4568 qui
1236 4497 1346 4568 publica
1366 4512 1434 4553 voce
1456 4499 1545 4553 testati
1569 4504 1633 4553 sunt
1646 4516 1676 4555 se
1691 4508 1719 4555 et
1734 4516 1794 4557 rem
1809 4519 1824 4556 a
1837 4505 1975 4561 sororibus

321 4590 416 4638 nutum
431 4596 525 4639 omnes
539 4582 744 4655 exspectabant,
760 4583 835 4653 adiit,
851 4582 992 4638 consilium
1015 4582 1050 4637 de
1071 4598 1121 4639 ne·
1174 4583 1382 4657 diligentissime
1395 4585 1568 4658 perquisisse,
1583 4594 1610 4641 et
1623 4586 1690 4641 nihil
1714 4590 1788 4660 quod
1810 4590 1901 4647 relatae
1924 4610 1973 4650 ra·

320 4670 415 4743 gotio,
440 4678 467 4727 et
490 4669 621 4728 auxilium
644 4670 777 4727 submissa
805 4686 884 4742 prece
909 4670 1044 4743 quesivit.
1072 4670 1122 4728 Cui
1175 4672 1242 4730 tioni
1255 4672 1401 4731 obsisteret
1424 4674 1459 4729 ab
1480 4673 1520 4729 eis
1536 4690 1636 4746 capere
1650 4675 1782 4746 petuisse.
1798 4678 1889 4734 Monet
1904 4696 1972 4755 ergo

318 4758 385 4829 ille,
411 4758 514 4815 lamam
542 4775 603 4831 quae
628 4758 767 4815 terebatur
793 4758 939 4829 injiciens,
963 4758 1158 4854 affirmabetD
1174 4762 1322 4817 Anselmus
1336 4770 1363 4818 et
1376 4778 1426 4833 per
1439 4762 1622 4819 Christianam
1642 4763 1824 4820 obedientiam
1845 4768 1972 4827 omuibus

318 4846 395 4904 nulla
418 4863 447 4903 se
469 4863 589 4920 uuquam
610 4846 764 4903 rationein
788 4848 841 4903 hoc
867 4846 1071 4915 declinandum,
1087 4852 1118 4903 ut
1171 4848 1331 4921 imperatui
1344 4850 1449 4906 nullum
1464 4866 1481 4906 a
1494 4851 1607 4908 veritate
1623 4851 1700 4908 seror
1720 4861 1767 4907 aut
1788 4853 1869 4909 timor
1882 4856 1969 4914 delle-

316 4950 395 4992 suem
410 4935 468 4993 Deo
482 4950 611 5008 sponsam
635 4935 718 5003 tollat,
742 4942 768 4991 et
797 4952 855 4991 eam
879 4942 988 4992 terreno
1015 4935 1117 4992 homiui
1172 4945 1237 5008 etat,
1251 4939 1300 4995 sed
1314 4939 1381 4996 sieut
1395 4954 1495 4996 revera
1508 4954 1597 4996 causa
1612 4940 1674 5008 Dei,
1691 4956 1744 5012 qno
1756 4940 1832 5011 juste
1845 4942 1973 5003 determi-

315 5023 346 5081 in
366 5022 571 5085 matrimonium
590 5023 703 5097 jungat.
721 5023 814 5085 neren
827 5022 885 5095 illa,
910 5032 937 5083 ct
957 5024 1066 5098 penitus
1088 5040 1118 5081 se
1173 5030 1264 5097 netur,
1274 5026 1460 5101 unnsquisque
1475 5042 1527 5100 pro
1542 5026 1647 5086 viribus
1656 5044 1737 5101 opem
1749 5030 1831 5100 leret,
1841 5047 1886 5103 ne,
1897 5036 1972 5107 quod

969 5227 1187 5287 rrnnscttatvtt
1207 5227 1321 5286 NOTAE.

315 5377 399 5453 regni
409 5378 517 5450 paterni
537 5378 745 5461 recuperatione
762 5398 767 5437 :
784 5395 877 5453 repam
892 5395 959 5454 ergo
973 5381 1113 5438 benedixit
1167 5380 1319 5438 dominatus
1337 5380 1369 5463 in
1392 5380 1516 5448 Francia,
1539 5390 1627 5465 matre
1654 5383 1870 5447 Northmannica
1896 5408 1964 5464 pro-

315 5450 437 5577 arcbiep.
451 5450 631 5507 Eboreeensrs
640 5448 770 5521 Thomas,
788 5464 858 5507 anno
876 5452 1110 5525 libovhugusti,
1166 5462 1296 5509 creatus:
1318 5452 1424 5509 videtur
1443 5460 1532 5508 auten
1553 5465 1711 5525 conjectura
1730 5460 1879 5528 probabilis
1898 5463 1964 5519 lun-

313 5530 408 5594 posto
430 5520 495 5577 itum
511 5519 647 5603 Guillelmi
661 5521 705 5579 die
720 5522 806 5593 tertia,
818 5522 864 5594 qui
878 5532 904 5579 et
918 5524 976 5595 ipse
989 5522 1111 5594 sequenti
1166 5523 1225 5579 dari
1240 5524 1266 5577 in
1282 5523 1420 5605 communi
1435 5524 1588 5650 Anplorum
1602 5525 1800 5601 scotorumque
1823 5533 1887 5589 odio
1910 5536 1963 5591 ad-

312 5590 743 5745 mqp)nppppppr3poppgnrem
763 5664 860 5738 regina
882 5680 903 5721 x
925 5664 1006 5735 Junii,
1031 5664 1112 5722 etiam
1165 5595 1578 5747 ἷξοΐίιοῖὲζίξῖοἳῗεηξέοηηοεηο
1601 5667 1701 5726 Scotici
1727 5672 1845 5728 nominis
1874 5676 1961 5743 hoste,

312 5732 546 5805 decipientium.
562 5743 706 5805 inscripta.
1166 5735 1210 5792 vel
1230 5736 1330 5806 aliquis
1352 5751 1432 5808 pnmr
1459 5736 1531 5793 illius
1557 5737 1672 5797 lenmse
1699 5757 1803 5813 nepos,
1826 5752 1853 5799 et
1874 5745 1962 5803 scotia

347 5804 389 5881 (b)
403 5802 526 5862 Celebris
537 5806 609 5875 apud
620 5804 763 5863 historicos
773 5814 814 5863 cst
825 5805 940 5871 Alanus,
951 5820 1043 5865 eomes
1054 5807 1111 5865 llri·
1165 5822 1243 5879 reque
1254 5807 1425 5865 abominatus
1439 5806 1617 5881 significetur.

313 5882 410 5937 tenum
422 5874 638 5944 Armoricorum,
653 5876 725 5935 iuter
745 5877 882 5953 principia
904 5876 1110 5939 Northmanuiei
1201 5876 1240 5953 (ο)
1255 5878 1390 5938 wiltonia
1402 5878 1593 5953 episcoporum
1607 5880 1852 5956 sedes,aotequam
1866 5901 1900 5943 ea
1909 5883 1959 5947 Se·

414 5970 552 6039 Parnon.
572 5970 683 6041 cmx,
1827 5982 1865 6051 tt

1506 5596 1549 5651 hic
1563 5596 1606 5651 vel
1621 5598 1727 5655 Alanus
1744 5617 1838 5659 comes
1861 5604 1965 5663 dicatur
