4750 6725
328 623 380 680 lbi
879 621 1046 680 HISTORIA
1062 620 1249 680 NOVOllUll.
1266 653 1301 664 —
1314 623 1378 680 tta.
1393 625 1428 678 ll.
1929 620 1981 675 tto

332 747 536 821 praedastinatio
550 749 557 803 l
572 749 642 804 Vera
665 747 765 806 etenim
787 748 919 820 praemisit
938 749 1009 805 Deus
1031 749 1131 820 Josepb
1145 746 1172 808 A
1186 755 1213 805 et
1226 749 1337 805 omnino
1351 756 1445 806 contra
1458 764 1566 822 aequum
1580 745 1698 820 fatigari.
1713 747 1785 803 Nam
1798 759 1861 801 cum
1885 741 1983 800 littere

335 837 362 893 in
372 839 519 911 AEgyptum
535 840 596 893 ante
609 837 693 892 Jacob
706 844 811 909 patrem
831 854 922 894 suum.
951 837 1131 908 Quapropter,
1186 855 1248 911 quae
1276 838 1385 895 direetae
1413 840 1527 908 fuerant,
1555 838 1656 892 nullam
1679 837 1729 908 ipsi
1749 851 1802 908 qua
1821 835 1884 905 jure
1905 832 1985 904 argui

332 927 396 984 licat
411 929 503 983 omnia
519 942 580 997 quae
595 926 693 994 habeo,
710 927 761 982 tuis
775 933 868 998 utpote
883 927 933 982 riri
957 934 1068 999 propter
1082 926 1131 997 ju·
1185 936 1280 998 posset
1301 927 1411 999 culpam
1436 927 1579 983 referendo
1607 926 1776 990 inveherent,
1806 937 1858 978 nec
1883 921 1984 976 latores

329 1016 431 1072 stiriam
446 1031 532 1072 necue
546 1015 617 1070 beati
634 1015 705 1070 Petri
720 1013 877 1070 fidelitatem
893 1016 1040 1072 exsulantis
1066 1032 1133 1086 pro·
1187 1033 1310 1074 earuma
1336 1016 1432 1072 litteris
1452 1017 1517 1088 ipsis
1541 1017 1635 1086 pejora
1657 1012 1771 1068 dicendo
1801 1010 1984 1075 dissentirent,

329 1105 468 1178 posuerim
484 1103 695 1161 necessitatibus
708 1103 847 1173 servitura,
865 1113 954 1160 tamen
973 1105 1034 1176 quia
1059 1105 1134 1160 urbis

329 1195 406 1250 istius
417 1209 466 1248 aer
480 1193 572 1248 multis
584 1201 610 1248 et
624 1193 753 1249 maximae
769 1193 919 1266 peregrina.
935 1194 1053 1266 regionis
1080 1195 1132 1250 hu-

329 1282 449 1336 minibus
460 1281 542 1336 nimis
559 1290 598 1337 est
615 1281 771 1351 insalubris,
788 1282 869 1338 laudo
885 1291 913 1338 ut
936 1298 982 1337 eas
1007 1299 1059 1354 quo
1081 1298 1133 1338 vo-

330 1369 412 1438 caris,
426 1385 460 1424 ne
476 1370 552 1441 quod
567 1385 684 1440 superna
697 1370 819 1442 dignatio
836 1369 884 1426 tibi
899 1370 1016 1442 providit
1043 1369 1133 1442 negli-

330 1473 398 1532 gere
412 1458 570 1514 ridearis.·
596 1460 751 1531 resquiescit
774 1460 918 1515 hnselmus
940 1459 1012 1516 dicto
1041 1459 1133 1530 ponti-

330 1545 400 1616 licis,
417 1555 443 1603 et
458 1553 661 1618 exspectaturus
676 1547 740 1620 quid
765 1564 816 1603 rex
838 1548 946 1620 hugliae
971 1547 1134 1618 respondeat

330 1635 428 1692 litteris
450 1651 534 1706 papae
561 1651 594 1693 aa
618 1635 685 1704 suis,
708 1645 799 1705 partes
822 1637 856 1692 ad
884 1653 951 1710 quas
971 1635 1135 1692 invitabatur

330 1725 418 1798 petiit.
435 1723 598 1782 Occurritur
610 1727 636 1780 ei
652 1739 715 1780 cum
731 1725 825 1780 laetitia
838 1733 864 1780 et
877 1728 979 1781 honore
1006 1725 1033 1779 in
1060 1723 1134 1780 omni

330 1815 393 1871 loco
409 1814 444 1869 ad
459 1830 540 1884 quam
555 1813 716 1886 ingreditur,
733 1821 759 1870 et
773 1814 895 1869 certatim
919 1813 954 1869 ad
978 1813 1133 1868 ministran-

331 1904 398 1959 dum
413 1901 454 1957 illi
466 1902 567 1976 quique
582 1911 722 1973 parantur.
739 1901 791 1958 L'bi
817 1917 882 1958 vero
912 1901 971 1958 loco
999 1900 1034 1957 ad
1053 1917 1134 1974 quem

331 1991 390 2062 jbat
405 1991 645 2063 appropinquarit,
670 1991 801 2063 adjuncta
830 2007 922 2048 secum
944 1991 1056 2046 fratrum
1084 2005 1134 2046 ca-

1188 1108 1288 1163 factum
1303 1113 1342 1161 est
1356 1115 1383 1161 ut
1396 1114 1423 1162 et
1434 1104 1484 1160 riri
1497 1105 1599 1174 justitia
1614 1102 1717 1157 firmius
1730 1100 1895 1164 crederetur,
1908 1104 1934 1154 et
1946 1097 1986 1150 in-

1183 1196 1287 1266 justitia
1299 1193 1417 1250 hominis
1431 1209 1492 1250 eum
1521 1208 1576 1249 uon
1597 1207 1676 1262 aequa
1698 1189 1802 1261 judicio
1832 1185 1982 1257 fatigantis,

1187 1283 1278 1356 magis
1291 1299 1323 1340 ac
1337 1283 1425 1355 magis
1439 1281 1575 1353 publicata
1587 1280 1771 1336 detestaretur.
1784 1276 1890 1346 Quique
1904 1273 1987 1345 igitur

1187 1389 1220 1429 ex
1236 1373 1374 1429 hocillius
1397 1380 1537 1443 coeperunt
1562 1386 1648 1425 causae
1675 1368 1777 1436 favere,
1805 1365 1877 1420 illius
1903 1377 1982 1418 cum·

1187 1461 1280 1530 mod0,
1296 1461 1368 1515 illius
1392 1460 1487 1515 honori
1510 1476 1538 1514 se
1565 1474 1667 1528 suaque
1695 1471 1745 1528 pro
1772 1463 1834 1510 voto
1859 1451 1985 1508 certatim

1187 1551 1359 1622 impendere.
1382 1550 1441 1604 Dux
1457 1547 1571 1620 ipse‚ad
1586 1562 1666 1618 quem
1689 1545 1748 1614 ipsa
1774 1543 1902 1597 mandata
1929 1555 1985 1610 prae

1188 1640 1293 1694 crateris
1315 1638 1370 1695 lata
1396 1638 1512 1705 fuerunt,
1538 1652 1592 1690 oon
1616 1633 1790 1690 consideratis
1811 1632 1853 1685 eis
1879 1629 1985 1682 Patrem

1187 1727 1420 1800 multisprecibus
1435 1727 1536 1782 adhoc
1556 1725 1664 1780 flectere
1686 1722 1760 1777 nisus
1781 1729 1832 1784 est,
1856 1725 1988 1790 quatenus

1187 1834 1279 1873 secum
1303 1818 1461 1890 dignaretur
1488 1829 1637 1878 remanere,
1664 1820 1691 1867 et
1715 1808 1830 1882 optimas
1854 1815 1987 1863 terrarum

1188 1924 1299 1962 suarum
1311 1911 1368 1962 tam
1382 1907 1409 1960 in
1423 1904 1496 1962 villis
1510 1920 1591 1976 quam
1610 1903 1638 1956 in
1653 1899 1769 1956 castellis
1792 1914 1841 1952 seu
1867 1893 1986 1950 eivitati-

1188 1996 1248 2066 bus,
1261 1998 1337 2067 juxta
1350 1994 1508 2050 electionem
1525 2008 1613 2061 suam,
1629 1990 1702 2046 dono
1724 1989 1859 2060 accipere,
1887 1996 1989 2054 easque

332 2089 408 2136 terra
423 2081 542 2134 loannes
556 2079 665 2135 obviam
681 2079 764 2149 radit,
781 2089 807 2135 et
824 2080 927 2136 Pratum
955 2096 1032 2136 suum
1058 2095 1134 2136 mure
1150 2105 1177 2166 B
1193 2087 1220 2141 in
1232 2103 1298 2140 usus
1312 2101 1377 2141 suos
1392 2098 1566 2154 suorumque,
1583 2081 1648 2136 dum
1662 2080 1777 2146 vireret,
1792 2074 1902 2149 proprio
1928 2071 1988 2140 jure

332 2168 398 2224 boni
414 2166 463 2224 filii
482 2184 581 2241 magna
594 2183 654 2224 cum
672 2169 826 2226 reverentia
840 2175 866 2224 ct
880 2167 1062 2224 exsultatione
1077 2184 1137 2222 sus-
1194 2174 1340 2230 vindicare.
1356 2173 1440 2228 ttiter
1453 2173 1537 2246 igitur
1552 2169 1693 2226 molimina
1705 2167 1816 2240 regtsin
1826 2161 1986 2218 anselmum

333 2265 444 2328 ceptum
482 2257 647 2313 m⁰ss8810r50
685 2256 838 2313 inerducil·
874 2257 980 2312 Exinde
1009 2257 1137 2328 quoniam
1191 2262 1583 2334 processeruntacipserafus
1598 2259 1695 2314 fuerat.
1712 2254 1861 2313 Obsidione
1889 2249 1989 2306 debinc

335 2346 414 2402 calor
426 2345 464 2400 ibi
479 2352 577 2402 cuncta
589 2345 715 2415 torrebat,
733 2345 807 2402 ducit
820 2361 882 2400 euna
898 2345 925 2400 in
939 2345 1029 2400 villam
1049 2359 1137 2413 susan,
1192 2352 1290 2420 soluta,
1304 2351 1445 2406 Ansehnus
1458 2365 1520 2405 cum
1534 2363 1605 2421 papa
1619 2348 1654 2402 ad
1666 2350 1835 2402 aversanam
1851 2340 1887 2410 (c)
1898 2337 1991 2395 civita-

337 2432 611 2502 Sclaviamnomine,
629 2450 700 2505 quae,
729 2433 757 2488 ia
781 2433 881 2490 montis
908 2433 1050 2489 altitudine
1077 2433 1137 2502 sita,
1193 2439 1346 2496 temvadit,
1376 2440 1449 2511 Papa
1470 2437 1618 2503 civitatem,
1642 2433 1786 2489 hnsclmus
1806 2429 1890 2484 mulla
1911 2439 1992 2498 Ρΐθΰθ

337 2538 406 2579 sano
419 2523 523 2596 jugiter
536 2539 598 2578 aere
612 2521 833 2579 conversantibus
849 2522 904 2577 illic
919 2522 1017 2577 habilis
1040 2531 1138 2578 exstat.
1193 2528 1321 2584 inritatus
1347 2527 1484 2583 abbatiam
1523 2525 1614 2582 Sancti
1654 2519 1808 2585 Laurentii,
1837 2512 1991 2586 hospitandi

374 2611 422 2666 llis
438 2611 525 2667 ferme
540 2610 636 2666 diebus
649 2612 772 2684 hogerus
787 2611 841 2666 dux
857 2611 964 2682 Apuliae
979 2613 1018 2682 (a)
1033 2613 1139 2666 aduna-
1193 2617 1290 2688 gratia,
1307 2616 1383 2687 petit.
1398 2615 1484 2686 Igitur
1498 2614 1627 2669 hnselmo
1642 2612 1676 2667 ab
1690 2611 1776 2682 ipsius
1789 2603 1906 2664 coenobii
1934 2601 1947 2655 f
1977 2631 1992 2642 -

336 2709 365 2756 to
375 2701 475 2773 grandi
488 2700 619 2770 exercitu,
629 2699 787 2770 Capuanum
805 2701 943 2757 civitatem
958 2699 994 2772 (b)
1010 2716 1025 2755 a
1040 2715 1088 2755 sua
1104 2699 1141 2754 di·
1195 2705 1279 2760 tribus
1292 2703 1423 2775 perfectae
1439 2701 1573 2757 charitatis
1596 2699 1760 2769 obsequium
1786 2692 1938 2758 exhibetur,
1965 2696 1993 2744 ot

337 2789 413 2845 tione
429 2789 592 2844 resilientem
610 2787 763 2844 obsidebat.
780 2789 814 2843 llt
830 2789 920 2844 audita
934 2788 1008 2844 fama
1035 2788 1141 2846 Ausel-
1194 2791 1316 2865 loquenti
1330 2791 1410 2847 solito
1422 2806 1501 2847 mure
1516 2807 1577 2863 quae
1591 2789 1641 2845 Dei
1663 2795 1726 2844 sunt
1746 2784 1854 2842 auditus
1872 2779 1994 2837 studiose

339 2876 390 2947 mi,
406 2877 517 2934 directis
530 2877 639 2946 nuntiis,
657 2877 764 2950 rogavit
778 2893 838 2932 eum
854 2878 945 2933 renire
961 2877 993 2933 ad
1022 2894 1061 2948 se,
1092 2895 1142 2933 cu·
1195 2881 1339 2954 praebetur.

336 2965 415 3036 piens
428 2966 508 3021 illum
523 2965 620 3022 videre
636 2975 662 3022 et
677 2966 789 3036 alloqui,
804 2974 884 3037 atque
894 2983 944 3038 per
955 2983 1017 3022 eum
1027 2967 1070 3022 his
1080 2984 1141 3038 quae
1184 2995 1187 3000 ¹
1231 2969 1411 3025 considerans
1424 2968 1517 3036 itaque
1530 2967 1674 3024 anselmus
1696 2965 1768 3036 apud
1794 2979 1834 3031 se,
1865 2966 1992 3032 quantm

337 3053 419 3109 saluti
443 3070 500 3110 sure
524 3053 713 3110 adminiculari
735 3061 870 3126 poterant,
906 3055 1061 3112 informari.
1091 3057 1143 3113 lrit
1195 3059 1293 3114 mentis
1305 3058 1519 3132 inquietudinem
1534 3063 1561 3112 ct
1575 3055 1806 3128 perturbationem
1827 3050 1905 3107 fuerit
1927 3064 1993 3118 pas·

339 3156 406 3214 ergo
419 3144 499 3198 Pater
513 3142 547 3198 ad
573 3159 645 3199 eum.
663 3143 759 3199 Adhuc
779 3142 861 3215 longe
886 3159 1003 3209 eramus,
1029 3152 1055 3200 et
1078 3159 1142 3200 ecce
1194 3163 1242 3202 sus
1256 3147 1282 3201 in
1297 3147 1406 3221 hnglia,
1415 3154 1442 3202 et
1455 3147 1593 3217 quomodo
1606 3144 1705 3210 nullus,
1721 3142 1841 3212 exceptis
1857 3137 1992 3210 aliquibus

336 3231 470 3305 duxipse
491 3230 602 3304 copiosa
625 3231 738 3286 militum
762 3233 935 3289 multitudine
957 3242 1049 3304 septus
1071 3233 1141 3288 Patri
1195 3236 1346 3305 monachis,
1377 3251 1438 3291 eum
1464 3235 1553 3308 gratia
1584 3231 1766 3289 fructificandi
1797 3231 1865 3299 Deo,
1898 3227 1993 3283 audhe

336 3319 508 3390 occurrit,ac
535 3320 564 3376 in
590 3320 681 3378 oscula
708 3337 800 3389 ruens,
831 3321 918 3394 eipro
945 3338 994 3378 suo
1023 3322 1140 3379 adventu
1195 3325 1320 3395 voluerit,
1353 3331 1507 3397 quantaque
1539 3324 1639 3379 mentis
1669 3320 1863 3392 tranquillitate
1878 3317 1991 3389 potitus,

335 3410 442 3483 gratias
456 3412 522 3480 egit.
539 3410 631 3465 Plures
646 3410 745 3467 exhinc
759 3410 818 3467 dies
847 3412 875 3465 in
902 3410 1045 3467 obsidione
1071 3411 1139 3466 feci·
1194 3422 1221 3470 et
1236 3432 1319 3485 quam
1335 3416 1470 3470 fructuoso
1485 3408 1889 3469 studiositacunetisauditus
1911 3408 1992 3476 post-

337 3515 410 3568 mus‚
434 3498 533 3556 remoti
558 3498 586 3554 iu
608 3499 734 3555 tentoriis
757 3516 772 3555 a
796 3500 948 3571 frequentia
970 3508 997 3555 et
1025 3501 1139 3555 tumultu
1194 3521 1275 3575 quana
1294 3502 1380 3558 exivit
1406 3502 1442 3558 de
1469 3502 1576 3574 anglia,
1605 3500 1678 3556 omni
1707 3494 1989 3562 desiderioferrebat,

337 3588 535 3659 perstrepentis
549 3588 693 3643 exercitus.
709 3588 777 3644 Cum
794 3596 884 3645 autem
900 3589 968 3644 inter
983 3590 1042 3645 haec
1067 3590 1141 3645 sedis
1193 3609 1288 3649 curam
1298 3590 1404 3663 dngliae
1418 3605 1481 3646 cum
1494 3588 1651 3660 pontificatu
1666 3587 1804 3649 deserere,
1819 3591 1847 3639 et
1860 3582 1898 3638 eis
1927 3597 1991 3652 per-

338 3677 497 3747 apostolicae
511 3678 632 3747 pontifex
648 3678 773 3733 Urbanus
795 3677 842 3733 illu
866 3677 1033 3745 adventaret,
1062 3686 1089 3733 et
1114 3679 1140 3733 ei
1194 3681 1275 3754 petim
1302 3677 1505 3734 abrenuntiare.
1537 3676 1607 3732 Huic
1634 3689 1744 3747 quoque
1772 3672 1910 3728 desiderio
1935 3685 1990 3725 noa

340 3766 375 3820 ab
391 3764 520 3821 llnselmo
534 3779 567 3821 ac
580 3766 751 3836 principibus
766 3767 846 3821 totius
870 3767 1007 3821 exercitus
1030 3767 1138 3823 obviam
1192 3786 1291 3840 parum
1305 3767 1410 3823 roboris
1424 3764 1606 3836 impendebat,
1624 3762 1699 3834 quod
1714 3760 1835 3817 omnium
1850 3757 1989 3813 dubietate

337 3855 403 3909 itum
419 3862 499 3922 esset,
516 3852 617 3926 ingenti
634 3854 775 3910 saecutaris
789 3854 889 3926 glorias
915 3870 1015 3925 pompa
1041 3870 1139 3926 prosa·
1193 3859 1299 3914 sublata
1313 3856 1423 3913 ridebat
1437 3853 1604 3926 impossibile
1619 3852 1678 3909 fore
1705 3866 1770 3906 suos
1793 3856 1820 3905 et
1846 3845 1989 3903 Wilhelmi

339 3940 592 4009 cutus,ductusest
609 3942 636 3996 in
657 3942 799 3998 tentorium
826 3942 898 4013 quod
926 3942 950 3997 ei
980 3958 1064 4015 prope
1091 3960 1140 3999 nos
1194 3946 1266 4020 regis
1281 3962 1370 4001 mores
1384 3944 1411 3999 in
1437 3960 1520 3998 unum
1546 3941 1665 4013 amplius
1691 3938 1867 3995 concordare.
1890 3934 1932 3991 Ad
1959 3950 1993 3989 ea

338 4038 401 4085 erat
413 4030 521 4086 caeteris
537 4028 713 4087 excellentius
728 4030 910 4086 constitutum.
928 4030 1025 4103 Sicque
1054 4032 1140 4087 donec
1194 4052 1294 4109 nempe
1319 4033 1469 4107 quasillum
1496 4033 1524 4088 in
1551 4030 1650 4103 Anglia
1676 4028 1758 4101 positi
1788 4028 1878 4083 lacere
1904 4023 1992 4081 solere

339 4118 437 4175 civitas
451 4118 477 4173 in
491 4118 657 4174 deditionem
685 4118 802 4187 transiit,
825 4118 931 4174 obsidio
951 4118 1024 4174 illius
1047 4119 1140 4176 domi·
1194 4140 1418 4199 cognoveramus,
1448 4138 1518 4179 nova
1546 4121 1671 4191 quasdam
1698 4117 1819 4190 quotidie
1832 4117 1867 4171 ab
1881 4114 1924 4169 his
1948 4113 1994 4187 qui

339 4222 518 4277 numpapam
545 4216 572 4263 et
598 4208 755 4262 hnselmum
784 4207 889 4263 vicinos
915 4207 1019 4277 habuit,
1046 4209 1084 4264 ita
1111 4218 1141 4265 ut
1194 4202 1419 4270 inderenienant
1445 4211 1556 4281 publice
1569 4209 1764 4274 referebantur,
1780 4206 1806 4261 io
1836 4204 1934 4275 quibus
1960 4203 1998 4257 ita

338 4296 444 4352 familia
458 4295 565 4351 illorum
580 4296 670 4369 magis
684 4296 824 4351 videretur
839 4312 891 4352 una
907 4312 987 4367 quam
1004 4297 1073 4363 duae,
1090 4315 1140 4354 nec
1195 4312 1291 4360 contra
1317 4301 1367 4357 Dei
1391 4300 1524 4371 justitiam
1552 4298 1713 4353 obfirmatus
1740 4292 1941 4366 intelligebatur
1967 4294 1999 4346 ut

339 4384 420 4441 facile
434 4384 523 4457 quivis
538 4384 689 4441 declinaret
698 4384 733 4439 ad
747 4400 845 4457 papam
857 4384 902 4458 qui
918 4401 971 4440 ncn
992 4386 1141 4443 diverteret
1194 4388 1271 4442 multi
1285 4386 1429 4459 regionum
1445 4384 1552 4439 illarum
1567 4382 1617 4440 viri
1632 4381 1713 4437 simul
1727 4396 1758 4436 ac
1772 4378 1900 4433 mulieres
1914 4376 1997 4430 aliam

341 4472 378 4529 ad
391 4474 561 4529 anselmum.
1193 4477 1228 4531 de
1243 4492 1275 4531 eo
1290 4473 1497 4530 estimationem
1512 4471 1644 4526 haberent
1672 4484 1753 4541 quam
1776 4466 1810 4521 de
1837 4463 1990 4520 Christiano

375 4562 430 4617 Sed
442 4562 507 4633 quid
521 4562 619 4617 faciam
635 4560 691 4617 tsi
707 4560 853 4625 dilectioni,
870 4562 893 4618 si
919 4563 1086 4631 reverentias,
1116 4562 1138 4618 si
1193 4562 1361 4621 Christianos
1375 4563 1419 4619 lex
1434 4560 1587 4617 Christiana
1602 4557 1681 4614 docet
1695 4556 1808 4610 habere.
1826 4554 1865 4608 Dc
1893 4551 1997 4622 quibus

341 4650 449 4719 honori,
465 4650 512 4723 qui
526 4650 656 4707 Anselmo
671 4649 706 4705 ab
716 4649 847 4705 universis
870 4651 939 4706 inter
964 4667 1032 4722 quos
1059 4651 1139 4707 habi·
1192 4668 1281 4725 pauca
1304 4651 1378 4707 brari
1410 4650 1594 4723 perstringere
1620 4644 1731 4716 placuit,
1760 4659 1795 4697 ne
1822 4636 1994 4697 solummodo

341 4738 417 4794 tabat
439 4754 473 4794 eo
503 4745 627 4809 tempora
649 4746 676 4795 et
698 4739 826 4794 veniebat
850 4739 1036 4807 exhibebatur,
1068 4740 1138 4796 scri-
1192 4741 1274 4799 nuidis
1302 4740 1392 4796 verbis
1412 4755 1473 4811 quae
1487 4737 1587 4806 dicunt,
1603 4734 1669 4790 dicit
1682 4738 1822 4803 putentur.
1833 4728 2001 4798 Quaetcmen

341 4826 434 4882 bando
447 4826 603 4900 singulatim
632 4825 768 4882 immorari
795 4827 918 4895 voluero,
935 4843 987 4883 uon
1004 4828 1140 4884 immerito
1198 4833 1266 4887 sicut
1281 4830 1327 4886 illa
1341 4828 1498 4899 accepimus
1511 4824 1667 4896 simpliciter
1678 4836 1786 4893 ponam,
1798 4835 1853 4875 non
1878 4824 2001 4873 astruens

345 4914 547 4971 indiscretionis
563 4915 641 4989 argui
656 4924 766 4986 potero.
785 4916 901 4971 Tantum
917 4916 979 4972 dico
995 4917 1145 4987 quodlicet
1200 4936 1262 4975 vera
1277 4935 1311 4973 an
1326 4934 1404 4974 secus
1427 4914 1587 4982 exstiterint,
1608 4928 1643 4966 an
1665 4925 1729 4968 non.
1757 4907 1891 4963 ferebant
1916 4905 1999 4977 igitur

342 5020 390 5059 rex
406 5003 513 5077 Angliae
526 5004 571 5076 qui
586 5003 673 5073 illum,
688 5011 717 5059 ut
730 5003 891 5075 praedictum
917 5011 970 5074 ast,
999 5005 1032 5061 de
1058 5020 1144 5078 reguo
1198 5008 1225 5063 hi
1241 5005 1448 5081 quireuicbant
1476 5003 1546 5074 quod
1575 5003 1673 5057 eodem
1698 4999 1755 5053 fere
1780 5005 1911 5066 tempore,
1936 5009 1999 5049 eum

344 5108 394 5149 suc
422 5092 536 5164 pepulit,
565 5100 618 5148 tarn
648 5090 743 5147 litteris
771 5109 850 5165 quarn
879 5092 962 5165 largis
988 5094 1145 5149 muneribus
1197 5097 1271 5152 idem
1299 5112 1346 5151 rex
1372 5090 1535 5164 liothomagi
1573 5096 1734 5153 moraretur,
1763 5084 1859 5152 rideri,
1898 5082 1945 5155 qui
1972 5082 2001 5137 in

344 5197 441 5236 omnes
455 5194 524 5253 quos
538 5188 610 5235 ratus
626 5190 681 5236 erat
696 5180 720 5235 ei
735 5196 814 5251 posse
843 5182 1005 5238 detrimento
1028 5183 1145 5239 existere
1199 5184 1307 5240 civitate
1322 5184 1380 5255 ipsc
1395 5180 1542 5255 degebant,
1558 5178 1593 5234 ad
1608 5192 1670 5233 cum
1690 5175 1846 5243 convenire,
1875 5187 2000 5244 conque-

346 5279 462 5325 conatue
489 5268 570 5325 fuerit
597 5269 727 5325 adversus
753 5286 815 5325 eum
843 5286 1026 5336 commorere,
1056 5278 1145 5327 tamen
1199 5281 1289 5328 rentes
1303 5271 1447 5327 nonnullos
1471 5286 1505 5324 ex
1529 5267 1595 5333 suis,
1621 5272 1712 5337 spreto
1741 5264 1891 5331 ludaismo,
1919 5259 1999 5318 Chri-

343 5358 411 5413 nihil
425 5357 542 5430 profecit
556 5358 621 5429 quin
635 5358 723 5428 potius
738 5372 772 5413 ex
788 5359 830 5413 his
844 5359 1040 5432 perspicaciter
1063 5360 1144 5415 intel·
1199 5361 1302 5417 stianos
1319 5369 1382 5417 tunc
1408 5342 1516 5415 acriter
1539 5356 1625 5413 factos
1648 5355 1742 5422 fuisse,
1767 5360 1848 5423 atque
1875 5358 2003 5422 rogantes

343 5456 445 5513 lectum
473 5463 525 5525 est,
556 5455 644 5513 virum
673 5454 804 5528 simplicis
832 5457 945 5528 justitiae
970 5456 1014 5515 ric
1043 5466 1143 5527 tenera,
1198 5467 1228 5516 ut
1250 5464 1357 5529 sumpto
1378 5453 1467 5526 pretio
1488 5451 1559 5521 illos,
1587 5450 1690 5521 rejecto
1722 5448 1938 5515 christianismo,
1966 5445 2002 5501 ad

995 5609 1211 5669 HENSCHENll
1225 5608 1338 5665 NOTAE.

362 5722 941 5806 (a)hogeriusfiliusltobertiNorthmanni,
953 5722 1148 5796 ducisdpuliae,
1205 5722 1259 5778 Sed
1272 5720 1379 5776 videtur
1392 5719 1539 5793 legendum
1554 5732 1614 5773 esse
1627 5731 1724 5772 mensa
1739 5716 1808 5797 flcio
1824 5711 1915 5773 :alias
1929 5710 2003 5791 enim

344 5795 529 5853 successrtilli
545 5812 616 5851 auno
634 5796 712 5851 toas.
1205 5810 1258 5847 non
1273 5793 1406 5863 potuisset
1418 5792 1514 5847 adesse
1527 5788 1682 5852 Anselmus,
1712 5802 1756 5857 qur
1786 5798 1879 5839 rnense
1905 5782 2003 5836 llartro

383 5868 422 5937 (b)
437 5870 515 5923 dono
530 5870 598 5922 1⁰98
615 5888 625 5915 u
644 5866 841 5937 comprehensa
851 5865 997 5937 estCapua
1007 5882 1023 5921 a
1033 5866 1149 5939 lingerio
1205 5870 1321 5921 exeunte
1334 5864 1448 5919 Romam
1463 5862 1552 5919 solum
1566 5860 1701 5931 attigerat.
1850 5922 1856 5933 ,

349 5954 444 5993 mense
459 5938 565 5995 llartio.
585 5960 596 5987 a
613 5938 653 5993 lta
666 5938 757 6011 Lupus
772 5938 931 6011 l'rotoapata
955 5938 982 5993 in
1005 5936 1147 5995 Chronico.
1240 5938 1278 6009 (c)
1291 5937 1394 5991 Aversa
1408 5933 1473 5990 urbs
1486 5933 1558 5989 inter
1570 5931 1690 6001 Capuam
1705 5934 1731 5983 et
1745 5923 1896 5996 Neapolim.
