4750 6725
335 603 385 662 tlt

843 597 978 660 secuta.
992 629 1028 642 -
1042 597 1089 658 DE
1104 592 1275 658 coucam.
1290 599 1323 658 ll.
1339 595 1467 659 bldRiAE.

1937 599 1988 662 tlt

335 725 473 798 meditari,
490 723 574 786 fetido
589 739 635 784 ore
654 721 741 796 affari,
758 722 868 798 pollutis
879 724 973 800 digitis
991 740 1071 782 ausus
1096 723 1135 780 lui
1149 724 1177 786 Δ
1191 739 1237 790 ua,
1253 723 1319 797 quid
1334 724 1439 782 iuturus
1452 727 1496 783 rel
1510 728 1644 786 fracturus
1658 726 1710 787 sim
1729 729 1838 804 penitus
1865 726 1964 803 ignoro
1980 744 1987 794 ς

336 817 507 884 describere,
523 833 616 888 perce,
632 832 735 888 quaeso,
751 831 832 886 parce
848 823 875 872 et
897 818 1035 870 miserere.
1060 814 1136 870 Nosti

335 907 419 974 enirn,
436 907 481 978 pie
495 905 617 965 domina.
633 906 685 959 boc
699 919 742 958 me
766 905 804 960 ita
831 905 1049 975 praesumpsisse,
1074 901 1137 973 quia

335 996 415 1052 talem
432 1011 475 1050 me
490 993 622 1051 confiteor
636 1008 695 1048 esse
709 1001 738 1047 ut
753 1008 803 1050 nec
817 993 943 1049 caulonec
959 999 1028 1048 tarra
1042 991 1137 1061 meju-

335 1083 423 1140 dicem
439 1083 552 1156 dignum
567 1098 627 1138 esse
643 1099 651 1144 ;
667 1089 693 1138 et
710 1081 771 1137 ideo
787 1081 867 1136 nimis
882 1081 980 1136 anxius
994 1079 1102 1146 vellem,
1114 1080 1136 1133 si

334 1172 483 1245 quomodo
499 1171 629 1237 valerem,
645 1169 709 1225 eniti
737 1177 871 1240 quatenus
901 1170 992 1242 aliquo
1018 1169 1136 1224 misera-

337 1261 421 1316 tionis
432 1277 487 1316 suae
497 1259 598 1340 intuitu
614 1274 698 1328 super
713 1273 755 1314 me
772 1259 844 1314 Deus
858 1257 1016 1327 intenderet,
1032 1259 1076 1328 qui
1087 1273 1136 1312 sua

334 1349 468 1406 ineffabili
482 1348 573 1422 gratia
587 1349 629 1402 vel
646 1347 784 1404 modicum
802 1347 888 1402 saneti
917 1347 1017 1402 amoris
1051 1345 1136 1402 affec-

334 1445 390 1492 tum
403 1453 470 1510 erge
483 1435 661 1507 benignitatis
671 1442 722 1490 tuae
735 1434 907 1491 dulcedinem
931 1435 959 1491 iu
980 1451 1026 1490 me
1037 1450 1135 1490 aecen-

334 1527 420 1582 deret.
436 1525 552 1582 Goniido
567 1523 667 1595 quippe
681 1524 809 1594 quoniam
824 1525 845 1579 si
859 1526 910 1580 boc
924 1523 1039 1594 iaceres,
1051 1524 1085 1578 eb
1095 1524 1136 1580 his

333 1630 393 1685 quae
409 1614 494 1671 merui
521 1613 610 1685 poenis
638 1613 736 1668 iulemi
763 1628 812 1668 sna
843 1612 982 1669 miseratio
1010 1621 1136 1684 tuamque

332 1703 476 1760 subventio
490 1717 535 1758 me
550 1701 619 1757 sorta
634 1700 787 1756 redimeret.
804 1701 984 1773 Quapropter,
1013 1701 1133 1758 domina·

331 1808 366 1848 ne
381 1791 536 1864 indigneris
551 1791 630 1862 quusi
644 1790 738 1846 audaci
754 1797 1016 1861 etpraesumptuoso,
1032 1789 1096 1860 quia
1111 1789 1133 1844 si

333 1881 396 1953 quid
410 1883 508 1937 borum
524 1879 554 1933 in
570 1878 628 1933 istis
643 1894 700 1934 esse
716 1877 831 1949 ridetur,
849 1895 909 1934 mea
923 1878 1017 1952 gravis
1038 1895 1134 1934 neces-

331 1970 398 2026 sitas
412 1968 552 2038 compulit,
570 1975 595 2023 et
610 1973 658 2022 tua
669 1965 780 2039 grandis
795 1975 822 2023 et
837 1968 912 2024 omni
940 1968 1038 2025 sucula
1066 1983 1132 2040 pro-

1192 824 1220 876 et
1233 820 1294 875 ideo
1309 819 1443 893 quidquid
1457 821 1492 877 de
1505 836 1549 876 me
1575 820 1610 875 sit
1634 831 1802 888 eventurum,
1826 827 1988 892 presentem

1192 910 1399 980 postulationem
1412 927 1447 965 ue
1464 909 1702 976 oblivionitradas,
1717 906 1989 979 obsecropiissimam

1192 998 1362 1055 dilectionem
1377 1015 1430 1069 qua
1443 998 1536 1070 diligis
1551 997 1659 1054 unicam
1674 999 1761 1053 lilium
1778 1006 1861 1062 taum,
1890 1003 1920 1051 ut
1944 1010 1989 1051 me

1191 1096 1362 1157 peccatorem
1377 1103 1392 1141 a
1407 1087 1500 1142 mortis
1532 1095 1641 1142 anctore
1668 1087 1802 1142 tranferes
1829 1085 1856 1139 iu
1885 1092 1987 1138 sortem
2075 1132 2078 1139 .

1192 1176 1255 1231 ritae
1269 1184 1379 1231 aeternae
1396 1195 1403 1242 ;
1419 1184 1446 1232 et
1465 1184 1503 1245 tu,
1526 1175 1667 1248 singulare
1695 1175 1850 1246 praesidium
1867 1172 1989 1229 omnium

1191 1266 1226 1320 ad
1240 1272 1266 1320 te
1280 1264 1496 1336 consurgieutum,
1512 1280 1575 1320 vere
1590 1273 1615 1320 et
1630 1264 1707 1319 unice
1720 1263 1758 1318 fili
1781 1264 1862 1332 hujus
1886 1262 1987 1316 castis-

1191 1352 1267 1409 simae
1281 1353 1402 1425 Virginis
1417 1353 1534 1408 dominae
1549 1369 1618 1408 meae
1633 1368 1699 1423 rogo
1714 1349 1987 1422 teperdilectioaem.

1192 1457 1245 1511 qua
1258 1440 1348 1513 diligis
1362 1440 1449 1513 ipsum
1459 1440 1647 1496 dulcissimam
1669 1441 1793 1504 lintrem
1808 1445 1891 1504 tuam,
1921 1453 1988 1491 sen-

1192 1529 1256 1585 tiam
1271 1530 1432 1600 quandoque
1446 1529 1636 1600 pereffectum,
1653 1527 1854 1598 quodmibiper
1864 1525 1987 1581 eamdem

1190 1616 1340 1688 piissimam
1355 1618 1514 1689 genitricem
1530 1626 1603 1673 tuam
1632 1625 1696 1686 opto
1723 1614 1867 1686 irnpeudi;
1897 1612 1988 1683 tepido

1189 1703 1260 1777 licet,
1276 1715 1365 1761 tumen
1380 1706 1562 1780 qualicunque
1576 1705 1684 1761 affectu.
1701 1704 1780 1773 Quod
1800 1703 1823 1757 si
1845 1701 1988 1756 multitudo

1188 1795 1320 1850 scelerum
1334 1811 1458 1850 meorum
1470 1793 1602 1865 justitiam
1619 1800 1693 1848 tuem
1707 1790 1741 1846 ed
1754 1807 1798 1846 me
1807 1788 1988 1844 damnandum

1188 1883 1276 1956 magis
1292 1885 1378 1939 erexit
1390 1899 1473 1954 quam
1487 1881 1576 1953 pietas
1590 1881 1681 1936 listris
1696 1888 1748 1936 tuae
1775 1877 1988 1934 misericordiam

1189 1980 1261 2027 tuam
1274 1973 1309 2028 ad
1322 1971 1488 2043 parcendum
1504 1969 1682 2038 inclinaverit,
1699 1977 1735 2033 tu,
1753 1969 1798 2040 qui
1808 1967 1908 2038 ubique
1919 1982 1988 2038 prae·

331 2057 393 2114 bata
408 2057 516 2112 bonitas
530 2055 625 2110 suasit.
644 2056 745 2111 Ultima
756 2069 821 2128 ergo
837 2058 916 2127 atque
930 2073 1036 2112 summa
1051 2063 1132 2113 voto·
1148 2075 1173 2139 Β
1188 2077 1260 2130 sens,
1277 2065 1303 2116 et
1318 2061 1433 2117 inomni
1448 2059 1507 2116 loco
1523 2073 1600 2129 aeque
1615 2067 1711 2128 potens
1725 2073 1763 2125 es,
1780 2055 1891 2126 aliquod
1921 2052 1989 2108 mihi

332 2164 391 2202 rum
407 2141 529 2201 nreomm
545 2144 660 2200 intentio
671 2151 720 2210 est,
736 2151 765 2200 ut
788 2145 830 2201 rel
858 2144 887 2199 in
915 2149 1036 2202 extremo
1064 2161 1131 2200 exa·
1187 2157 1240 2206 tuae
1255 2149 1437 2221 protectionis,
1453 2147 1553 2219 quueb
1574 2146 1690 2201 inimicis
1721 2144 1790 2201 meis
1819 2142 1983 2209 abscondar,

331 2236 404 2291 mine
416 2233 560 2304 justissimi
575 2232 623 2286 tilii
639 2232 675 2287 tui
692 2233 714 2286 si
730 2248 784 2299 me,
801 2240 905 2288 remota
934 2233 1131 2300 misericordia,
1186 2238 1356 2295 obstaculum
1383 2237 1485 2304 inveni,
1512 2252 1547 2290 ua
1574 2234 1666 2306 praeda
1692 2234 1846 2289 daemonum
1887 2231 1986 2296 lactus,

332 2320 689 2382 scterasenieniiflcrttdeli
705 2322 799 2377 tortori
828 2321 1013 2377 damnandum
1043 2322 1131 2376 iradi—
1188 2326 1317 2382 detrudar
1330 2326 1358 2381 in
1373 2324 1606 2397 profunditatibus
1616 2323 1749 2378 malorum
1772 2319 1880 2388 inferni,
1910 2333 1943 2373 ac
1964 2317 1987 2372 ei

331 2412 412 2476 derit.
429 2410 584 2478 subvenias,
600 2417 627 2464 si
642 2426 684 2464 me
700 2409 734 2464 ud
749 2410 853 2465 inferos
865 2410 980 2482 rapienti
995 2427 1132 2480 occurras,
1188 2415 1255 2471 nihil
1270 2431 1374 2471 merear
1387 2412 1521 2477 exaudiri,
1536 2413 1633 2467 saltem
1649 2410 1676 2466 in
1691 2410 1796 2465 insarno
1811 2407 1987 2464 constitutum

332 2519 363 2558 ec
379 2500 487 2555 manica
500 2497 762 2554 misericordissimae
777 2497 942 2554 defensionis
955 2508 1006 2555 tuae
1034 2509 1132 2569 prote·
1188 2504 1320 2559 memoria
1334 2511 1361 2558 et
1383 2502 1542 2574 cognitione
1569 2500 1655 2556 sancti
1683 2497 1801 2554 nominis
1829 2496 1866 2550 tui
1888 2494 1986 2567 privari

331 2597 415 2654 ctum,
432 2587 504 2642 nain
520 2595 651 2642 eternum
668 2585 790 2654 damner,
811 2587 918 2658 eripias.
951 2589 984 2642 Et
1011 2587 1132 2660 quidem,
1188 2608 1243 2648 non
1270 2591 1354 2660 sinas,
1384 2608 1417 2646 na
1446 2589 1554 2645 Satanae
1583 2588 1680 2644 similis
1704 2594 1731 2642 et
1758 2587 1879 2643 cohaeres
1904 2581 1986 2654 justi-

331 2678 455 2744 domina,
472 2676 756 2748 quondamparvulis‚
773 2683 799 2731 et
828 2675 897 2731 iorte
927 2675 1004 2745 mibi,
1034 2676 1055 2730 si
1081 2691 1135 2730 non
1189 2681 1255 2734 tiam
1270 2689 1343 2735 tuam
1354 2677 1561 2749 reprehendam,
1578 2677 1672 2748 sicque
1685 2673 1820 2745 aequitatis
1839 2681 1891 2728 tuae
1918 2687 1986 2726 exa-

331 2767 424 2833 iellor,
439 2765 492 2820 hoc
506 2779 522 2819 a
538 2763 679 2831 metronis,
696 2763 807 2820 eumad
837 2765 951 2820 verbera
975 2773 1136 2834 raperentur
1188 2785 1251 2823 mea
1266 2767 1386 2840 perversi
1395 2766 1543 2822 murmuris
1562 2764 1746 2821 obstinatione
1765 2763 1875 2836 gravius
1890 2760 1984 2815 ieram.

330 2873 347 2910 a
363 2855 527 2926 pedagogo,
543 2852 697 2923 impensum
718 2851 890 2922 reminiscor,
916 2861 942 2908 et
961 2852 996 2908 ob
1011 2855 1064 2908 hoc
1081 2851 1135 2907 illis
1189 2857 1261 2913 Bone
1277 2857 1401 2925 Domine,
1417 2857 1498 2922 boue,
1513 2855 1536 2910 si
1551 2855 1579 2909 in
1591 2855 1635 2909 his
1649 2853 1775 2909 omnibus
1787 2847 1985 2907 aureamiseri-

328 2941 454 3001 nonnulli
468 2939 548 2997 valde
559 2940 675 3014 gratiosi
684 2941 803 3008 luerunt,
819 2955 851 2997 ec
877 2941 985 3012 pietatis
1013 2941 1132 3002 viscera,
1160 2986 1163 2991 -
1188 2945 1289 3001 cordiae
1316 2953 1370 3000 tuae
1397 2944 1461 2998 mibi
1485 2942 1616 3009 accludis,
1643 2941 1768 3012 proiecto
1809 2954 1865 2994 uon
1904 2936 1986 2990 video

328 3031 469 3104 quibusin
485 3045 578 3085 aarum
593 3030 637 3100 pia
658 3029 811 3085 liberationi
840 3045 896 3084 usse
924 3037 996 3096 eunt,
1025 3030 1136 3102 magni·
1189 3033 1255 3107 quid
1275 3033 1392 3104 amplius
1415 3047 1521 3104 rogem,
1552 3029 1624 3102 quad
1652 3028 1805 3100 largitatem
1828 3024 1985 3081 misericor·

328 3121 382 3178 dice
397 3119 622 3192 praedicavemnt.
640 3119 668 3173 Si
683 3119 729 3174 ille
744 3117 828 3190 igitur
843 3134 890 3189 pro
908 3118 1010 3174 tantille
1036 3121 1133 3192 gratia,
1189 3122 1297 3177 diemm
1319 3130 1423 3177 tuarum
1439 3119 1505 3175 mibi
1527 3117 1664 3189 inpendat,
1692 3125 1718 3173 et
1744 3115 1804 3171 baec
1831 3113 1987 3187 ignorantia

330 3208 557 3284 quibus,quaeso,
589 3207 735 3279 praeconiis
759 3223 774 3261 a
802 3205 864 3263 coeli
883 3205 998 3276 civibus,
1027 3209 1073 3280 qui
1100 3209 1135 3264 de
1189 3211 1314 3266 nimirum
1326 3227 1360 3266 ex
1375 3208 1546 3265 multitudine
1572 3207 1742 3279 iniquitatum
1767 3219 1892 3259 mearum
1919 3201 1986 3257 mibi

330 3305 505 3373 peccatomm
533 3295 683 3352 salvatione
707 3296 887 3369 gratulantur,
926 3295 1133 3367 praedicaberis,
1189 3300 1322 3372 provenit.
1334 3299 1406 3354 Nam
1421 3297 1547 3353 sidensis
1561 3296 1670 3352 illarum
1692 3294 1814 3350 tenebris
1841 3292 1987 3347 obvolutus

331 3404 396 3445 cum
412 3386 757 3457 meimagnapeccatoris,
774 3384 884 3455 utdixi,
901 3386 1135 3443 misertaiueris‘t
1190 3404 1355 3458 donassem,
1372 3397 1410 3454 tn,
1440 3388 1485 3459 qui
1514 3387 1560 3441 lux
1587 3404 1617 3442 es
1638 3384 1809 3452 indeficiens,
1838 3397 1892 3438 non
1919 3380 1986 3434 milri

331 3478 432 3548 Utique
448 3476 581 3531 beatuset
597 3474 684 3529 bonus
710 3473 782 3529 iilius
809 3482 869 3529 tuus
897 3475 1028 3530 Dominus
1054 3477 1135 3531 lesus
1191 3476 1333 3545 deiiceres,
1350 3477 1396 3531 sed
1409 3475 1572 3549 ignorantiae
1586 3491 1656 3529 meaa
1684 3472 1811 3528 tenebras
1839 3469 1917 3525 radio
1934 3476 1986 3523 tuae

337 3565 402 3621 dicit
417 3566 455 3620 ita
469 3564 673 3635 gaudiamesse
688 3563 715 3617 iu
733 3562 819 3629 caelis,
836 3564 943 3635 angelis
971 3565 1031 3632 Dei,
1051 3581 1137 3637 super
1190 3564 1319 3621 claritatis
1332 3564 1468 3634 abigeres,
1484 3564 1576 3633 sicque
1591 3564 1618 3617 in
1633 3561 1734 3617 lumine
1754 3576 1803 3616 suo
1826 3558 1986 3614 constitutus

338 3652 864 3728 unopcccatorepoeaitentiommenta
879 3668 964 3725 quum
980 3669 1066 3724 saper
1086 3670 1136 3710 uo·
1190 3652 1309 3708 riderem
1324 3660 1351 3707 te
1375 3668 1429 3708 non
1453 3668 1514 3707 esse
1539 3652 1625 3706 Deum
1654 3648 1788 3706 volentem
1815 3646 1984 3716 iniquitatem

340 3742 793 3813 amintanavamjarttsgutnon
813 3740 943 3811 indigeat
967 3742 1136 3811 paenitentia
1191 3742 1278 3811 (Psoi.
1295 3757 1322 3809 v,
1337 3742 1375 3810 5),
1392 3747 1419 3795 et
1433 3747 1523 3795 temen
1538 3755 1617 3795 nome
1644 3743 1672 3793 et
1697 3752 1779 3807 posse
1808 3734 1908 3788 habere
1923 3747 1984 3786 curn

339 3831 418 3901 (dac.
435 3846 484 3895 xv,
495 3830 521 3895 t,
539 3828 592 3899 tu).
609 3830 675 3883 Cum
690 3843 757 3899 ergo
771 3843 823 3898 pro
837 3828 982 3899 paenitente
998 3826 1043 3883 liat
1064 3846 1135 3900 gau-

340 3918 413 3973 dium
431 3918 457 3972 in
473 3916 559 3983 coelis,
576 3915 703 3987 quoniam
723 3916 751 3970 in
770 3931 802 3971 eo
814 3916 886 3986 quod
897 3916 973 3971 illurn
1001 3917 1135 3973 martorum

340 4022 449 4063 suorum
468 4006 591 4077 poeuitet,
609 4004 693 4059 tendit
708 4004 880 4073 adsalutem,
910 4006 989 4077 quale
1008 4006 1135 4078 gaudium

339 4096 398 4161 erit,
411 4094 531 4161 domina,
547 4092 655 4165 quando
669 4092 768 4165 aliquis
782 4092 910 4147 liberatus
925 4094 960 4148 ad
975 4094 1047 4149 orani
1064 4095 1135 4149 malo

339 4183 463 4258 pervenit
477 4182 511 4237 ed
525 4182 611 4252 ipsam
626 4181 739 4235 salutem
757 4180 811 4237 tsi
826 4178 909 4254 igitur
933 4198 976 4236 ma
1004 4198 1019 4237 a
1035 4183 1136 4238 meritis

339 4272 427 4346 paenis
440 4271 593 4335 liberatum,
609 4278 716 4325 aeteruae
730 4268 822 4324 salutis
838 4268 997 4339 participem
1026 4270 1134 4336 leceris,

338 4360 452 4417 nimium
467 4367 550 4416 totam
578 4358 676 4414 curiam
703 4358 783 4429 regui
810 4358 940 4414 catorum
961 4358 1133 4413 exhilarabis.

339 4450 521 4521 Quapropter,
536 4446 659 4517 piissima
673 4445 783 4502 domina
798 4454 896 4513 meter,
912 4462 946 4502 ne
956 4446 1135 4518 parvipendas

1189 3830 1234 3901 pia
1262 3829 1399 3885 uoluntate
1427 3826 1664 3883 inestimabilibus
1690 3824 1781 3879 modis
1807 3818 1985 3877 subveniendi

1190 3917 1273 3989 lapsis
1288 3924 1315 3972 et
1328 3917 1470 3987 oppressis
1483 3916 1592 3970 miserie
1620 3922 1647 3969 et
1673 3912 1838 3983 iniquitate;
1867 3914 1895 3965 et
1921 3910 1983 3975 boc,

1189 4004 1315 4069 Domine,
1331 4004 1371 4059 sio
1385 4020 1443 4061 essa
1457 4004 1610 4059 firmissime
1624 4002 1715 4070 eredo,
1731 4017 1764 4055 ac
1784 4016 1835 4070 per
1862 3999 1914 4054 hoc
1939 3997 1985 4051 in-

1191 4095 1258 4148 timo
1268 4092 1349 4150 corde
1364 4102 1442 4149 teneo
1457 4102 1485 4149 et
1498 4109 1547 4148 ore
1560 4091 1689 4163 profiteor
1703 4090 1766 4161 qaia
1794 4087 1924 4160 quidquid
1950 4086 1985 4141 de

1189 4198 1234 4237 me
1261 4182 1367 4249 temris,
1394 4182 1574 4254 qualicunque
1602 4179 1727 4236 videlicet
1751 4177 1886 4233 malorum
1913 4190 1986 4245 pou-

1189 4270 1253 4326 dere
1267 4270 1407 4343 presseris,
1422 4271 1497 4325 nullo
1510 4269 1647 4339 injustitiae
1662 4267 1746 4324 livore
1756 4267 1876 4322 turbatus
1889 4264 1916 4319 in
1943 4264 1986 4319 bis

1188 4361 1366 4428 pertraheris.
1384 4358 1429 4415 Sic
1443 4374 1553 4430 quoque
1567 4356 1663 4413 deletis
1678 4371 1711 4412 ac
1725 4355 1846 4410 dimissis
1867 4352 1986 4423 peccatis

1189 4448 1304 4514 uostris,
1322 4446 1381 4502 talis
1396 4452 1455 4503 esto
1470 4462 1536 4518 erga
1550 4461 1600 4500 nos
1614 4452 1725 4517 propter
1739 4443 1846 4498 dulcem
1862 4454 1986 4495 amorem

340 4553 479 4595 enormem
495 4534 689 4590 immanitatem
701 4534 844 4590 criminum
858 4550 990 4603 meorum,
1007 4542 1034 4589 ut
1061 4543 1135 4605 post·
1191 4535 1379 4591 dilectissimae
1394 4534 1487 4590 listris
1505 4541 1612 4602 tuae,ut
1615 4575 1668 4588 .....
1674 4530 1729 4588 ,¹¹²
1741 4530 1860 4604 Virginis
1891 4530 1986 4583 hama·

340 4642 428 4698 ponas
454 4624 669 4697 magnitudinem
698 4622 862 4695 gaudiorum
890 4638 938 4693 pro
979 4622 1136 4679 remissione
1191 4639 1256 4680 nem
1271 4623 1479 4679 desuaeeernis
1494 4622 1646 4678 substantia
1661 4636 1755 4677 verum
1770 4619 1908 4676 bominem
1936 4632 1987 4689 ge-

340 4715 450 4772 illurum
466 4712 710 4786 congratulantium
725 4710 895 4783 angolorum.
911 4711 1037 4780 Domina,
1053 4712 1136 4768 domi·
1149 4704 1175 4766 D
1191 4713 1291 4768 ruisse.
1306 4715 1402 4769 Amen.

1006 4888 1120 4946 VdetE
1144 4890 1354 4947 LECTIONES.

378 5019 409 5049 ’⁸’
423 5018 473 5077 llic
489 5019 580 5092 aliqua
594 5017 702 5073 desunt.
