4750 6725
402 626 453 683 975
996 614 1025 669 S.
1045 611 1145 669 itudo
1164 612 1273 667 laets
1292 612 1451 670 CLUNth.
2014 626 2067 681 975

397 747 523 807 Ecclesia
548 750 575 801 et
602 739 724 813 ejusdem
749 738 909 809 episcopas,
934 751 968 792 aa
982 734 1204 808 qussecnnnum
1218 735 1245 795 A
1260 735 1327 806 pisci
1342 737 1414 794 douo
1429 740 1488 808 ejus
1514 739 1560 811 qui
1586 739 1730 797 investitus
1754 750 1793 801 est
1823 745 1933 831 porei-ir,
1957 746 2063 803 senemr

399 838 488 894 Deum
504 829 732 891 etauctoritatem
747 826 795 883 SS.
811 824 1201 892 Patrumobtineredebeant,
1258 839 1320 880 earn
1343 826 1370 881 in
1390 841 1470 897 pace,
1495 844 1545 883 uec
1570 828 1684 899 quilibet
1702 831 1813 887 altanus
1839 836 2061 908 congregationis

397 942 454 982 non
468 923 592 981 amittunt
607 938 613 983 ;
630 932 726 975 verum
739 930 773 973 ea
788 914 939 971 secundum
958 915 1032 986 quod
1056 913 1202 969 canonicus
1256 912 1312 969 vim
1331 921 1376 970 aut
1403 915 1569 971 calumniam
1584 916 1687 973 inferre
1705 919 1814 989 poterit,
1829 936 1881 977 nac
1903 923 2060 993 acquirendi

398 1015 468 1071 ordo
482 1006 669 1084 postulaverit,
685 1003 836 1061 obtineant.
852 1003 895 1059 Ne
910 1002 977 1074 quid
1000 1010 1090 1057 autem
1118 1016 1203 1073 grave
1258 1001 1302 1057 vel
1312 1002 1464 1058 aedificandi
1482 1005 1623 1061 ecclesiam
1640 1006 1665 1060 iu
1685 1007 1744 1077 ipsa
1758 1010 1902 1079 parrochia
1924 1010 2060 1067 pompam

400 1102 527 1158 Videam
540 1104 637 1153 *⁰⁸¹¹*ae
658 1092 864 1166 benissflifflfflae
887 1090 1041 1163 paternitati
1059 1090 1087 1144 in
1109 1090 1204 1161 hujus·
1259 1091 1303 1145 vel
1318 1090 1478 1148 facultatem
1494 1092 1615 1149 habebit.
1629 1095 1794 1153 clericorum
1809 1106 1902 1154 autem
1930 1100 2059 1157 velmili-

398 1189 473 1246 modi
488 1184 691 1251 constitutione,
705 1181 866 1237 mandamus
880 1179 947 1250 quin
961 1180 1025 1235 dum
1037 1178 1200 1249 prasentia·
1260 1184 1317 1233 tum
1335 1180 1457 1252 quisquis
1477 1180 1505 1236 in
1538 1182 1673 1239 extremis
1692 1185 1807 1255 positus,
1831 1186 1982 1261 cuicunque
1998 1190 2059 1247 loco
2165 1204 2166 1207 ’

398 1276 460 1333 liter
473 1274 585 1331 insimul
601 1271 683 1329 locuti
696 1269 839 1338 fuerimus,
855 1268 1039 1336 Deovolente,
1051 1265 1201 1321 secundum
1259 1281 1353 1323 eorum
1381 1284 1442 1325 sese
1469 1270 1505 1325 ad
1533 1270 1721 1342 sepeliendum
1751 1274 1937 1343 destinaverit,
1954 1276 2060 1335 ibisina

398 1363 570 1421 discretionis
610 1367 706 1418 vestra
740 1356 883 1414 consilium
908 1356 982 1426 quod
1000 1353 1201 1411 emendandum
1258 1354 1396 1411 calumnis
1424 1357 1578 1428 sepelietur,
1606 1367 1633 1415 et
1660 1376 1830 1435 quaecunque
1853 1363 1960 1422 dederit
1983 1367 2059 1425 1000,

398 1453 481 1510 fuerit
494 1449 701 1509 emendabimus
716 1463 723 1512 t
739 1461 789 1504 tos
803 1452 896 1502 aulem
909 1443 1069 1516 inpraesenti
1078 1442 1200 1499 eccleisa
1257 1444 1354 1515 ipsein
1371 1461 1438 1516 pace
1452 1446 1589 1515 retinebit,
1606 1449 1714 1505 etiarnsi
1726 1466 1756 1506 se
1771 1450 1814 1509 vel
1830 1468 1876 1508 sua
1890 1453 1967 1525 prius
1981 1456 2059 1511 alteri

398 1541 541 1600 wssssufile·
1257 1533 1327 1604 parti
1343 1534 1499 1604 devoverit,
1516 1546 1632 1607 excepto
1660 1537 1734 1610 qnod
1749 1539 1771 1593 si
1790 1540 1884 1613 aliqua
1912 1542 1973 1598 aliis
1996 1559 2060 1601 eum

764 1651 817 1706 χχ
1257 1620 1417 1679 investitura
1432 1623 1550 1695 primum
1565 1624 1652 1695 dedit,
1681 1641 1737 1683 non
1759 1627 1853 1685 licebit
1881 1646 1913 1686 ea
1928 1632 1979 1687 uisi
1993 1634 2060 1703 ipsis

824 1691 831 1706 ο
1258 1710 1303 1781 qui
1319 1710 1381 1766 inde
1395 1711 1515 1768 investiti
1530 1714 1636 1770 fucrant
1651 1715 1762 1771 habere.
1781 1718 1952 1790 Cupientium
1965 1720 2062 1779 venire

398 1767 771 1835 Actaeoneordloeiuitaein
788 1764 1198 1822 conciliodlnrcmoatnrscs'n-
1257 1798 1292 1852 ad
1307 1800 1483 1856 monasticum
1510 1802 1634 1858 ordinem
1667 1808 1695 1859 e,
1722 1803 1856 1876 habitum,
1880 1808 1947 1865 unffi
1970 1812 2059 1867 susci·

435 1853 479 1903 ter
488 1846 633 1913 Hisponem
644 1839 772 1895 abbatem
782 1838 1000 1893 cluniacensem
1013 1838 1041 1891 ef
1064 1836 1200 1891 Pontium

431 1918 560 1974 abbatem
575 1911 729 1968 emme,
1255 1887 1349 1985 piendi
1365 1888 1465 1987 aditus,
1481 1905 1643 1991 quocunque
1654 1891 1695 1948 ire
1707 1894 1783 1963 velit,
1800 1895 1843 1995 ab.
1858 1896 1943 1953 altero
1958 1900 2055 1971 prohi-

695 2015 783 2085 (Anno
799 2014 897 2082 1096.)
1254 1975 1374 2041 bebatur,
1388 1986 1492 2033 etiamst
1507 1995 1536 2035 se
1551 1996 1703 2049 caprimum
1716 1983 1866 2039 devoverit.
1896 1986 1929 2041 Et
1954 1986 1979 2043 si
2007 2004 2058 2060 qua

1213 2088 1241 2151 Β
1256 2069 1319 2121 tunc
1333 2064 1445 2137 largitus
1459 2066 1550 2135 fuerit,
1579 2068 1656 2124 locos
1670 2071 1730 2139 ipse
1759 2088 1840 2145 quarn
1867 2074 2056 2147 ingrediturin

591 2131 715 2206 iB*”⁰²·’
729 2129 858 2197 'must’
876 2127 924 2197 ¹¹¹³
940 2127 998 2197 m
1255 2168 1323 2223 pace
1338 2154 1497 2225 possidebit,
1527 2158 1652 2227 exceptis
1682 2158 1727 2215 his
1740 2177 1802 2232 quas
1815 2176 1878 2218 cura
1893 2164 2056 2222 investitura

433 2240 566 2301 N⁰Vssii¹¹²
589 2253 683 2295 ⁰¹¹¹¹¹⁰S
707 2234 838 2293 Ecclessiae
852 2234 902 2289 Μ
924 2231 1027 2300 fidele&
1053 2240 1108 2287 lam
1125 2248 1200 2302 prae-
1254 2241 1314 2295 aliis
1328 2242 1445 2311 priunum
1464 2244 1589 2301 contulit.
1606 2246 1732 2318 Suscepti
1747 2249 1782 2304 ad
1797 2251 1919 2307 habitum
1940 2253 2056 2311 transire

397 2340 492 2390 sentes
514 2344 597 2401 quam
620 2325 733 2399 posteri,
762 2323 878 2395 qualiter
902 2321 1020 2378 domnus
1039 2322 1120 2395 liugn
1147 2321 1200 2375 ab·
1254 2330 1354 2386 chuno
1368 2331 1526 2387 adulterum
1543 2335 1739 2391 monasterium
1759 2354 1815 2395 uon
1842 2348 1981 2412 poterunt,
2001 2342 2053 2399 nisi

395 2424 446 2479 bas
461 2416 647 2477 Cluniacensis
677 2423 704 2471 et
727 2414 843 2469 domnus
863 2412 974 2467 Pontius
1001 2410 1089 2466 abbas
1104 2410 1198 2466 Cssae·
1254 2417 1324 2473 sorte
1338 2434 1400 2473 cum
1414 2419 1525 2475 1100„qu
1538 2421 1703 2479 ,bbaqssuin

395 2512 458 2579 1³05,
487 2509 642 2575 fratresque
664 2518 758 2560 0⁰f¹¹ffl
782 2502 810 2556 5¹¹
842 2500 1060 2556 leffflssosslesssi
1083 2499 1200 2556 ⁰0110ilio
1289 2508 1387 2561 Actum
1402 2508 1511 2577 publice
1524 2510 1596 2580 apud
1612 2511 1862 2571 Clarum-montem
1876 2526 1904 2573 et
1915 2520 2055 2577 laudatum

394 2615 445 2674 pes
459 2613 571 2653 manum
586 2593 694 2651 domini
708 2607 788 2662 papa
805 2589 912 2645 Urbani
926 2588 1037 2645 sectandi
1048 2597 1198 2644 etvenera·
1254 2600 1335 2667 etque
1351 2594 1538 2653 confirmatum
1581 2601 1740 2657 auctoritate
1780 2602 1873 2659 domni
1901 2624 1982 2680 pspae
2009 2610 2057 2667 up.

395 2688 491 2745 bilium
502 2683 771 2755 archiepiscoporum
796 2677 902 2734 domini
931 2677 1055 2750 Hugonis
1084 2677 1200 2749 Lugdu·
1253 2683 1314 2738 baai
1330 2685 1364 2753 ll,
1380 2685 1508 2742 utsicab
1524 2687 1646 2759 utrisque
1661 2688 1823 2747 inconvulse
1839 2700 2056 2765 teneatur,ann0

395 2776 490 2835 nensis
504 2782 531 2831 et
546 2770 650 2830 domiui
676 2767 821 2824 eldeberti
830 2766 1004 2823 bituricensis
1026 2764 1199 2836 aliorumque
1253 2772 1288 2827 ab
1305 2773 1492 2831 incarnatione
1519 2775 1629 2833 Domini
1655 2782 1736 2835 1⁰95.
1752 2780 1812 2837 llal.
1829 2782 2000 2855 Decembris,
2017 2788 2057 2843 iu·

393 2866 544 2923 multorum
554 2861 743 2933 religiosorum
757 2857 890 2922 virorum,
906 2857 996 2927 sopita
1010 2855 1090 2910 omni
1105 2854 1198 2908 simul-
1253 2861 1372 2917 dictione
1385 2878 1425 2919 ιγ,

394 2962 451 3009 tate
466 2967 527 3025 quae
546 2950 716 3006 interesses
731 2944 893 3017 quibusdam
902 2942 1093 3000 occasionibus
1107 2956 1198 2997 emer·
1615 2973 1690 3030 XXI·

397 3048 479 3109 Μ’
494 3053 630 3109 mmm
654 3042 681 3091 et
694 3033 868 3090 concordmm
883 3032 1023 3087 mmm·
1048 3030 1197 3086 selendum
1252 3088 1406 3145 hairuuudi
1416 3090 1586 3148 vicecomitis
1596 3094 1781 3153 cadurcensis
1797 3098 1884 3154 ollam
1905 3106 2051 3161 monasti.

400 3135 443 3186 0⁵¹
470 3129 561 3196 imque
593 3124 659 3195 ‘1⁰³⁸
690 3122 807 3177 d⁰m¹¹¹¹⁸
829 3120 916 3176 abb„
939 3118 1049 3219 P⁰¹³¹ii¹⁵
1068 3119 1199 3216 emines
1288 3162 1924 3241 comirsMoisincemicoencbionrupicctentis,
1940 3176 2050 3232 etduos

400 3214 542 3272 Cassa-Dei
569 3216 765 3268 coaeeaserunl
787 3210 888 3264 d⁰¹¹¹¹10
915 3209 1024 3279 Hflss⁰¹¹¹
1050 3206 1144 3262 abban
1170 3211 1199 3261 et
1287 3234 1928 3306 ecclesiusAarquititioobbalicoadcncssts'r.

393 3302 525 3362 fratribus
558 3298 783 3358 cluniacensibus
817 3298 964 3352 Boortense
1002 3295 1197 3351 monasterium
1550 3342 1560 3412 (
1564 3340 1648 3399 Anno
1664 3346 1673 3398 4
1683 3342 1693 3398 ¹
1699 3347 1713 3399 ⁰
1717 3345 1756 3418 1.)

392 3404 420 3452 et
434 3392 579 3450 ecclesiam
594 3391 629 3445 de
642 3387 782 3455 imberto,
803 3385 944 3442 ecclesiam
968 3400 1076 3456 quoque
1104 3384 1195 3440 Sancti

391 3481 524 3556 Stephani
539 3481 575 3536 de
602 3477 722 3533 Castello
737 3484 764 3532 et
791 3475 934 3532 ecclesiam
958 3474 1086 3546 Digneio,
1113 3450 1235 3546 utqueC
1442 3441 1529 3515 [Gali
1547 3443 1623 3513 ‘Hm’
1639 3461 1703 3502 ΠΜ·
1721 3447 1801 3504 Ῑῦῧιῗ·
1812 3448 1867 3524 40]

393 3572 538 3631 ecclesiam
558 3569 594 3625 de
608 3566 729 3634 Cossuti,
743 3563 940 3636 ecclesiamque
955 3562 990 3619 de
1007 3563 1141 3636 vosgeio,
1171 3569 1200 3618 et
1287 3557 1353 3612 Cum
1369 3559 1541 3614 manifestum
1566 3559 1601 3616 sil
1614 3559 1720 3618 beslius
1735 3579 1796 3620 esse
1819 3565 1979 3638 darequam
2003 3587 2052 3628 ac-

394 3661 538 3720 ecclesiam
566 3659 601 3715 de
643 3655 773 3721 Prisccio,
798 3662 880 3724 atque
899 3653 1042 3708 ecclesiam
1071 3653 1105 3708 de
1132 3651 1197 3707 Sui·
1251 3645 1341 3718 cipere
1352 3648 1585 3718 (Act.xx,35),et
1605 3655 1715 3707 moneat
1739 3670 1958 3729 unamquemque
1980 3659 2052 3716 Scri-

394 3752 497 3820 reiaco,
513 3764 576 3804 cum
587 3745 711 3803 omnibus
726 3759 818 3800 earum
826 3741 1006 3814 appendiciis,
1019 3748 1073 3795 tam
1083 3739 1199 3796 interris
1252 3739 1332 3804 ptura
1344 3753 1349 3790 ι
1360 3736 1488 3792 Miserere
1496 3739 1790 3812 naimoetaoeptucens
1800 3745 1855 3800 bec
1869 3743 1969 3816 (dccli.
1981 3763 2050 3820 xxx,

397 3850 424 3898 ct
439 3835 660 3911 possessionibus
684 3848 766 3904 quam
794 3832 822 3886 in
836 3830 950 3886 decimis
965 3830 1124 3902 caeterisque
1134 3829 1198 3884 red-
1252 3823 1306 3892 il),
1322 3839 1374 3895 ego
1389 3824 1416 3878 in
1426 3825 1476 3880 Dei
1486 3827 1932 3890 nominalisrrsnsuussioceomes
1953 3835 2050 3906 dictas,

395 3928 510 3994 ditibus,
526 3935 552 3981 et
565 3932 671 3996 partem
697 3921 812 3977 decima
827 3920 862 3974 de
877 3918 992 3975 ecclesia
1006 3917 1121 3984 Cosiaci,
1136 3934 1198 3988 par·
1253 3911 1297 3981 qui
1313 3913 1390 3968 toties
1404 3913 1439 3969 ab
1452 3915 1515 3970 aliis
1529 3916 1604 3972 male
1618 3933 1779 3988 acceperam
1791 3921 2051 3994 taudemaliquaudo

396 4026 453 4073 tem
468 4011 698 4085 quoquedecimae
712 4023 794 4079 quam
805 4006 945 4062 habebant
966 4006 993 4060 in
1011 4006 1135 4062 Ecclesia
1163 4006 1199 4062 do
1253 3999 1322 4056 haue
1333 4001 1398 4057 dare
1412 4003 1538 4073 dispono,
1568 4011 1650 4074 atque
1663 4006 1771 4063 miseras
1786 4009 1884 4066 animae
1893 4013 2053 4086 messiuspi·

396 4105 412 4159 J
416 4102 512 4169 udaia,
528 4107 559 4155 ut
572 4098 691 4153 habeant
705 4095 834 4166 deinceps
861 4095 921 4150 haeo
944 4094 1036 4150 omnia
1046 4095 1073 4148 in
1095 4110 1197 4166 perpe·
1252 4088 1355 4145 ratione
1370 4089 1462 4146 divina
1476 4092 1600 4148 misereri
1616 4095 1702 4166 eligo.
1717 4095 1789 4150 Nam
1804 4096 1889 4154 vitam
1898 4116 2051 4174 meamque

394 4201 484 4248 tuum.
513 4189 537 4244 Ε
562 4199 695 4243 converso
718 4183 815 4240 domus
847 4182 932 4238 abbas
960 4181 1145 4238 Cluniae-ensis
1172 4191 1200 4238 et
1253 4185 1307 4232 tum
1322 4178 1415 4252 inique
1429 4179 1564 4250 vivebam,
1581 4190 1610 4237 ut
1625 4181 1785 4240 Christianis
1803 4187 1935 4246 omnibus
1957 4193 2053 4248 audire

394 4265 494 4337 fratres
516 4277 575 4346 ejus
602 4273 913 4331 concoescrnntdomno
943 4271 1034 4326 abbati
1048 4271 1199 4328 Casae-Dei
1253 4274 1357 4322 lantum
1384 4267 1515 4324 nefarium
1543 4269 1587 4340 sit,
1610 4271 1767 4342 relinquens
1789 4275 1892 4348 omnia,
1918 4278 2052 4352 religione

394 4365 563 4425 etfratribus
585 4361 646 4432 ejus
663 4360 848 4417 obedientiam
870 4359 905 4414 de
935 4357 1099 4415 Castellione
1119 4358 1199 4429 juxta
1253 4356 1403 4412 monastica
1418 4356 1593 4416 commutavi.
1609 4359 1743 4416 Ecclesias
1758 4378 1824 4418 vero
1839 4381 1900 4434 quae
1928 4366 2052 4424 dicuntur

395 4466 514 4514 castrum
529 4452 685 4510 corciacum
712 4457 739 4505 et
753 4448 895 4506 ecclesiam
920 4447 955 4503 de
983 4448 1053 4503 Casa
1074 4448 1200 4503 hlediana
1252 4443 1287 4499 de
1301 4444 1429 4512 Calzada,
1445 4462 1511 4516 quas
1523 4455 1651 4519 parentes
1666 4456 1693 4504 ct
1717 4457 1907 4509 antecessores
1935 4457 1988 4512 urei
2002 4475 2052 4528 per

396 4564 458 4604 cum
472 4543 600 4600 omnibus
614 4540 649 4596 ad
665 4555 712 4595 eas
725 4537 923 4610 pertinentibus
938 4543 967 4591 nt
989 4537 1145 4608 possideant
1167 4552 1202 4592 ea
1254 4531 1437 4590 Simoniacaru
1451 4535 1573 4590 haeresim
1587 4552 1671 4606 prave
1694 4537 1887 4612 disuaserunt,
1915 4551 1944 4600 ut
1971 4545 2050 4601 obla-

395 4636 489 4693 omuia
503 4634 532 4690 iu
550 4635 722 4702 perpetuum,
737 4627 775 4682 ita
790 4634 881 4682 tamen
895 4633 924 4680 ut
947 4626 975 4679 iu
986 4625 1053 4680 Casa
1072 4625 1200 4680 hlediana
1254 4620 1342 4679 tiones
1357 4638 1462 4692 earum,
1485 4639 1539 4680 non
1553 4641 1602 4696 per
1616 4642 1714 4681 manus
1728 4643 1889 4701 pauperum,
1904 4633 1962 4701 sed,
1978 4637 2051 4706 quod

395 4724 551 4782 habitantes
569 4719 696 4776 monachi
710 4723 810 4787 praeter
838 4715 906 4770 duos
923 4722 970 4769 aut
997 4721 1051 4768 tres
1074 4730 1128 4770 non
1150 4714 1199 4768 ha·
1254 4717 1410 4782 trapeerat,
1425 4727 1584 4782 parmenus
1604 4715 1829 4788 concubinarum,
1855 4718 2050 4780 distribueren-

396 4817 524 4881 beautur,
545 4810 698 4866 habitantes
713 4814 805 4862 autem
820 4803 848 4859 in
862 4803 973 4858 castello
995 4803 1069 4872 quod
1088 4809 1239 4870 vocaturn
1255 4809 1306 4868 tur,
1332 4799 1359 4854 in
1387 4799 1567 4870 dispositione
1587 4803 1645 4858 Deo
1674 4805 1852 4862 servientium
1882 4811 2052 4870 ordinatione

395 4900 585 4960 Castellutium
606 4897 724 4952 habeant
749 4893 908 4950 facultatem
937 4892 1090 4961 sepeliendi
1111 4892 1197 4947 velia
1251 4887 1344 4944 divina
1362 4889 1490 4944 constitui
1505 4899 1585 4962 atque
1604 4893 1756 4962 composui.
1786 4893 1842 4951 llas
1869 4895 2050 4970 igitureccle·

395 4990 551 5050 coerneterin
566 4986 681 5058 capellae
707 4983 795 5054 ipsius
809 4980 912 5036 castelli
924 4981 968 5036 sel
990 4979 1016 5033 in
1028 4979 1144 5035 eeclesia
1162 4980 1197 5038 de
1252 4976 1305 5032 sias
1320 4993 1379 5048 quae
1395 4978 1423 5031 iu
1441 4978 1600 5034 Caturccasi
1629 4997 1701 5054 pago
1728 4992 1891 5040 constructa·
1913 4987 2051 5060 videntur,

393 5084 496 5148 hucac,
525 5083 652 5149 quaeest
679 5070 856 5144 parochialis.
876 5069 981 5124 Caetera
1009 5085 1074 5124 vero
1106 5069 1198 5124 omnia
1251 5065 1340 5135 uanior
1355 5066 1382 5119 in
1398 5067 1501 5122 honore
1516 5076 1542 5122 et
1557 5068 1667 5124 nomine
1682 5070 1712 5124 ll.
1728 5071 1822 5168 Marias
1842 5088 1952 5147 semper
1964 5078 2051 5151 virgi-

393 5163 738 5240 quaeeodieinquohsec
776 5159 920 5215 concordia
941 5158 1013 5214 facta
1037 5165 1079 5213 est
1106 5158 1199 5229 aliqua
1251 5154 1292 5208 nis
1309 5170 1315 5210 :
1333 5152 1421 5210 minor
1435 5170 1502 5210 vero
1518 5155 1546 5210 in
1561 5157 1662 5213 honore
1676 5165 1761 5214 sancti
1786 5160 1911 5218 audoeni
1940 5167 2007 5220 conf
2034 5198 2050 5210 -

391 5254 555 5312 investitura
585 5260 640 5305 tam
665 5251 763 5304 fratres
786 5247 978 5305 cluniacenses
1000 5263 1082 5318 quam
1100 5246 1196 5302 fratres
1249 5243 1319 5299 soris
1335 5259 1342 5313 ;
1358 5262 1419 5301 curn
1435 5247 1492 5300 suis
1507 5247 1668 5302 caemeteriis
1683 5255 1709 5303 et
1737 5248 1931 5321 oblationibus,
1961 5255 2049 5326 terris,

394 5340 539 5400 Casae-Dei
563 5335 898 5394 tenebantfrnieruntsibi
913 5335 942 5390 in
966 5344 1096 5406 perpetua
1114 5351 1194 5409 pace,
1249 5333 1346 5404 vineis,
1376 5335 1462 5406 aquis,
1493 5335 1667 5404 molendinis,
1697 5353 1745 5393 scu
1760 5339 1834 5394 omni
1863 5341 2052 5402 ecclesiastico

390 5429 509 5490 nonsibi
536 5427 711 5496 deincepsea
736 5425 769 5480 ad
796 5424 915 5480 invicem
945 5423 1195 5480 calumniabuntur.
1250 5423 1363 5492 honore,
1379 5431 1405 5478 et
1420 5421 1660 5494 omnibusuhique
1684 5425 1719 5480 ad
1748 5426 1823 5499 ipsas
1849 5431 2051 5499 pertinentibus

393 5522 585 5578 Convenerunt
599 5515 682 5570 etiarn
692 5513 766 5569 inter
781 5529 810 5569 se
826 5521 855 5568 ut
868 5528 1039 5584 quacunque
1054 5513 1197 5569 decerem
1249 5527 1302 5582 ego
1326 5511 1501 5583 supradictus
1529 5511 1704 5586 Raimundus,
1746 5515 1880 5590 simulque
1920 5519 1968 5576 lilii
1996 5525 2051 5580 mei

390 5625 475 5674 serra
491 5601 938 5678 vclpossessionessihidarentur
966 5601 1066 5656 abillis
1088 5600 1134 5672 qui
1150 5618 1197 5658 eas
1250 5601 1361 5656 Pontius
1376 5605 1404 5657 et
1419 5601 1522 5672 Petrus,
1539 5602 1673 5658 donamus
1697 5610 1722 5659 et
1737 5603 1915 5677 relinquimus
1933 5611 2051 5671 Domino

392 5700 485 5771 aliqua
498 5693 659 5752 investitura
670 5697 799 5756 tenerent,
815 5690 912 5745 fratres
926 5690 966 5745 illi
981 5690 1028 5761 qui
1052 5691 1114 5746 inde
1124 5707 1195 5763 qua·
1248 5689 1307 5746 Deo
1321 5690 1523 5757 universorum,
1535 5698 1562 5747 et
1572 5689 1736 5748 beatissimis
1750 5696 1880 5765 apostolis
1893 5699 1955 5768 ejus
1971 5702 2051 5760 Petro

392 5790 527 5860 lecunque
554 5785 657 5840 donum
674 5779 853 5849 susceperint,
878 5793 925 5833 cas
942 5777 994 5834 sibi
1017 5778 1194 5834 sinecalum-
1248 5786 1275 5835 et
1303 5778 1397 5846 Paulo,
1427 5779 1454 5834 in
1474 5777 1542 5836 locis
1565 5780 1769 5837 venerabilibus
1784 5783 1950 5845 Cluniacoet
1964 5791 2051 5848 blois-

389 5877 437 5932 uiu
451 5885 479 5931 et
492 5867 767 5946 quaestiunculiorum
781 5867 911 5922 babeant.
927 5867 958 5921 ln
976 5866 1107 5923 Ecclesiis
1128 5883 1193 5925 vero
1247 5867 1332 5935 sinuo,
1348 5867 1496 5924 abbatibus
1510 5883 1620 5942 quoque
1634 5868 1812 5941 presentibus
1824 5873 1928 5932 domno
1939 5877 2051 5952 linguai

391 5960 580 6040 acquirendis,
595 5957 751 6032 quicunque
764 5970 860 6014 eorum
878 5953 997 6027 primum
1020 5961 1125 6026 partem
1137 5954 1194 6012 adi·
1248 5964 1275 6014 et
1285 5955 1386 6014 domno
1413 5955 1568 6030 asquitillo,
1583 5959 1741 6031 cunctisque
1754 5976 1850 6020 eorum
1877 5971 2050 6026 successori-
