4750 6725
404 549 457 608 cil
906 531 1064 600 multet
1083 533 1366 601 cuummmdsts
1383 535 1550 598 roncum
1995 543 2049 604 aot

405 687 548 748 nunqnnm
560 670 617 730 hoc
625 683 694 728 onus
708 666 870 736 aedituum.
886 665 1075 725 certitudinem
1087 665 1205 739 promit·
1218 663 1249 730 A
1262 662 1453 738 multiplicium
1466 665 1571 722 ratione
1583 680 1738 738 causarum,
1754 683 1815 741 quse
1828 668 1902 726 illins
1925 668 2061 728 adrentus

405 771 475 823 mg
488 760 581 820 ,nimo
594 759 652 830 eju,
667 776 676 827 ς
692 765 782 816 emon
795 755 860 830 quis
874 756 926 813 boc
940 770 996 813 non
1010 770 1105 812 omnes
1119 753 1203 812 intel-
1257 768 1339 810 ceum
1353 768 1408 810 non
1421 753 1547 824 interior,
1561 754 1631 812 sicut
1644 753 1772 824 diximus,
1781 765 1848 814 erut.
1865 759 2060 833 Sicquehujns

407 851 532 927 ligebant
545 845 725 924 (providendo
745 845 818 902 bone
838 859 893 902 non
907 851 1014 902 tentum
1028 858 1121 901 coram
1135 843 1204 912 beo,
1257 841 1512 914 lemlttmlflfissm
1528 843 1643 912 miii»
1655 851 1686 900 ¹1²
1699 842 1734 901 ‘10
1749 845 1908 918 l⁰¹¹¹ffl⁰⁸⁰¹
1935 847 2060 904 cmm·

408 939 649 1000 sedetiamcorem
662 931 1207 1006 omnihosbominibus)dngliemintrure
1258 929 1340 986 riensi
1350 930 1420 987 nihil
1433 930 1468 986 ad
1482 946 1545 987 eum
1559 930 1603 988 rel
1624 932 1659 989 de
1671 949 1705 990 eo
1732 933 1836 992 dictum
1862 943 1991 994 actumve
2013 937 2060 1008 sit,

405 1029 502 1098 noluit,
517 1043 551 1084 ne
569 1041 602 1083 se
622 1023 703 1096 hujus
729 1021 769 1080 rei
796 1021 889 1095 grstia
916 1021 1033 1078 intresse
1060 1020 1206 1094 quisquam
1259 1016 1374 1091 ipseque
1387 1018 1428 1075 sui
1449 1019 1564 1091 periculi
1582 1028 1609 1077 et
1622 1021 1729 1094 antiqui
1740 1022 1850 1080 umens
1863 1038 1978 1082 securus
1991 1024 2062 1082 etle-

407 1118 600 1190 msppwesnr.
615 1110 738 1186 Contigit
764 1110 869 1168 interea
883 1108 1013 1168 comitem
1040 1109 1129 1181 ipsum
1150 1107 1207 1166 scri
1259 1115 1318 1164 ctus
1331 1107 1423 1164 luerit.
1439 1107 1613 1166 Postumum
1626 1109 1855 1168 Northmenniam
1883 1111 1993 1186 regredi
2009 1130 2063 1172 ro·

406 1206 538 1279 pagum
563 1200 684 1278 gregem
700 1199 781 1272 Quod
807 1214 876 1256 mox
903 1198 1034 1256 anselmo
1061 1196 1206 1266 mandens,
1257 1193 1328 1265 lens,
1343 1203 1551 1271 negataarege
1563 1197 1673 1255 hcenha
1686 1199 1794 1272 copiam
1803 1200 1832 1256 id
1845 1201 1947 1276 agendi
1959 1202 2063 1260 babere

404 1307 576 1368 magnopere
589 1295 718 1364 precatus
731 1295 772 1346 est
785 1296 929 1363 quotenus,
944 1287 1055 1361 antique
1082 1287 1206 1343 familie·
1259 1298 1315 1341 non
1322 1284 1423 1355 potuit.

403 1383 485 1442 rim,
499 1380 680 1449 mmmmm,
695 1375 732 1438 ed
746 1376 945 1435 consulendum
958 1376 1057 1434 snimoe
1070 1391 1128 1433 sue
1146 1375 1207 1432 sine
1295 1371 1371 1428 Inter
1383 1373 1443 1430 haec
1457 1389 1519 1430 cum
1528 1374 1615 1448 gratia
1628 1376 1781 1435 Dominicis
1789 1377 2063 1450 Nativitstis,omues

406 1487 484 1530 more
498 1470 611 1530 reniret.
623 1468 656 1525 Et
669 1467 694 1524 si
707 1466 795 1536 umor,
810 1466 907 1538 inquit,
922 1463 1087 1538 suscipiendi
1114 1463 1208 1522 archi·
1259 1459 1338 1534 ‘⁸8⁰5
1352 1461 1485 1533 primm
1495 1461 1530 1518 “d
1543 1462 1647 1520 tillim
1662 1465 1738 1538 will
1751 1481 1801 1540 ΡΓΟ
1817 1483 1896 1525 ¹¹¹0f⁸
1909 1467 2062 1539 imm·

411 1561 598 1635 episcopumg,
625 1571 661 1614 ne
675 1557 779 1626 veniat,
796 1571 858 1614 eum
871 1554 985 1622 detinet,
998 1552 1094 1622 lateor,
1109 1553 1206 1625 inquit,
1259 1548 1375 1622 contigit
1390 1557 1526 1608 uteorum
1540 1551 1636 1624 optimi
1648 1553 1832 1627 quinquenne
1845 1571 1982 1614 consensu
1992 1558 2063 1616 inter

408 1652 438 1708 jn
464 1649 518 1710 fide
545 1662 616 1715 mse,
646 1644 774 1718 quonism
802 1643 831 1700 id
845 1643 918 1718 quod
938 1641 1208 1712 rumarindejactet
1259 1652 1290 1694 ce
1304 1636 1339 1694 de
1348 1639 1488 1696 communi
1505 1644 1596 1697 matre
1610 1642 1690 1715 regni
1716 1653 1898 1716 quererentur
1925 1647 2002 1720 quod
2023 1645 2063 1704 vi·

405 1739 473 1798 „ihil
487 1744 553 1809 ein
572 1751 606 1794 ao
619 1750 669 1808 per
681 1734 735 1791 hoc
746 1732 877 1790 indecens
899 1731 959 1802 eius
985 1730 1121 1788 senchteti
1147 1745 1207 1786 esse
1259 1725 1341 1784 dueta
1354 1743 1403 1786 eso
1416 1735 1525 1800 pastore
1537 1737 1592 1785 tam
1607 1730 1688 1786 diuet
1696 1740 1752 1788 tam
1776 1731 1898 1791 inaudite
1914 1736 2062 1794 vexatione

405 1829 484 1896 edet,
499 1826 522 1883 si
537 1823 622 1882 nihilo
637 1830 726 1880 tentus
739 1837 848 1896 megnee
861 1836 931 1878 meae
939 1819 1093 1878 necessitati
1107 1819 1207 1876 subre-
1259 1815 1471 1888 opprimeretur.
1483 1817 1647 1889 liujusmodi
1661 1835 1728 1892 ergo
1743 1820 1778 1878 dc
1792 1823 1847 1880 hoc
1860 1822 1894 1878 ab
1909 1824 1951 1880 eis
1964 1825 2062 1882 consi·

404 1919 467 1976 nire
480 1915 621 1974 detrectet.
634 1910 796 1968 Perstutille
814 1909 842 1966 in
857 1925 911 1966 non
939 1908 1086 1978 veniendo,
1101 1915 1127 1964 et
1154 1921 1205 1966 no·
1260 1903 1325 1960 lium
1339 1913 1476 1978 sumptum
1486 1915 1536 1976 est,
1552 1915 1582 1964 ot
1595 1907 1711 1980 supplici
1721 1925 1803 1981 prece
1822 1911 1965 1969 dominum
1979 1930 2062 1970 suum

403 2021 464 2064 mes
477 2018 555 2078 aque
566 2007 711 2076 permanet
736 2001 764 2056 in
791 1997 964 2072 requirendo.
993 1997 1083 2054 Tertio
1111 1997 1205 2070 itaque
1218 2015 1248 2082 Β
1261 2009 1355 2067 regem
1368 1993 1555 2066 convenirent,
1569 2006 1703 2068 quatenus
1725 2005 1873 2068 omhones,
1902 2001 1977 2074 quod
2005 2019 2060 2076 po-

407 2093 518 2152 mendet
532 2091 573 2150 illi
586 2093 645 2148 hec
660 2107 693 2146 :s
711 2087 740 2146 Si
760 2103 817 2144 non
832 2087 951 2157 ueneris,
974 2101 1072 2143 revera
1098 2085 1207 2144 nocens
1260 2082 1341 2139 eteris
1355 2083 1454 2138 mirum
1469 2084 1543 2142 dictu
1557 2083 1676 2142 tortusue
1689 2086 1836 2159 ridebitur,
1850 2106 1901 2163 per
1921 2091 2060 2148 Ecclesiae

406 2183 472 2259 quie
486 2195 625 2254 nunquam
639 2180 668 2236 in
682 2177 739 2236 rite
762 2184 864 2236 aetema
888 2177 917 2232 in
930 2183 1005 2232 tenta
1018 2174 1113 2248 requie
1140 2173 1204 2242 eris,
1257 2169 1435 2244 Anglimfieri
1449 2172 1486 2228 ad
1501 2172 1647 2230 Dominum
1660 2176 1838 2247 permitteret,
1867 2187 1897 2234 ut
1923 2180 1985 2253 ipse
2010 2197 2059 2238 sua

406 2274 472 2350 quin
486 2277 619 2346 perpetuo
631 2265 807 2326 doleaetead
822 2279 939 2322 menon
959 2263 1078 2322 venisse.
1097 2285 1107 2314 s
1125 2261 1205 2332 Quod
1258 2260 1360 2334 pietate
1369 2261 1429 2335 regi
1442 2261 1594 2334 inspiraret
1609 2269 1742 2336 quatenus
1762 2265 1883 2326 instituto
1909 2268 1950 2325 illi
1972 2271 2060 2345 digno

404 2360 584 2421 511„qu
601 2375 607 2412 :
626 2379 638 2406 .
655 2355 806 2428 Angustia,
823 2354 871 2423 eit,
898 2352 966 2410 mihi
980 2356 1044 2410 sunt
1065 2351 1199 2424 undique.
1257 2357 1567 2423 pastore,atsntaeam
1582 2351 1671 2423 clade,
1687 2363 1715 2410 et
1731 2355 1800 2413 elias
1826 2372 1879 2428 per
1900 2375 1961 2416 eern
1990 2361 2061 2418 rele-

409 2453 438 2510 εἰ
453 2448 583 2524 Angliam
597 2446 684 2516 irem,
699 2459 798 2502 vereor
810 2459 845 2500 ne
858 2441 901 2500 cui
915 2457 965 2514 per
989 2444 1043 2500 hoc
1056 2457 1140 2515 prena
1152 2457 1205 2497 su·
1257 2446 1343 2495 reret.
1360 2437 1439 2508 Quod
1463 2455 1524 2496 curn
1548 2440 1589 2497 illi
1610 2458 1665 2498 una
1687 2444 1899 2518 suggessissent,
1909 2448 1970 2521 ipse
1993 2449 2060 2508 licet

408 2537 651 2616 siiciosubrepet.
666 2541 693 2592 et
706 2548 752 2590 me
765 2547 848 2590 censa
861 2530 1046 2603 consequendi
1066 2529 1204 2601 arehiepi-
1257 2527 1381 2583 nonnihil
1408 2528 1507 2585 exinde
1529 2529 1699 2603 indignetur,
1714 2535 1871 2592 tementien'
1887 2536 1961 2608 quod
1981 2547 2058 2612 pete·

401 2635 531 2703 scopetur
544 2625 611 2682 illuc
625 2623 665 2680 ire
678 2621 829 2679 existimet.
848 2619 878 2676 Si
891 2635 946 2676 non
960 2619 1047 2687 ivero,
1076 2617 1203 2676 testem
1256 2615 1338 2673 batur
1344 2617 1478 2690 permisit,
1490 2618 1585 2676 dicens
1607 2621 1681 2693 qnod
1694 2623 1826 2696 quidquid
1854 2625 1978 2684 Ecclesia
2004 2645 2059 2702 pe-

403 2716 546 2780 geni-iteris
572 2712 694 2770 violator
720 2726 777 2780 ero,
804 2725 884 2782 quam
904 2707 1014 2782 quidem
1036 2723 1091 2765 non
1112 2707 1203 2764 solnm
1257 2713 1337 2775 teret,
1360 2706 1422 2777 ipse
1449 2706 1511 2764 sine
1531 2707 1615 2766 dubio
1632 2726 1684 2782 pro
1712 2712 1786 2769 nullo
1814 2713 1963 2774 dimitteret
1990 2719 2060 2790 quin

403 2807 504 2877 emico,
522 2818 619 2864 rernm
634 2800 763 2858 exhibere
778 2798 908 2870 iubemur
930 2805 957 2855 et
984 2796 1105 2854 inimico.
1133 2795 1202 2867 Ques
1255 2793 1358 2851 laceret
1371 2810 1454 2853 omne
1467 2795 1541 2869 quod
1551 2796 1642 2854 vellet.
1661 2799 1721 2858 lloe
1735 2801 1771 2857 ita
1786 2818 1917 2876 responso
1930 2816 2058 2880 accepte,

403 2897 521 2968 (1001un
534 2892 558 2950 si
573 2907 638 2966 erge
653 2889 793 2946 inimicum
803 2887 903 2946 violata
916 2894 1056 2958 peccatum
1071 2893 1124 2953 est,
1134 2899 1203 2960 erga
1255 2884 1378 2957 episcopi
1397 2884 1433 2942 ad
1446 2885 1521 2958 quod
1547 2884 1600 2943 ista
1627 2889 1747 2946 maxime
1769 2890 1941 2964 pertinebunt
1960 2897 2060 2955 desel-

403 2986 523 3044 amicum
538 2979 603 3055 quid
618 2987 660 3036 est
673 2979 689 3032 i
702 2977 737 3034 Ei
749 2984 823 3034 certe
837 2975 941 3032 anricus
954 2990 1031 3031 meus
1058 2974 1202 3031 lumilisris
1254 2988 1331 3030 nrum
1345 2988 1429 3045 super
1441 2973 1534 3046 reipse
1546 2976 1751 3034 consuluerunt.
1769 2979 1804 3037 llt
1813 2981 1886 3053 quod
1899 2983 1959 3055 ipse
1985 3001 2057 3044 ora·

403 3075 440 3133 21>
463 3072 575 3144 miquo
598 3083 692 3126 comes
715 3063 865 3122 cesuensis
900 3065 981 3138 llugo
1002 3064 1063 3134 luit,
1079 3065 1125 3136 qui
1147 3063 1201 3120 mei
1256 3061 1337 3119 donis
1362 3061 1479 3136 agendae
1496 3063 1608 3120 modum
1635 3072 1662 3121 et
1688 3082 1824 3125 summam
1838 3071 1988 3144 ordinaret,
2007 3077 2058 3133 rix

404 3177 489 3226 mm,
503 3168 534 3217 ui
547 3156 623 3225 dicit,
637 3155 756 3228 indiget.
770 3155 800 3209 ln
812 3153 972 3210 necessitate
985 3152 1116 3224 probetur
1130 3154 1204 3210 eml·
1255 3150 1378 3208 obtinere
1391 3151 1449 3206 suis
1463 3151 1591 3225 precibus
1617 3154 1654 3209 ab
1668 3170 1701 3211 eo
1726 3167 1879 3228 potuerant.
1905 3161 2057 3235 Episcopis

403 3269 464 3312 eug·
483 3249 512 3308 sp
526 3261 594 3320 0130
608 3251 720 3318 propter
733 3241 883 3316 obliquam,
899 3258 979 3313 quem
1006 3242 1034 3298 in
1049 3258 1093 3298 me
1107 3243 1201 3302 lorssn
1254 3239 1328 3295 enim
1354 3240 1475 3311 preelerri
1503 3241 1533 3297 in
1561 3243 1609 3298 tali
1624 3247 1724 3300 stetuto
1741 3246 1799 3318 ipse
1814 3247 1899 3305 sbbss
1913 3249 2052 3324 lugiebet.

401 3340 528 3400 homines
543 3334 645 3393 habere
658 3338 774 3408 possunt
788 3329 953 3404 opinionem,
982 3331 1070 3389 emico
1099 3347 1160 3390 meo
1171 3331 1199 3389 in
1212 3368 1240 3438 G
1253 3327 1371 3386 Coactus
1385 3329 1487 3403 itaque,
1500 3329 1577 3400 juxta
1592 3332 1904 3405 quodmegisllcclesire
1910 3338 2058 3414 Deiexpe·

402 3445 452 3489 sua
467 3426 628 3487 necessitate
640 3438 695 3481 non
724 3436 853 3479 succurro
868 3438 876 3489 ;
892 3436 983 3477 meum
1011 3428 1125 3492 certum,
1149 3437 1199 3495 pro
1253 3417 1313 3475 dire
1327 3418 1472 3489 sciebatur,
1489 3419 1604 3476 modum
1627 3422 1727 3478 orandi
1753 3426 1858 3482 cunctis
1877 3428 2055 3488 audientibus

401 3518 485 3577 dubio
515 3517 642 3584 aliorum,
668 3518 812 3585 peccatum
839 3512 961 3567 incurro.
998 3509 1198 3569 commendans
1251 3506 1348 3575 edidit,
1363 3514 1389 3563 et
1403 3507 1514 3565 laudato
1527 3525 1609 3565 sensu
1636 3525 1668 3566 ao
1693 3512 1860 3585 perspicacia
1882 3515 1965 3574 animi
1980 3520 2054 3591 ejus,

403 3608 487 3684 igilur
500 3621 554 3676 me,
570 3610 748 3675 etquemeem
764 3598 960 3657 conscientiam
989 3598 1023 3655 eb
1037 3600 1113 3655 onrni
1141 3606 1199 3658 ter-
1251 3602 1308 3675 tota
1336 3613 1397 3669 quae
1419 3605 1584 3655 convenerat
1597 3599 1824 3675 nobilitssregni,
1846 3606 1935 3663 soluta
1962 3609 2052 3682 curia,

397 3698 456 3756 mg
470 3691 740 3754 honorisamhitione
754 3702 879 3757 recussu,
895 3688 1086 3761 Deopergem,
1101 3704 1197 3761 respe-
1250 3683 1279 3740 in
1303 3700 1353 3741 sue
1378 3684 1517 3743 discessit.
1538 3687 1671 3746 lnstitutoe
1685 3690 1770 3763 igitur
1796 3708 1894 3765 preces
1908 3692 1976 3753 fiunt
2001 3714 2056 3770 per

397 3794 443 3846 βω
457 3784 543 3842 „nep
557 3780 659 3839 ,moris
673 3780 743 3851 ejus,
759 3792 864 3835 morem
878 3792 974 3848 gerere
998 3777 1088 3834 emico
1115 3792 1191 3835 meo.
1249 3772 1401 3847 Anglorunr
1416 3774 1555 3833 Ecclesiae
1564 3792 1669 3833 ornnes.

397 3876 503 3933 0220„
522 3871 582 3945 ip„
608 3870 684 3925 Deus
698 3874 771 3940 sgat,
788 3874 815 3923 et
837 3880 882 3921 me
895 3864 970 3922 salre
996 3864 1085 3939 gretia
1104 3865 1196 3922 sueob
1285 3863 1351 3919 llaec
1365 3864 1539 3922 intererenit
1552 3872 1582 3922 ot
1596 3863 1640 3922 die
1654 3867 1855 3939 quadamuuus
1869 3870 1905 3930 de
1918 3873 2054 3947 principi·

397 3962 473 4021 omni
487 3957 630 4018 ,muteris
644 3954 748 4029 negotii
763 3953 959 4027 impedimento
972 3968 1022 4025 pro
1037 3970 1087 4009 sua
1115 3956 1197 4011 mise·
1248 3951 1301 4007 bus
1325 3960 1405 4010 terre
1428 3968 1492 4010 cum
1512 3969 1580 4026 rege
1599 3954 1772 4014 familiariter
1785 3973 1870 4031 agens
1882 3967 2053 4032 promeanti-

396 4048 518 4107 rpwrdie
544 4046 693 4105 immunem
720 4042 863 4099 custodiet.
896 4064 908 4093 s
934 4040 1089 4114 Exigehent
1115 4042 1196 4099 etiam
1249 4038 1301 4097 bus
1314 4040 1443 4098 verbisin
1458 4042 1521 4111 boc,
1531 4050 1562 4099 ut
1573 4042 1614 4098 sic
1627 4042 1668 4114 lit,
1682 4045 1723 4101 sic
1735 4045 1761 4102 ei
1771 4045 1841 4104 inter
1854 4048 2025 4111 nliadiceret
2041 4072 2050 4112 r

396 4145 454 4195 tum
466 4134 596 4209 temporis
605 4130 738 4190 Eccleaire
747 4144 805 4187 sue
820 4129 946 4203 quedam
954 4130 1034 4187 uelde
1061 4145 1194 4189 necessu·
1248 4128 1393 4187 llominern
1403 4134 1485 4188 tentae
1497 4130 1647 4188 seueritatis
1660 4133 1768 4190 nullum
1779 4136 1916 4210 norimus,
1938 4150 2052 4215 quantas

395 4227 443 4285 15ae
457 4240 548 4285 ωηο)
562 4230 592 4280 ur
604 4218 733 4295 Angliem
747 4225 876 4291 pergeret
891 4237 899 4287 ;
914 4218 966 4275 sed
989 4218 1104 4291 prelato
1116 4218 1193 4277 illurn
1247 4222 1298 4289 est,
1313 4226 1343 4275 ut
1357 4234 1421 4276 rere
1434 4220 1592 4293 probemus,
1607 4221 1693 4279 abbas
1720 4222 1864 4282 beccensis
1889 4229 2050 4290 iussimus.

394 4314 538 4374 cohibente
551 4324 664 4383 perone,
679 4308 756 4365 nullo
771 4321 821 4379 pro
839 4306 877 4363 eis
898 4313 980 4377 pecto
1007 4306 1114 4364 volebas
1139 4308 1192 4365 iter
1245 4308 1319 4365 Nihil
1334 4309 1435 4365 etenim
1445 4317 1519 4365 amat
1532 4318 1633 4381 prseter
1646 4311 1745 4383 Deum,
1776 4313 1843 4370 nihil
1872 4316 1913 4389 (ut
1924 4317 1955 4375 in
1967 4321 2048 4378 omni

392 4404 523 4478 arripere.
539 4399 661 4472 Contigit
674 4397 817 4454 intereeut
830 4395 973 4453 comitisse
988 4394 1042 4451 lde
1056 4396 1098 4469 (o)
1111 4396 1189 4453 locu·
1244 4397 1334 4455 studio
1347 4397 1406 4469 ejus
1419 4398 1515 4471 claret)
1530 4398 1605 4471 cupit
1619 4399 1812 4459 trensitorium.

393 4502 473 4551 mu.
513 4488 665 4549 Bononiam
695 4485 755 4554 iret,
781 4484 829 4541 ubi
856 4500 917 4542 cum
944 4500 996 4556 per
1012 4484 1073 4542 dies
1088 4486 1192 4560 aliquot
1279 4486 1408 4559 Adquod
1421 4503 1471 4544 rex
1485 4487 1680 4544 subsannans:
1700 4492 1800 4562 «Non,
1818 4491 1915 4567 inquit,
1929 4511 1981 4555 nec
1996 4514 2048 4555 er·

392 4581 549 4641 necessario
564 4578 692 4637 detentus
716 4580 878 4645 moraretur,
907 4574 1069 4631 mendcium
1094 4584 1135 4631 est
1148 4574 1189 4631 illi
1243 4574 1479 4649 chiepiscopetum
1507 4576 1775 4635 cantuariensemn
1806 4581 1858 4639 Cui
1884 4600 1947 4641 cum
1974 4586 2049 4645 ulter

390 4668 606 4731 aBacoensibus
632 4681 678 4735 ne,
694 4663 718 4721 si
746 4671 860 4738 peccsto
887 4662 1078 4721 inobedientis
1099 4664 1187 4721 notari
1245 4665 1383 4723 referret:
1401 4666 1485 4723 «Nec
1503 4664 1580 4722 illurn
1595 4664 1704 4738 quidem
1731 4670 1862 4740 menime,
1877 4674 1948 4731 siout
1970 4692 2046 4747 mea,

395 4762 481 4829 volet,
496 4759 567 4817 ultre
580 4755 777 4814 monesterium
792 4759 936 4823 repeteret,
964 4751 1051 4810 donec
1077 4754 1189 4811 transito
1244 4753 1447 4827 multorumque
1457 4753 1508 4809 lert
1521 4752 1626 4825 opinio.
1639 4776 1650 4804 u
1662 4754 1820 4814 Obtestetns
1835 4768 1879 4815 est
1903 4778 1954 4818 rex
1968 4764 2047 4837 quod

392 4850 464 4910 mari
488 4849 545 4907 ,uis
572 4846 601 4904 in
628 4843 728 4918 anglie
740 4842 823 4899 rebus
850 4840 1016 4897 subveniret.
1045 4841 1187 4900 Proiectus
1241 4840 1368 4897 menibus
1388 4855 1421 4897 ec
1452 4839 1569 4913 pedibus
1591 4840 1725 4914 plaudens
1747 4843 1776 4899 in
1803 4846 1959 4919 amplerum
1985 4853 2048 4923 eius

391 4942 485 5015 igitur,
500 4952 576 4994 mare
589 4934 706 5002 transiit¹
722 4939 749 4989 et
768 4930 861 4987 llolris
884 4928 1017 5003 appulsus
1042 4938 1092 4987 ost.
1119 4928 1186 4989 lnde
1242 4937 1406 4999 occurrerat,
1435 4927 1458 4985 si
1481 4929 1566 4987 ollem
1589 4928 1719 4987 fiduciam
1747 4933 1861 4991 haderet
1873 4952 1904 4993 se
1917 4938 1953 4994 ed
1965 4939 2046 4997 illum

390 5031 473 5088 eiuro
487 5040 586 5101 gressu
601 5024 636 5081 ad
649 5023 778 5080 comitem
792 5020 875 5088 uenit,
891 5020 1035 5091 ipsumque
1061 5020 1097 5076 ab
1107 5020 1187 5077 intir-
1240 5034 1322 5091 posse
1337 5019 1476 5076 ullatenus
1489 5018 1625 5091 aspirare.
1634 5019 1670 5075 Et
1677 5020 1778 5092 adjecit
1794 5042 1801 5079 :
1820 5045 1832 5074 s
1848 5024 1902 5081 Sed
1916 5043 1967 5098 per
1979 5045 2047 5085 san·

389 5116 548 5187 mitetejam
564 5112 738 5171 consuluisse
751 5110 863 5168 invenit.
879 5110 1009 5167 Detentus
1030 5117 1070 5165 est
1096 5117 1187 5167 temen
1241 5117 1316 5166 ctum
1323 5106 1599 5179 vuliumoenucstih
1608 5106 1840 5181 (sicenimjurare
1848 5120 2044 5191 ⁰⁰⁰⁸110l0r⁸²i

385 5208 415 5264 in
427 5204 526 5279 singlis
555 5202 613 5259 lere
640 5200 779 5257 mensibus
803 5198 932 5271 quinque,
961 5198 1098 5256 detinente
1125 5214 1186 5257 eum
1241 5214 1293 5256 nec
1307 5198 1367 5273 ipse
1381 5198 1435 5255 hoc
1450 5205 1573 5270 tempora
1591 5212 1644 5254 nec
1663 5196 1734 5253 alius
1747 5201 1808 5271 quis
1821 5202 2044 5280 archiepiscopus

386 5311 443 5356 non
471 5292 560 5351 solum
587 5288 696 5348 ebbatia
710 5304 793 5363 quaro
808 5286 953 5362 disponere
965 5298 1088 5361 venerat,
1103 5290 1187 5351 sedet
1241 5285 2042 5367 ,figmeexoepm‚uminumdnsosemsvesrigiorshds

1032 5420 1249 5483 HENSGHENII
1264 5419 1380 5482 Note.

416 5546 456 5623 (a)
471 5544 586 5603 listune
600 5542 631 5599 ll.
642 5539 707 5625 ida,
719 5547 806 5625 mater
819 5539 962 5625 Godeiridi
976 5542 1180 5627 bullouis,dein
1235 5546 1318 5615 cilixi,
1334 5561 1396 5620 que
1422 5540 1542 5625 creditur
1555 5557 1573 5623 e
1584 5538 1738 5623 Nicodemo
1763 5541 1882 5615 sculpta,
1910 5546 1940 5602 et
1962 5544 2038 5606 ciros

379 5620 455 5695 regis
470 5612 803 5699 Hierosolymrtenrzrllrns
822 5612 911 5695 Vitem
939 5612 1135 5673 illustravimus
1143 5616 1180 5673 sd
1233 5632 1336 5700 sonum
1350 5620 1436 5698 illie
1461 5614 1539 5697 Syma
1560 5629 1589 5670 m
1616 5610 1770 5694 lletmrrem
1785 5612 1925 5673 brodata.
1938 5616 2038 5699 ‘Lucae

380 5694 454 5776 diem
470 5689 503 5775 ‚¹³
516 5686 630 5762 hprrhs.
651 5684 748 5741 Plures
772 5700 798 5741 er
812 5683 943 5756 epistolas
971 5686 1004 5743 S.
1034 5689 1180 5746 dnselmus
1233 5690 1356 5772 ⁰9¹¹¹²⁰F.
1371 5687 1508 5743 miraculis
1533 5682 1713 5766 celeberrime
1742 5700 1749 5739 :
1775 5684 1811 5741 de
1828 5702 1892 5767 ‘que
1918 5688 2034 5750 ridendi

379 5780 442 5913 ”a
467 5769 565 5893 l'tr'sltus
579 5832 699 5891 sonetur
712 5826 746 5886 ds
758 5825 1178 5903 cusonrimsgobomtnicrs·
1230 5760 1639 5904 bigemmem&
1657 5754 1725 5813 ⁸1¹oe
1738 5753 1908 5821 mouns
1917 5758 1952 5817 de
1965 5775 2034 5821 m·
