4750 6725
480 599 533 656 463
975 586 1130 647 attollent
1150 583 1428 647 eanwamunsts
1442 586 1602 648 ttourcflt
2049 612 2090 668 Μ
2146 578 2148 618 t

474 731 610 800 quatenns
623 717 759 792 dugliam,
774 717 836 789 ejus
850 716 975 772 absentia
996 714 1159 782 desolatam,
1188 713 1313 772 citatoA
1329 715 1467 783 dnselmo,
1483 730 1536 771 suo
1547 715 1625 786 jussu
1639 724 1752 788 accepta
1767 718 1873 778 fuerant
1891 738 1921 782 se
1942 729 2086 791 ecditiam

477 809 704 876 rediturisitaret,
720 804 882 872 allimnabat,
897 811 923 860 et
937 803 1100 859 affirmando
1127 801 1272 874 promitte·
1326 820 1387 859 cum
1411 805 1439 860 in
1467 803 1594 876 dngliam
1618 813 1691 862 esset
1716 822 1854 880 reversus,
1879 811 1938 870 dato
1964 819 2090 880 vadimonio

476 901 522 958 but
536 915 629 973 regem
645 899 733 968 ipsum
747 893 855 965 penitus
874 894 908 950 ad
937 894 1104 950 voluntatem
1132 891 1217 963 ipsius
1244 891 1272 945 in
1327 892 1462 963 pollicitus
1476 902 1526 948 est.

476 986 641 1058 omnequod
652 985 781 1055 deinceps
788 983 946 1054 praeciperet
955 980 1187 1054 promptissimam
1197 995 1272 1036 men·
1361 981 1448 1039 lliset
1462 981 1522 1048 aliis
1538 998 1599 1053 quae
1614 998 1657 1037 res
1667 984 1813 1056 expetebat
1834 987 1901 1044 inter
1913 991 1979 1050 airus
1997 1010 2089 1065 compo.

475 1087 528 1136 tem
539 1076 650 1143 habere,
666 1089 717 1129 nee
732 1071 845 1128 ulterius
860 1089 875 1127 a
899 1072 1025 1127 Romana
1052 1069 1171 1125 Ecclesia
1199 1067 1270 1127 uelle
1326 1069 1397 1139 sitis,
1407 1070 1551 1126 dnselmus
1563 1071 1615 1126 iter
1628 1073 1755 1145 Angliam
1768 1078 2035 1152 remeandiingressus
2047 1096 2088 1154 est,

473 1164 626 1224 dissentire.
643 1163 678 1218 Et
691 1160 869 1233 subiungens,
883 1161 922 1216 ait
939 1175 946 1214 ε
965 1181 976 1208 ι
995 1161 1141 1230 Propterea
1155 1157 1269 1214 obsecro
1325 1164 1361 1228 et,
1377 1159 1471 1217 diuino
1486 1160 1616 1216 tutamine
1629 1161 1722 1231 fretus,
1738 1179 1821 1219 sanus
1831 1175 1857 1220 et
1870 1167 1954 1224 alacer
1970 1187 2023 1226 mm
2045 1175 2092 1231 sois

471 1263 500 1310 ut
515 1267 625 1309 ornnem
641 1263 746 1306 moram
760 1248 892 1319 rumpatis
911 1247 939 1302 iu
966 1247 1112 1314 veniendo,
1141 1261 1176 1302 ne
1200 1246 1269 1302 lorte
1324 1248 1452 1303 omnibus
1465 1248 1558 1304 Dolris
1571 1256 1612 1305 est
1625 1251 1765 1321 appulsus.
1782 1253 1914 1323 Quavero
1927 1259 2089 1330 exsultatione,

469 1361 503 1402 ex
517 1343 632 1400 adverso
648 1339 739 1410 aliqua
756 1337 895 1392 saecnlan's
916 1352 985 1394 aura
1012 1343 1179 1408 prorumpat,
1207 1351 1268 1406 quae
1324 1347 1377 1403 qua
1388 1333 1570 1404 jucunditate,
1579 1351 1633 1406 qua
1648 1352 1697 1407 spe
1711 1335 1778 1393 boni
1800 1340 1830 1394 in
1858 1340 1978 1414 hugliam
1999 1346 2090 1404 senione

467 1449 530 1489 eum
544 1431 579 1486 ab
593 1429 652 1484 istis
666 1427 815 1484 subvertat.
834 1451 846 1476 a
864 1426 929 1482 llaec
939 1425 984 1482 ille
997 1426 1110 1481 audiens
1119 1425 1177 1481 Deo
1183 1441 1268 1494 super
1323 1429 1465 1494 susceptus
1474 1423 1519 1491 sit,
1535 1439 1608 1493 reor,
1619 1440 1654 1480 ex
1668 1425 1890 1485 consideratione
1903 1430 2025 1488 malornm
2041 1451 2088 1505 qua

468 1518 626 1580 admirabili
640 1517 713 1572 dono
727 1515 785 1585 ejus
798 1515 903 1586 gratias
916 1515 982 1587 egit,
998 1523 1164 1587 acceptaque
1178 1513 1266 1570 licen·
1322 1510 1417 1580 paucis
1429 1511 1568 1582 tetigimus
1584 1512 1639 1568 illie
1652 1521 1715 1570 ante
1728 1515 1843 1572 reditum
1865 1517 1922 1586 ejus
1946 1524 2088 1592 provenisse,
2146 1548 2147 1555 .

468 1611 503 1668 tia
515 1624 533 1665 a
547 1605 675 1664 fratribus
690 1605 760 1659 inter
774 1619 843 1676 quos
854 1603 958 1674 jamdiu
973 1619 1149 1676 magnacum
1170 1617 1266 1658 amore
1321 1597 1518 1669 aliquantulum
1533 1600 1702 1675 subintelligi
1721 1619 1804 1675 posse
1820 1620 1828 1678 ;
1844 1606 1923 1678 unde,
1951 1616 1976 1663 ut
1996 1611 2089 1668 diversa

466 1707 494 1756 ιι
506 1693 701 1755 honorehabiti
716 1692 864 1762 fueramus,
880 1692 908 1746 in
922 1692 1049 1765 dugliam
1063 1691 1147 1748 itnms
1161 1690 1265 1746 Geme-
1320 1687 1408 1742 atatis
1421 1695 1447 1743 ιι
1464 1688 1569 1744 ordinis
1583 1691 1723 1746 hominum
1743 1694 1845 1765 gaudia
1872 1695 1973 1768 sileam,
1993 1698 2025 1755 de
2040 1698 2089 1771 ipsa
2146 1738 2147 1745 ,

469 1788 551 1844 ticum
562 1785 601 1855 tn)
617 1781 701 1840 venit.
718 1781 772 1837 Ubi
788 1788 916 1837 renovata
931 1779 1085 1836 infirmitate
1100 1797 1162 1852 qua,
1177 1788 1207 1836 ut
1220 1796 1264 1835 me
1320 1775 1415 1848 ιιειιιι
1430 1778 1483 1833 hoc
1496 1776 1615 1834 breviter
1626 1778 1740 1836 dixerim
1755 1783 1829 1854 quud
1844 1799 1894 1841 nec
1909 1794 2005 1842 terrena
2017 1804 2088 1860 nego·

465 1873 641 1941 manavimus,
657 1871 736 1928 Becci
750 1877 884 1943 gravatus
900 1868 1025 1937 luerat,a
1046 1869 1106 1926 loco
1130 1869 1264 1942 progredi
1320 1862 1365 1931 tia,
1382 1879 1434 1922 nec
1441 1880 1541 1937 pompa
1557 1867 1698 1923 saecnlaris
1708 1868 1803 1941 gloriae
1831 1871 1887 1928 ulla
1907 1882 2021 1945 poterant
2041 1892 2088 1932 eam

466 1977 637 2038 nequaquam
652 1959 749 2030 potuit.
766 1958 936 2030 Quapropter
963 1957 1054 2014 missis
1082 1958 1110 2013 in
1137 1958 1263 2031 hugliam
1318 1951 1442 2009 delinere
1453 1955 1518 2025 quin
1531 1955 1618 2011 virum
1633 1957 1695 2014 loca
1704 1957 1811 2016 diversa
1838 1962 1976 2019 adeuntem
2001 1980 2089 2036 prace-

466 2052 576 2120 nuntlis,
592 2047 726 2105 intimarit
739 2047 798 2118 regi
810 2047 874 2118 quid
887 2045 939 2103 sibi
954 2063 988 2102 ne
1010 2046 1260 2102 rediretobstnbat.
1276 2039 1404 2138 Bdaret,
1429 2049 1466 2112 et,
1495 2045 1638 2101 monacbis
1664 2063 1713 2104 seu
1740 2049 1881 2106 canonicis
1907 2051 1931 2108 ei
1957 2068 2002 2123 pm
2026 2070 2090 2110 more

462 2142 597 2199 Turbatur
611 2137 657 2194 ille
670 2137 705 2192 ad
715 2135 806 2192 audita
820 2144 846 2191 et
860 2137 1036 2192 vehementer
1060 2134 1185 2204 indoluit,
1212 2134 1262 2208 jn·
1317 2131 1427 2188 obviam
1441 2133 1659 2202 procedentibus,
1675 2135 1732 2208 ipsu
1746 2137 1921 2208 procederet,
1943 2140 2090 2214 hospitiaque

464 2247 538 2300 rans,
553 2226 726 2301 perverbum
740 2225 800 2294 Dei,
817 2224 1140 2282 scilicetomniadamna
1167 2240 1265 2295 aequa-
1317 2219 1387 2289 ejus,
1416 2235 1465 2277 sua
1489 2221 1668 2293 providentia,
1699 2225 1790 2298 dignis
1822 2228 1990 2299 apparatibus
2025 2231 2089 2286 ador·
2146 2220 2147 2239 ¹

452 2316 745 2390 ¹nimiustolerattumm
761 2327 841 2387 quam
853 2312 972 2368 hnselmi
987 2313 1138 2368 decessum.
1153 2313 1265 2370 Remis·
1316 2314 1403 2363 naret.
1691 2310 1701 2324 ”

464 2410 502 2467 sis
516 2423 583 2480 ergo
593 2402 735 2462 celerrime
749 2401 861 2470 nuntiis,
877 2409 936 2457 orat
949 2401 1037 2456 virum
1053 2400 1171 2472 sibiipsi
1194 2416 1262 2473 par·
1352 2397 1445 2467 ltaque
1458 2405 1518 2470 post
1532 2400 1600 2469 haec,
1616 2398 1635 2455 ii
1663 2401 1709 2473 qui
1737 2401 1859 2459 ecclesiis
1885 2419 1918 2462 aa
1944 2407 2089 2462 monasteriis
2146 2396 2147 2427 ⁴

463 2513 525 2556 cere
538 2512 570 2552 ac
579 2491 746 2551 omnimodis
755 2489 894 2562 indulgere
904 2490 999 2562 quieti.
1011 2489 1144 2560 Praecepit
1155 2506 1263 2563 quoque
1316 2500 1366 2556 pro
1381 2486 1515 2559 exigenda
1527 2488 1605 2561 regia
1619 2491 1735 2560 pecunia
1749 2490 1858 2550 luerent
1870 2494 2017 2564 intromissi,
2025 2497 2089 2567 ejecti
2146 2504 2147 2519 ¹

465 2595 496 2643 ut
511 2585 546 2643 de
561 2585 594 2638 iis
608 2598 669 2654 qum
684 2579 808 2650 suijuris
836 2579 863 2633 in
886 2579 1084 2634 Northmennin
1112 2587 1189 2635 erant
1211 2595 1262 2650 pro
1316 2582 1388 2644 sunt,
1403 2582 1430 2629 et
1443 2577 1568 2648 personis
1581 2579 1713 2650 cujusque
1728 2581 1850 2638 ecelesiae
1864 2600 1908 2639 res
1919 2584 1988 2640 intas
1999 2594 2092 2640 eterna

462 2673 680 2744 votoacciperet,
697 2675 725 2725 et
742 2667 793 2724 sibi
809 2682 841 2724 nc
855 2667 912 2722 suis
925 2666 1174 2724 eriudeministrari
1185 2667 1262 2723 sulli-
1316 2663 1352 2717 ud
1366 2679 1538 2722 communem
1558 2666 1701 2724 utilitatem
1716 2672 1926 2728 commendatae.
1938 2673 2091 2744 Presbpero·

461 2767 564 2824 eleuter
574 2761 695 2832 juberet,
710 2773 794 2830 seque
816 2758 845 2812 in
873 2757 997 2826 proximo
1027 2756 1262 2812 transfretaturum
1316 2767 1377 2806 mm
1392 2752 1474 2808 eliam
1484 2769 1584 2822 031153),
1597 2755 1668 2813 ὃῐῦιιῑ
1682 2773 1777 2831 regem
1799 2759 1933 2818 Anselmo
1960 2761 2094 2835 promisisse
2146 2803 2147 2832 ι

462 2857 632 2926 exspectaret
648 2867 655 2914 3
673 2863 730 2918 quo
751 2845 810 2916 ipso
838 2845 961 2916 gratioso
989 2852 1111 2917 accepto,
1153 2845 1264 2902 circiter
1316 2839 1444 2910 diximus,
1456 2841 1595 2914 dispositu
1607 2854 1680 2915 sunt,
1692 2854 1772 2920 atque
1786 2847 1814 2902 id
1836 2849 1926 2922 ipsum
1953 2858 2092 2924 pertulum
2146 2844 2147 2893 l

463 2935 674 3000 menseunoihi
688 2934 827 2991 remansit.
851 2932 976 3004 Mitigato
1003 2933 1100 2989 deinde
1132 2934 1264 3007 languore
1316 2945 1431 3000 regnum
1446 2929 1626 3005 divulgatum.
2146 2928 2147 2947 ³

465 3032 584 3088 beccum
600 3024 691 3094 rediit,
707 3030 784 3078 ratas
797 3021 849 3076 sihi
864 3020 1043 3092 opportunius
1071 3029 1098 3077 et
1119 3023 1264 3078 honestius
1351 3017 1409 3072 llex
1419 3019 1478 3090 ipse
1492 3019 1567 3077 inter
1580 3022 1641 3078 haee
1652 3025 1882 3084 Northmanniam
1897 3027 1948 3084 sibl
1964 3027 2029 3084 bello
2042 3026 2092 3082 snb
2146 2996 2147 3059 ι

461 3119 520 3178 lore
532 3115 590 3171 illic
603 3128 683 3186 quam
711 3110 778 3166 alins
795 3109 899 3182 regium
927 3109 1075 3180 prestolari
1103 3110 1261 3167 adrentum.
1316 3106 1373 3181 egit
1386 3106 1436 3178 (lt),
1452 3112 1479 3162 et
1492 3108 1521 3164 id
1535 3110 1662 3169 dnselmo
1681 3130 1732 3185 per
1759 3116 1919 3188 epistolam,
1947 3133 2022 3188 quam
2043 3130 2096 3172 ecce

462 3207 515 3265 Ubi
530 3203 656 3262 omnibus
668 3199 738 3255 ruira
749 3198 890 3256 alacritate
906 3197 941 3254 de
953 3198 1043 3254 reditu
1057 3199 1119 3270 ejus
1129 3200 1263 3255 exsultan·
1315 3193 1521 3264 subscribimus,
1536 3197 1706 3271 significarit.

460 3295 544 3365 tibus,
560 3307 626 3350 ecce
639 3287 815 3361 lacrymabile
829 3286 930 3342 malurn
941 3288 1168 3361 concussitatque
1191 3288 1261 3344 snb·
1354 3283 1528 3341 ellenricus
1553 3303 1599 3343 rex
1633 3291 1794 3365 dnglornm,
1819 3294 1954 3351 dnselmo
1993 3293 2093 3350 Cantna-
2146 3346 2147 3362 ,

461 3386 541 3445 vertit
554 3380 684 3457 gaudium
704 3378 811 3449 ipsum.
843 3376 913 3431 Nam
925 3382 980 3431 tam
995 3377 1088 3449 gravis
1114 3376 1260 3433 infirmitas
1317 3370 1401 3427 riensi
1415 3375 1628 3449 archiepiscopo,
1645 3380 1802 3438 salutemet
1816 3384 1975 3441 amicitiam.

463 3478 558 3534 iterum
573 3467 845 3528 invasitalnselmum
860 3472 889 3521 ιιι
904 3465 938 3521 de
962 3482 995 3521 eo
1023 3476 1122 3537 praeter
1142 3422 1301 3523 mortemC
1353 3463 1534 3519 «Patemitati
1549 3475 1577 3521 et
1591 3470 1726 3525 sanctitati
1736 3479 1832 3528 restrae
1846 3472 2030 3547 significamus
2051 3471 2097 3527 llo-

463 3563 529 3623 nihil
542 3568 769 3633 exspectaremus.
786 3554 928 3611 Conllnunt
944 3555 1068 3626 episcopi
1096 3564 1122 3611 et
1146 3556 1262 3612 abbates
1315 3549 1420 3605 bertum
1431 3553 1560 3609 comitem
1574 3556 1787 3627 northmannia,
1803 3577 1865 3617 cum
1881 3563 2006 3619 omnibus
2027 3560 2098 3631 eollil

462 3665 544 3713 terrae
559 3650 643 3719 illius,
659 3645 734 3703 acde
750 3646 844 3700 lunera
873 3644 932 3714 ejus
955 3644 1054 3715 quique
1084 3652 1260 3715 pertractant.
1316 3638 1429 3694 militum
1445 3650 1472 3696 et
1483 3643 1603 3713 peditum
1628 3662 1696 3718 quos
1720 3664 1800 3719 prece
1823 3658 1851 3707 et
1880 3652 1968 3723 pretio
1995 3651 2100 3706 adunare
2146 3627 2147 3688 Ὗ

462 3744 518 3801 Sed
532 3739 705 3811 omnipotens
721 3734 805 3803 Deus,
820 3748 868 3788 sua
882 3732 979 3803 pietate
992 3732 1080 3803 ipsum
1091 3742 1184 3789 contm
1198 3748 1262 3789 om·
1315 3728 1412 3798 potuit,
1428 3729 1473 3785 die
1488 3732 1627 3789 nominata
1650 3743 1676 3790 et
1704 3736 1885 3795 determinata
1911 3756 2014 3797 meeum
2049 3745 2101 3793 ante
2146 3721 2147 3798 l

465 3835 542 3891 nium
557 3828 713 3900 opinionem
726 3823 833 3879 sanitati
848 3822 972 3889 restituit,
984 3829 1009 3877 et
1034 3823 1133 3879 multos
1161 3836 1262 3896 magno
1316 3815 1559 3875 Tenemhebraium
1573 3823 1674 3879 acriter
1686 3841 1824 3897 pugnasse
1839 3828 1889 3899 (c),
1904 3838 1931 3885 et
1945 3828 2047 3885 tandem
2060 3824 2101 3880 snb
2146 3813 2147 3866 l

466 3920 565 3979 exinde
575 3915 676 3989 gaudio
690 3910 845 3969 laetificarit.
1316 3904 1502 3963 misericordia
1513 3910 1562 3965 bei
1578 3912 1700 3982 vicimus,
1716 3922 1744 3970 et
1757 3915 1817 3971 sine
1830 3917 1917 3973 multa
1930 3917 2101 3973 credenostro·
2146 3937 2147 3972 ι

500 3998 929 4081 lglturindssumptiouebeatae
954 4000 1045 4056 hlsriae
1070 4016 1117 4057 rex
1146 4001 1262 4058 Bcccum
1315 4008 1389 4049 mm.
1418 3994 1492 4065 Quid
1519 3997 1625 4067 plural
1658 4002 1757 4058 Divina
1791 4004 1985 4063 misericordia
2017 4004 2100 4060 ducent
2146 4015 2147 4030 ¹

462 4087 1057 4167 renit,celebratoqueabdnselmosnlemni
1086 4089 1178 4145 missae
1204 4089 1262 4145 olli·
1315 4082 1704 4145 Norlhfflaflssiaeelcofflllem
1717 4091 1862 4160 Μθιῑῑῦῐιίί.
1880 4102 1908 4149 el
1932 4093 2102 4151 willhelmum

467 4189 521 4255 cio,
536 4198 591 4239 una
606 4195 653 4237 rex
665 4177 768 4233 scilicet
796 4184 822 4233 et
847 4176 907 4247 ipsa
935 4182 1131 4246 convenerunt,
1156 4186 1181 4233 et
1203 4184 1263 4235 tan·
1315 4169 1479 4243 Crispinum,
1496 4182 1523 4229 θῑ
1537 4176 1726 4233 thlhelmlfflt
1740 4180 1919 4249 deFerreris‚
1931 4180 2102 4240 01R0bttl¹¹¹1¹

461 4277 524 4333 dem
538 4270 634 4330 omnin
644 4283 704 4340 quae
718 4266 779 4322 illos
792 4265 819 4321 in
833 4263 940 4321 diversa
954 4272 1090 4321 traxerant
1112 4282 1209 4337 pacem
1236 4273 1263 4323 et
1315 4258 1350 4313 de
1365 4260 1504 4319 Slulet'ille
1516 4279 1620 4335 senem,
1636 4273 1663 4321 et
1670 4267 1739 4324 alios
1757 4286 1843 4341 usqne
1866 4273 1904 4326 ad
1933 4270 2105 4344 quadringen-

468 4359 639 4423 pongoptjom
654 4358 825 4413 invenerunt.
842 4352 982 4425 Siquidem
998 4354 1134 4411 Ecclesiae
1157 4355 1263 4427 Angtiae
1316 4354 1358 4405 tos
1372 4347 1482 4420 milites,
1498 4360 1524 4407 ιι
1538 4352 1634 4410 ιιιιιιιι
1648 4354 1734 4411 ιιιιΙιιι
1748 4358 1870 4429 peditum
1885 4360 1915 4415 in
1929 4374 2029 4415 manus
2048 4372 2102 4413 nos·

463 4468 531 4530 quaa
544 4447 711 4506 Wilbelmus
725 4460 774 4500 rex
790 4444 883 4499 lratrer
899 4442 973 4515 regis
987 4443 1097 4501 llenrici
1121 4444 1172 4499 sub
1200 4459 1262 4500 cen·
1316 4442 1381 4506 tres,
1398 4439 1654 4498 etNorthmnnniam
1663 4445 1747 4501 dedit.
1762 4446 1804 4503 De
1818 4447 1873 4503 illis
1884 4458 1977 4506 autem
1988 4446 2106 4519 quosgla·

464 4558 534 4607 gum,
551 4546 581 4595 ut
604 4537 687 4607 longe
715 4530 839 4603 superins
862 4530 952 4601 retuli,
981 4531 1084 4603 primus
1106 4532 1261 4606 redegerat,
1315 4523 1377 4580 dius
1391 4528 1516 4597 peremit,
1531 4546 1586 4587 non
1600 4539 1642 4587 est
1655 4549 1794 4590 numerus.
1807 4536 1865 4594 lion
1880 4546 2039 4593 autemnon
2059 4536 2104 4589 ela·
2146 4569 2147 4602 ι

464 4632 565 4689 phem
579 4625 614 4682 ab
628 4624 726 4681 eadem
742 4620 886 4677 exactione
895 4635 943 4675 rex
966 4621 994 4673 in
1023 4636 1119 4677 marrus
1140 4622 1260 4678 anselmi
1316 4612 1382 4669 honi
1398 4616 1442 4671 vel
1457 4619 1630 4690 arrogantiae,
1646 4637 1696 4677 nec
1711 4623 1815 4679 uiribus
1840 4626 1912 4683 meix
1941 4626 2041 4696 tribuo,
2068 4621 2107 4678 sed
2146 4617 2147 4700 J

460 4718 591 4786 reddidit,
606 4718 634 4772 et
649 4728 678 4769 se
693 4712 728 4767 de
742 4708 819 4781 ipsis,
837 4709 899 4763 dum
917 4708 1028 4777 vireret,
1045 4709 1109 4765 nihil
1129 4720 1259 4783 acceptu.
1316 4700 1388 4759 dono
1404 4702 1504 4762 divinae
1518 4708 1707 4778 dispositionis
1723 4710 1852 4779 attribuo,
1872 4716 2013 4785 quocirca,
2036 4716 2106 4769 Pater
2146 4765 2147 4768 ,

458 4828 517 4872 mm
534 4804 654 4879 quandiu
668 4806 759 4858 essent
775 4799 836 4853 stne
850 4804 967 4868 pastore,
984 4798 1117 4869 promisit,
1135 4799 1186 4856 1210
1201 4816 1255 4872 pe.
1272 4782 1297 4843 b
1312 4793 1468 4862 reverende,
1484 4796 1579 4868 suplex
1605 4806 1633 4853 et
1659 4799 1773 4856 devotus
1795 4802 1913 4874 genibus
1936 4812 1992 4860 tuas
2020 4800 2108 4859 sancti

458 4899 540 4960 cunia
554 4902 645 4953 numm
661 4905 743 4963 quam
758 4902 773 4944 a
788 4885 967 4959 presbyteris,
984 4894 1012 4942 ut
1026 4888 1132 4957 praetati
1155 4904 1257 4961 sumus,
1313 4880 1375 4935 tatis
1389 4881 1533 4940 advolutus
1544 4893 1571 4942 ιι
1593 4887 1727 4959 deprecor
1751 4896 1781 4945 ut
1808 4906 1959 4962 snpemurn
1982 4892 2106 4962 judicem,
2146 4947 2147 4966 2

457 4992 609 5060 acceperet,
624 4975 1099 5047 eamemendationemspnpondilut
1111 4976 1181 5048 liqui
1190 4993 1257 5034 non·
1311 4968 1391 5040 qu'as
1405 4970 1518 5030 arbitrio
1532 4976 1707 5033 etvoluntute
1721 4977 1873 5051 triumphus
1896 4982 1951 5037 iste
1978 4985 2034 5037 tam
2057 4980 2108 5053 glo·
2146 4977 2147 4988 ¹

459 5080 524 5136 dnm
536 5064 1009 5142 indeouiddederantnihildarent,
1022 5066 1105 5137 etqui
1123 5066 1256 5123 dederant
1309 5058 1397 5115 sinsus
1411 5068 1438 5116 et
1452 5061 1524 5118 utilis
1536 5064 1603 5119 mihi
1616 5065 1742 5139 contigit,
1765 5068 1923 5139 depreceris
1947 5077 1977 5126 ug
2004 5086 2058 5127 „011
2077 5068 2108 5124 ,ir

458 5160 630 5227 tribusanuis
640 5173 688 5213 sua
698 5154 789 5213 omnia
799 5154 827 5209 in
838 5168 903 5226 pace
918 5161 943 5210 et
958 5153 1048 5225 quiete
1063 5154 1148 5210 libera
1162 5156 1254 5226 possi-
1308 5147 1416 5204 mihiad
1423 5149 1553 5207 damnum
1560 5152 1797 5226 etdetrimentunt,
1808 5157 1859 5213 sed
1868 5160 1904 5215 ad
1913 5158 2022 5215 initium
2030 5158 2108 5215 bono

456 5250 811 5316 derentcunntareroqnae
820 5241 855 5297 de
863 5242 1254 5315 archlepisenpatn,exsulante
1307 5241 2108 5313 rumopemmetserritiiDei,etsanctreDeiEcclesiaestatn

1110 5392 1325 5453 neusctturttt
1344 5390 1457 5452 NOTAE.

489 5565 527 5636 (n)
543 5556 845 5632 Gemmeticnm,rulgu
855 5557 981 5637 tumidae
1007 5552 1092 5637 ¹¹¹le
1108 5552 1256 5637 liothoma-
1309 5562 1410 5626 censet,
1427 5552 1466 5611 uti
1480 5561 1509 5611 et
1520 5550 1614 5613 Simon
1629 5554 1819 5617 Dnnelmensis
1832 5558 1938 5643 aliique
1952 5559 2009 5621 scri
2029 5564 2109 5619 tores.

452 5652 520 5717 gum
536 5654 543 5693 r
559 5632 750 5692 monasterium
766 5626 951 5701 amplum,ub1
960 5641 1024 5683 vero
1033 5627 1255 5685 srmrhternavim
1345 5626 1530 5700 (c)hloritonii
1543 5626 1648 5685 comitis
1662 5637 1779 5687 castrum
1795 5633 1848 5691 hoc
1863 5632 1915 5689 luat
1959 5651 1977 5691 n
2041 5633 2112 5690 obsi·

452 5720 650 5771 conscensurus
660 5712 718 5761 erat
729 5704 757 5759 in
770 5700 898 5781 dugliam
904 5696 1079 5771 trajiciendos
1100 5700 1255 5756 llnselmus.
1309 5696 1417 5781 dentem
1432 5715 1461 5755 re
1483 5713 1525 5754 ern
1540 5701 1665 5773 aggressi
1679 5700 1769 5759 hostes
1783 5703 1811 5758 in
1826 5702 1920 5777 uigilia
1934 5650 1965 5762 ξ,
1995 5706 2110 5761 michae.

487 5773 826 5855 (dllnautnmnoejusdem
837 5786 900 5829 anm
909 5770 987 5853 ttae..
997 5769 1114 5851 Cpnaule
1138 5768 1255 5853 Qrderi-
1309 5768 1353 5837 lis,
1368 5778 1449 5855 ratam
1463 5714 1498 5826 de
1512 5786 1542 5827 se
1556 5771 1697 5828 uictoriam
1715 5772 1829 5849 dedere,
1844 5783 1874 5836 ut
1886 5776 1989 5835 scribit
1998 5778 2055 5851 jam
2069 5776 2109 5834 ci·

450 5868 515 5915 num
527 5848 640 5912 vitalem
656 5848 692 5907 ad
705 5846 805 5905 datum
813 5840 984 5916 annum,ubr
992 5848 1073 5899 etiam
1082 5850 1208 5917 captivos
1215 5857 1256 5899 re·
1310 5848 1380 5901 tatus
1392 5840 1488 5901 simon
1501 5838 1701 5903 panamensis,
