4750 6725
930 581 976 638 AD
992 581 1106 638 OPERA
1121 579 1153 638 S.
1172 576 1323 640 tavsntttl
1338 582 1525 641 nrt‘naotx.
2001 592 2054 647 324

397 708 475 776 ratio,
491 716 518 763 et
540 707 633 764 matris
660 705 814 778 conceptio,
840 707 969 776 quoniam
999 706 1139 777 conceptio
1168 715 1196 762 et
1209 709 1236 769 tt
1251 709 1302 764 bus
1316 713 1390 767 curis
1404 721 1430 767 et
1445 727 1462 766 a
1475 711 1578 766 cunctis
1592 711 1672 766 malis
1686 727 1844 770 mereamur
1863 713 1943 785 en'pi,
1964 722 1992 770 et
2020 715 2056 770 ad

397 795 522 852 nativitas
536 797 631 850 matris
645 795 786 868 generatio
802 802 840 849 est
855 793 914 848 tilii.
938 795 1111 850 Celebremus
1139 795 1195 866 igi·
1250 800 1466 871 aeternagaudia
1486 801 1612 869 perduci,
1637 810 1783 872 prestante
1812 802 1930 858 Domino
1959 811 2055 859 nostro

399 891 443 940 tur
458 885 645 956 (dilectissimi)
658 884 739 940 lrodie
753 882 843 956 dignis
858 879 954 937 otticiis
969 891 1110 954 utramque
1137 883 1197 953 ejus
1249 888 1312 942 Jesu
1327 888 1433 942 Christo
1448 888 1516 943 Filio
1530 888 1600 956 ejus,
1617 889 1662 958 qui
1678 891 1863 945 cunrl’atreet
1877 890 1983 960 Spiritu
1993 907 2056 946 san·

400 970 991 1042 conceptionemvenerubilem,spiritualem
1020 971 1151 1026 videlieet
1169 979 1196 1026 et
1249 976 1909 1048 otorivitetregnotDeusperintinitasaecula
1933 978 2053 1036 saeculo·

398 1065 556 1128 humanam,
571 1067 600 1114 ut
614 1059 696 1129 ipsius
713 1058 814 1112 meritis
827 1065 853 1112 et
869 1057 1002 1130 precibus,
1016 1075 1032 1113 a
1054 1059 1195 1114 saeculari·
1249 1067 1430 1120 nunnamen.

400 587 450 640 323

1057 1319 1398 1416 MIRACULUM

867 1493 924 1559 on
944 1492 1232 1562 nonnarrtonn
1253 1497 1423 1562 smera
1446 1498 1597 1564 nanim

962 1628 1017 1698 (En
1031 1645 1083 1684 ms.
1100 1628 1176 1685 Gom.
1191 1627 1337 1686 tleticcnsi
1351 1645 1374 1686 c.
1391 1629 1430 1686 ⁴0
1443 1629 1495 1698 ⁸⁸⁸.)

1085 1786 1348 1814 'm

431 1947 469 2002 Eo
485 1953 667 2016 temporequo
691 1941 857 2011 willelmus,
887 1941 1108 1996 Narmannorum
1137 1939 1192 1994 dux
1207 1946 1234 2005 Β
1249 1957 1351 2012 nesque
1366 1943 1411 2012 qui
1428 1943 1456 1998 in
1470 1943 1533 1999 navi
1548 1943 1780 2000 erauttormidine
1794 1944 1919 2014 replevit.
1939 1945 2049 2001 Timore

394 2033 606 2108 potentissimus,
635 2037 767 2103 Pl⁰⁵²f³i⁰
796 2028 947 2102 intimum
970 2044 1035 2101 less⁰
1062 2029 1191 2096 ¹¹0ffl1d02
1248 2033 1433 2107 igiturmortis
1446 2033 1556 2088 contriti
1579 2033 1748 2105 nimiumque
1775 2033 1924 2103 perterriti,
1953 2049 2050 2104 preces

395 2118 682 2196 ipsosltngelosbello
710 2126 817 2173 strenue
836 2115 988 2189 superando
1017 2116 1068 2170 sibi
1097 2115 1192 2185 subja·
1247 2121 1657 2192 cumlacrgmisDeoiundunt,
1673 2129 1742 2178 etse
1757 2121 1877 2192 graviter
1896 2121 2048 2194 deliquisse

396 2219 480 2278 cerat,
496 2208 715 2282 quidamabbas,
740 2207 848 2262 Elsinus
876 2206 996 2272 nomine,
1019 2205 1047 2260 iu
1076 2204 1193 2260 ecclesia
1249 2211 1440 2267 miserabiliter
1453 2218 1579 2282 gemunt.
1609 2209 1640 2264 ln
1670 2217 1744 2265 tauto
1768 2210 1925 2266 discrimine
1952 2211 2051 2280 positis

396 2298 580 2372 apostolorum
596 2295 664 2350 Petri
680 2303 707 2350 et
722 2295 800 2350 Pauli
814 2295 959 2364 Samiique
973 2293 1193 2366 augustinian·
1247 2300 1355 2370 majore
1382 2299 1502 2370 pericula
1529 2307 1713 2367 occurrerunt,
1739 2315 1856 2371 namque
1884 2306 1971 2370 syrtes
1993 2315 2052 2370 pm

395 2387 502 2462 glorum
517 2384 632 2456 apostoli
651 2383 797 2447 residebat,
814 2383 840 2437 in
856 2399 909 2454 qua
920 2382 1131 2452 ecclesiaipsius
1141 2384 1194 2436 rtu-
1247 2389 1333 2444 oeulis
1347 2387 1489 2457 aspiciunt,
1505 2387 1954 2458 quasnaucterisegm1ngdjcum,
1971 2388 2050 2444 Tunc

394 2476 494 2550 Βῦὓῑῑῡῑ
510 2482 725 2544 citior⁰f1¹¹¹¹tlue
740 2470 1194 2542 archielli⁵⁰⁰l³⁰t11ffl0⁰flt⁰f¹²⁵tbi
1248 2477 1337 2549 magis
1352 2475 1427 2530 anxii
1455 2484 1480 2530 et
1494 2476 1570 2530 dubii
1584 2476 1657 2533 velut
1671 2476 1700 2530 in
1722 2483 1809 2532 morte
1835 2475 1917 2547 positi
1941 2477 2049 2532 clama-

395 2563 597 2622 sucoedentinm
613 2560 794 2630 requiescunt.
812 2560 862 2615 llic
876 2560 967 2629 itaque
981 2559 1090 2614 Elsiuus
1114 2559 1195 2613 certis
1247 2565 1314 2620 bant
1328 2565 1362 2619 ad
1376 2564 1463 2619 Deum
1478 2563 1586 2620 fortius,
1602 2564 1626 2620 0
1641 2564 1714 2619 Deus
1729 2563 1950 2632 clementissime,
1968 2565 2049 2620 μαιω-

395 2671 429 2711 ex
456 2651 545 2708 causis
572 2650 598 2705 in
626 2647 825 2703 Ramesieosem
852 2647 998 2703 Ecclesiam
1041 2651 1192 2717 promotus,

394 2742 510 2799 Dortiino
524 2741 586 2794 Jesu
597 2737 703 2793 Christo
718 2737 902 2805 devotissime,
919 2736 1109 2804 tumulabatur,
1121 2736 1193 2806 ejus·

394 2848 445 2904 que
460 2828 629 2902 genitricem,
645 2825 786 2882 servitium
804 2825 864 2896 ejus
893 2823 1017 2880 iaciendo
1043 2824 1191 2880 devotissi-

394 2936 448 2986 me,
464 2915 652 2974 venerebatur.
669 2913 787 2984 Contigit
801 2921 891 2967 autem
925 2919 954 2968 ut
977 2911 1117 2968 Danomm
1132 2928 1193 2982 rex,

393 3007 490 3064 andita
505 3003 617 3060 Hereldi
628 3009 715 3057 morte
729 3001 934 3074 ltnglorumque
949 3000 1128 3070 subiectione,
1141 3016 1191 3056 ve-

393 3095 493 3152 nirein
514 3093 642 3166 dngliam
667 3097 825 3162 properaret
850 3097 877 3144 et
904 3103 953 3144 sno
984 3105 1043 3144 eam
1072 3089 1193 3144 dominio

393 3184 548 3256 subjugare,
569 3187 700 3252 prostrato
715 3177 862 3234 Guillclmo
878 3193 952 3234 novo
979 3193 1055 3250 rege,
1078 3184 1107 3232 ut
1135 3178 1194 3248 ipse

1248 2653 1454 2718 misericordiae,
1463 2652 1578 2723 dignare
1593 2668 1643 2709 nos
1656 2653 1794 2722 respicere
1807 2668 1909 2708 mersos
1920 2669 1970 2724 pro
1984 2669 2050 2708 nos·

1247 2749 1290 2798 tro
1306 2742 1431 2798 crimine.
1449 2741 1571 2812 Respice,
1587 2741 1809 2809 clementissime,
1838 2740 1873 2797 dc
1901 2741 1966 2796 sede
1995 2749 2048 2797 tnae

1247 2829 1354 2902 gloriae,
1378 2829 1462 2884 visits
1489 2844 1540 2884 nos
1560 2829 1619 2899 jam
1647 2828 1749 2900 positos
1763 2829 1791 2883 in
1827 2837 1948 2885 extremo
1986 2829 2051 2887 vitas

1248 2917 1385 2990 periculo.
1404 2918 1475 2972 assit
1489 2933 1562 2974 nnnc
1575 2928 1621 2973 tua
1631 2918 1733 2989 gratis!
1744 2919 1811 2973 assit
1822 2917 2049 2990 tuabenignitasl

1247 3007 1315 3061 assit
1328 3005 1563 3062 maximabonitas
1579 3008 1586 3061 l
1602 3007 1685 3062 assint
1705 3007 1778 3062 bona
1804 3007 1922 3078 gratuita
1949 3005 2046 3063 douai

1247 3095 1380 3152 Succurre
1394 3095 1473 3150 nobis
1501 3095 1615 3163 miseris,
1642 3094 1730 3166 pietas
1758 3093 1914 3163 ineffabilis,
1931 3109 1966 3152 ne
1995 3111 2048 3152 nos

1247 3183 1356 3240 sorbeat
1370 3182 1574 3240 internusounc
1601 3198 1651 3254 pro
1679 3183 1779 3238 nostris
1801 3183 1972 3240 criminibus.
1997 3184 2046 3240 Pie

392 3274 550 3338 testabatur,
561 3269 647 3340 ipsius
662 3277 740 3324 terras
753 3267 872 3333 invasor,
888 3273 914 3321 ct
938 3281 998 3321 eam
1026 3265 1057 3320 in
1086 3280 1189 3336 perpe·
1204 3304 1229 3369 C
1247 3272 1329 3338 Deus,
1346 3272 1541 3344 cognoscimus
1550 3271 1623 3344 quod
1634 3272 1754 3344 graviter
1767 3271 2050 3343 deliquimus,pejora

393 3372 448 3421 tum
462 3359 620 3435 possideret.
638 3355 697 3426 Quo
713 3355 815 3422 fludilO.
844 3354 1004 3411 Guillclmus
1028 3354 1062 3411 td
1090 3354 1187 3410 desen·
1243 3362 1464 3429 commeruimus,
1480 3362 1543 3433 qnia
1565 3362 1680 3417 multum
1707 3362 1893 3433 peccavimus.
1923 3362 2051 3435 Benigne

391 3452 510 3508 nendum
526 3464 556 3503 se
567 3447 738 3519 preparavit,
754 3452 779 3499 et
800 3460 833 3499 ex
861 3443 1113 3515 circumjacentibus
1140 3458 1186 3497 re·
1243 3456 1288 3505 tua
1302 3449 1390 3522 gratia
1404 3448 1549 3505 latentibus
1562 3449 1712 3521 indulgeat,
1729 3450 1846 3505 latemur
1866 3458 1960 3507 nostra
1987 3450 2048 3507 cri-

391 3538 520 3615 gionibus
534 3537 633 3591 milites
648 3532 863 3605 quamplurimos
878 3532 1065 3606 congregavit,
1091 3540 1126 3599 et,
1156 3538 1186 3587 ut
1242 3537 1326 3606 mina,
1339 3546 1366 3592 tu
1377 3536 1438 3593 dele
1452 3545 1497 3591 tna
1510 3537 1608 3609 gratia.
1634 3536 1687 3606 Qui
1704 3536 1851 3609 promisisti
1871 3537 1977 3593 miseris
1993 3555 2050 3611 qua

392 3638 449 3687 erat
463 3626 587 3687 collidus,
598 3624 677 3679 nrbes
690 3638 722 3679 ac
737 3622 847 3677 castella
857 3620 1040 3676 strenuissime
1062 3619 1186 3687 rrrunivit,

390 3727 417 3775 ct
430 3716 556 3775 omnibus
570 3710 732 3769 necessariis
744 3710 950 3782 opulentissime
966 3708 1089 3780 replevit.
1112 3709 1186 3765 Cou-

390 3808 451 3863 srlio
466 3806 556 3875 itaque
568 3802 643 3869 inito,
660 3798 824 3856 Guillclmus
848 3814 896 3853 rex
918 3814 980 3853 cum
1009 3798 1187 3867 optimatibus

390 3894 445 3951 suis
458 3890 674 3948 strenuissimum
690 3887 817 3943 abbatem
834 3886 966 3950 Elsinum,
982 3885 1017 3940 de
1033 3901 1086 3956 quo
1099 3902 1129 3939 sn
1137 3901 1187 3955 pra

390 3981 538 4045 retulimus
555 3978 583 4031 in
612 3976 723 4032 Daciam
751 3974 835 4040 misit,
863 3981 892 4027 nt
919 3972 1033 4030 consilia
1062 3972 1186 4043 ipsorum

390 4078 416 4125 et
431 4066 641 4137 actadiligenter
655 4061 809 4133 inquireret,
826 4068 852 4114 et
873 4076 967 4115 eorum
999 4061 1026 4115 in
1059 4060 1186 4133 Angliam

389 4156 546 4217 adventum,
565 4159 644 4223 prout
660 4155 763 4221 posset,
790 4152 935 4203 ev'erteret.
962 4151 1079 4202 ascensa
1106 4148 1188 4219 igitur

390 4258 491 4317 puppe,
521 4253 651 4313 prospero
678 4245 760 4293 vento
788 4235 879 4305 osen,
908 4236 937 4289 in
959 4235 1071 4291 Daciam
1100 4236 1185 4304 venit,

390 4333 529 4406 ipsiusque
546 4338 624 4385 terrm
640 4342 670 4382 se
684 4325 740 4397 regi
749 4323 930 4395 praesentavit,
941 4332 968 4379 et
981 4324 1083 4379 salutes
1090 4340 1121 4381 ac
1128 4341 1186 4380 mu·

1241 3625 1311 3681 hors
1333 3625 1516 3696 ingemuerint
1534 3634 1559 3681 et
1573 3625 1657 3681 corde
1671 3626 1841 3696 paenituerint
1869 3627 1960 3682 salvos
1984 3643 2048 3699 pro·

1241 3709 1385 3775 tinnssteri,
1400 3727 1479 3781 parce
1494 3727 1564 3765 nune
1575 3710 1773 3780 confitentibus,
1789 3710 1918 3766 miserere
1931 3728 2047 3783 gemen-

1242 3799 1323 3864 tibus,
1340 3799 1468 3854 miserere
1482 3814 1554 3855 nunc
1568 3798 1695 3855 tlentibus
1707 3808 1734 3854 et
1756 3815 1820 3855 vere
1841 3799 2044 3871 paenitentibus.

1241 3888 1333 3955 biario,
1349 3888 1435 3943 llater
1448 3886 1568 3955 Domini,
1591 3902 1638 3943 ora
1666 3903 1714 3958 pro
1743 3888 1823 3943 nobis
1851 3888 1967 3957 miseris,
1989 3896 2038 3944 tuo

1241 3975 1319 4041 Filio,
1340 3974 1493 4041 odomina,
1509 3974 1673 4031 commenda
1688 3983 1780 4031 nostra
1807 3975 1928 4031 tlamina.
1951 3976 2040 4031 Nam-

1242 4081 1294 4136 qne
1309 4064 1376 4119 mari
1389 4072 1452 4119 suot
1467 4064 1562 4119 tradita
1588 4063 1686 4119 misera
1712 4071 1805 4121 nostra
1828 4079 1955 4136 corpora,
1982 4073 2045 4122 tuns

1241 4153 1325 4207 Filius
1339 4153 1445 4207 animas
1460 4152 1488 4206 in
1501 4151 1624 4225 requiem
1638 4153 1783 4222 suscipiat.

1277 4242 1343 4295 Cum
1370 4240 1454 4313 igitur
1481 4239 1616 4310 desperati
1643 4241 1683 4297 sic
1711 4242 1871 4307 clamarent,
1893 4241 2040 4313 quemdam

1241 4328 1442 4401 pontificalibus
1453 4325 1573 4383 vestibus
1587 4338 1710 4384 ornatmn
1723 4329 1802 4398 juxta
1817 4330 1906 4384 navim
1915 4331 2044 4387 assistere

390 4437 457 4480 nero
469 4428 549 4492 utque
559 4416 712 4473 servitiaex
727 4411 867 4470 Guillclmi
889 4412 963 4485 regis
985 4422 1060 4483 parte
1078 4412 1186 4469 obtulit.
1242 4417 1343 4485 vident,
1358 4417 1405 4488 qui
1420 4416 1542 4471 lilsinnm
1556 4416 1684 4472 abbatem
1705 4418 1814 4489 proprio
1835 4419 1947 4473 nomine
1963 4434 2043 4475 com-

388 4510 492 4567 Deinde
513 4506 615 4575 omnia,
631 4514 660 4561 ut
674 4502 725 4559 sibi
739 4502 849 4572 jussum
859 4492 1110 4572 luerat,inquisivit,
1122 4503 1187 4574 qnid
1240 4504 1356 4577 pellens,
1373 4506 1424 4560 hoc
1437 4503 1463 4560 ei
1472 4504 1573 4572 retulit,
1586 4504 1709 4575 inquiens
1725 4522 1731 4559 :
1749 4504 1772 4561 0
1787 4508 1829 4572 tu,
1845 4505 1917 4561 abba
1931 4506 2042 4577 Elsine,

387 4600 507 4656 dicerent
521 4602 547 4652 et
562 4592 700 4667 quomodo
709 4597 866 4663 satagerent
877 4590 1046 4661 percunctari
1056 4606 1108 4645 non
1121 4591 1186 4645 des·
1241 4592 1303 4647 veni
1319 4598 1473 4663 surgenset
1488 4608 1596 4647 meeum
1619 4593 1744 4663 loquere.
1773 4593 1846 4649 Dum
1871 4601 1978 4661 antem,
2007 4596 2044 4652 ad

387 4686 447 4742 titit.
459 4686 605 4754 Postquam
615 4688 704 4735 autem
715 4677 807 4735 omnia
830 4686 940 4749 propter
959 4690 1019 4751 qnae
1038 4677 1103 4733 illuc
1130 4686 1187 4733 erat
1200 4654 1227 4715 D
1242 4679 1400 4735 mirantibus
1427 4679 1553 4735 omnibus
1576 4696 1701 4750 quaenam
1728 4690 1799 4735 esset
1821 4696 1942 4753 persona
1980 4682 2043 4753 illa,

386 4772 571 4831 strenuissime
579 4768 733 4840 complevit,
755 4781 936 4837 proceresque
956 4774 1032 4821 terrae
1060 4766 1187 4822 muneri-

386 4863 436 4919 bus
445 4858 618 4933 etpromissis
632 4856 763 4924 oneravit,
781 4854 809 4909 in
821 4853 947 4927 angliam
961 4854 1068 4925 regredi
1095 4855 1191 4924 voluit,

386 4950 435 5007 sed
467 4966 515 5005 rex
545 4947 635 5002 Daciae
667 4959 761 5001 secum
795 4942 872 4998 illum
911 4944 1021 5015 regredi
1053 4944 1187 5015 permisit.

385 5037 438 5108 Qui
453 5052 523 5092 mox
539 5051 603 5092 cum
616 5034 698 5089 sociis
714 5048 811 5089 navem
829 5032 998 5089 conscendit.
1015 5033 1127 5088 Nature
1141 5032 1191 5106 igi,

386 5136 431 5184 tur
441 5123 568 5197 aplustria
579 5121 820 5195 collegerunt,etin
832 5121 916 5176 altum
930 5120 1045 5177 carbasa
1060 5120 1188 5178 extende-

385 5221 457 5282 runt,
477 5228 508 5269 ao
522 5227 571 5283 per
584 5212 726 5267 trementia
737 5225 848 5281 equora
862 5209 961 5265 itinera
983 5209 1151 5265 direxerunt.

420 5303 490 5357 Dum
506 5300 597 5373 itaque
611 5298 728 5371 peralta
750 5298 832 5354 maris
856 5305 1010 5369 pergerent,
1036 5298 1188 5354 contrarius

383 5398 480 5455 teottts
494 5390 533 5448 cis
547 5388 670 5460 surrexit,
695 5402 771 5445 marc
793 5385 914 5443 funditus
942 5387 1100 5458 commovit,
1126 5402 1188 5443 om·

1241 4770 1326 4825 abbas
1340 4768 1447 4823 Elsinns
1459 4768 1630 4835 surrexisset,
1644 4767 1758 4839 pretate
1777 4785 1904 4841 persona,
1921 4777 1950 4825 ut
1977 4785 2043 4827 cre-

1242 4857 1341 4927 dimus,
1361 4856 1488 4930 angelica
1501 4858 1560 4911 baec
1579 4856 1604 4911 ei
1618 4854 1678 4911 iniit
1695 4874 1702 4911 ε
1718 4856 1748 4912 Si
1762 4856 1802 4913 vis
1816 4873 1899 4913 sanus
1906 4856 2042 4931 elingere,

1243 4945 1266 4999 si
1279 4946 1320 5002 vis
1334 4952 1451 5000 mortem
1465 4944 1590 5012 evadere,
1606 4942 1676 4999 siris
1691 4943 1806 5015 patriam
1820 4959 1932 5001 cernere
1960 4953 2039 5001 tuos·

1243 5049 1296 5105 qne
1310 5035 1380 5088 lares
1392 5032 1492 5101 visere,
1508 5030 1637 5103 promitte
1650 5030 1807 5087 fidelissime
1831 5032 1912 5087 lintri
1940 5032 2040 5091 Christi

1242 5120 1372 5193 piissime
1399 5130 1424 5177 ta
1457 5121 1591 5178 iacturum
1629 5119 1814 5190 percelebrem
1852 5119 2040 5193 conceptionis

1242 5208 1329 5281 ipsius
1343 5208 1440 5265 testum
1454 5208 1537 5276 diem,
1553 5207 1579 5262 in
1595 5222 1649 5279 qua
1663 5208 1721 5279 ipsa
1735 5208 1819 5281 Virgo
1834 5208 2040 5281 incomparabi-

1242 5297 1275 5353 lis
1288 5297 1340 5353 Dei
1353 5296 1444 5353 lutura
1458 5296 1593 5364 Genitrix,
1609 5295 1637 5350 in
1652 5296 1714 5353 alvo
1729 5298 1963 5369 matriaconcepta
1977 5298 2042 5368 tuit,

1241 5394 1269 5444 et
1281 5386 1378 5445 doceto
1392 5401 1570 5460 quoscunque
1583 5385 1712 5459 potueris,
1722 5394 1752 5442 ut
1765 5385 1952 5460 percelebrem
1966 5386 2041 5446 diem

1017 5537 1132 5596 tanta
1147 5536 1355 5597 tncrtontts.

417 5667 446 5700 ¹¹⁸
458 5669 490 5725 ln
505 5666 600 5725 eodem
614 5680 667 5721 ms.
684 5658 781 5719 eodem
791 5658 955 5719 elraractere
966 5663 1074 5736 scriptu
1090 5664 1226 5737 teguntur
1237 5665 1324 5737 ploro
1337 5666 1397 5723 alia
1407 5663 1548 5722 miracala
1564 5664 1593 5720 Β.
1610 5663 1706 5721 Narin
1726 5661 1858 5737 praeibas
1871 5664 1960 5734 edito,
1976 5678 2039 5739 ono

382 5760 440 5800 non
459 5740 575 5811 majoris
586 5740 655 5793 sant
667 5734 743 5803 fidoi,
754 5735 831 5790 inter
839 5735 897 5790 bec
910 5750 1000 5791 onam
1016 5739 1058 5791 est
1072 5752 1105 5791 ac
1120 5736 1262 5793 abbatissa
1276 5737 1506 5793 sanctimonialis
1527 5753 1589 5809 qao
1603 5752 1669 5793 cam
1694 5735 1870 5808 virginitatis
1890 5741 1919 5793 et
1943 5740 2037 5795 costi·

382 5816 450 5871 totta
466 5812 599 5868 violasset
608 5806 785 5880 propositam
799 5810 826 5864 et
837 5820 988 5883 pregnans
1002 5806 1032 5867 o.
1048 5806 1143 5869 tlarte
1157 5819 1326 5885 sampsaeos
1335 5806 1482 5885 tonderet,
1494 5807 1526 5869 oi
1548 5824 1581 5869 co
1591 5804 1844 5869 obstetricantibus
1867 5807 1949 5869 retas
1977 5824 2036 5871 nn·

381 5885 452 5965 potis
467 5878 591 5943 liberato
605 5880 658 5939 ost.
