4750 6725
424 572 475 629 ετ(
969 560 998 619 S.
1017 556 1176 617 HUGONlS
1195 556 1345 613 labaris
1362 554 1520 615 ababuc.
2021 574 2084 627 872

425 696 490 752 dnm
517 706 611 749 eorum
635 695 662 746 et
688 703 830 744 occursum
861 685 1023 755 abhorruit,
1049 688 1078 741 at
1104 680 1459 743 osculumAcommissum
1482 698 1543 740 esse
1556 683 1584 739 in
1598 684 1725 744 coenohio
1740 686 1769 744 S.
1785 688 1907 747 Marcelli
1921 692 1993 763 (36),
2009 696 2091 765 qnod

423 780 582 840 declinavit.
613 777 747 835 Nimirum
771 776 867 847 spiritu
891 775 1008 832 docente
1028 774 1163 831 didicerat
1189 788 1222 827 os
1276 778 1387 827 catanus
1407 770 1557 828 obductum
1578 772 1695 843 silentio,
1712 777 1862 835 monastica
1881 782 2089 838 succidendum

421 870 542 929 hominis
570 869 679 940 plenum
698 865 875 937 blasphemie
891 872 919 921 et
936 862 1150 935 spurcitiarum,
1170 874 1223 917 nec
1276 866 1348 915 essct
1381 857 1536 931 disciplina.
1565 860 1705 919 Excitatus
1730 864 1773 919 his
1800 866 1850 921 Dei
1887 884 2000 934 servus,
2030 870 2090 927 iter

422 958 550 1017 idoneum
573 953 647 1026 quod
662 953 740 1024 picis
763 952 858 1009 omnio
879 949 1038 1009 semuallei
1052 950 1221 1023 dignaretur.
1276 947 1387 1017 arripit;
1415 953 1444 1003 et
1468 948 1606 1023 ingressus
1628 952 1831 1023 monasterium,
1848 957 2089 1025 quemadmodum

422 1044 582 1103 ilirantibns
596 1042 642 1099 his
655 1042 702 1115 qui
715 1040 867 1097 aderantet
881 1040 921 1096 rei
935 1041 1055 1097 novitate
1072 1036 1221 1109 suspensis,
1275 1050 1328 1105 pei·
1350 1035 1481 1091 visionem
1504 1036 1649 1108 didicerat,
1673 1054 1731 1095 reni
1756 1041 1796 1097 sic
1815 1041 1918 1100 hahere
1936 1047 2086 1119 cognovit.
2165 1118 2166 1121 Ἴ

409 1128 502 1207 ,quam
515 1132 600 1187 mise,
620 1130 667 1187 me
688 1129 809 1187 dumi
822 1129 917 1198 priam,
930 1128 995 1200 quid
1009 1133 1118 1201 gereret
1132 1127 1221 1182 devo·
1275 1122 1520 1197 Adhibita-itaque
1540 1125 1646 1181 vulneri
1674 1127 1820 1197 medicina,
1836 1128 2016 1188 inveteratam
2036 1138 2087 1191 at·
2165 1132 2166 1139 ἶ

420 1222 502 1280 rionis
529 1219 662 1277 familiari
689 1218 845 1289 colloquio,
873 1218 948 1273 idem
976 1215 1062 1271 abhas
1095 1213 1217 1285 inquirit.
1277 1226 1328 1282 que
1342 1210 1480 1269 difficilem
1495 1212 1585 1269 sanari
1594 1213 1737 1285 propulsat
1746 1219 1940 1290 corruptelam.
1953 1220 2086 1290 Quadam
2165 1224 2166 1263 i

409 1294 639 1380 ⁴itnspondentem
662 1323 692 1363 se
717 1306 906 1363 mechanicum
932 1306 989 1375 (33)
1013 1319 1096 1370 essa,
1119 1311 1147 1360 et
1168 1316 1221 1358 ne·
1275 1308 1367 1357 autem
1380 1308 1472 1365 nocte,
1488 1300 1553 1357 dum
1573 1300 1691 1375 litigatis
1714 1305 1827 1361 artubus
1849 1308 1961 1365 modico
1981 1326 2087 1382 sopore

418 1398 577 1457 “0quae
604 1394 753 1469 praeiitgiis
780 1394 967 1465 inquinatam,
987 1394 1023 1450 de
1045 1392 1100 1449 cvii
1130 1398 1223 1463 pastor
1275 1387 1318 1447 vir
1339 1390 1390 1445 Dei
1415 1389 1585 1460 consuleret,
1612 1390 1706 1448 videre
1725 1392 1799 1449 visus
1821 1403 1862 1450 est
1885 1396 2086 1455 decubantium

420 1486 530 1561 ihesu,
559 1492 655 1557 cipue
680 1483 755 1539 nain
782 1482 811 1537 m
839 1481 948 1545 vernis,
970 1480 1047 1537 nulla
1073 1481 1102 1535 m
1129 1478 1222 1535 nonin
1275 1476 1326 1533 sun
1349 1478 1439 1549 canite
1459 1494 1508 1536 suo
1533 1479 1700 1551 superium
1723 1482 1942 1553 multudinem,
1961 1494 2085 1543 ceiera-
2165 1496 2166 1533 i

419 1574 606 1635 conversionis
620 1572 723 1629 indicia
737 1571 914 1629 nuntiantem.
930 1570 977 1627 Sic
990 1569 1019 1625 iii
1033 1586 1090 1625 una
1103 1567 1220 1625 eadem·
1274 1581 1329 1637 que
1343 1566 1445 1623 diversi
1465 1568 1577 1641 generis
1600 1568 1718 1640 reptilia,
1742 1569 1840 1642 quibus
1862 1571 1910 1629 ille
1929 1577 2084 1645 perturba·
2165 1602 2166 1625 i

410 1648 473 1739 'que
485 1681 528 1732 re,
544 1672 570 1720 et
584 1662 641 1734 lupi
654 1661 732 1717 traua
754 1668 781 1717 et
803 1659 923 1732 pastoris
945 1657 1117 1731 providentia
1138 1657 1221 1713 inno-
1275 1660 1330 1725 toa,
1346 1670 1482 1713 sommum
1497 1655 1657 1713 continuare
1668 1672 1723 1713 non
1737 1667 1852 1728 poterat.
1863 1660 1972 1719 Dehinc
1982 1666 2083 1722 anceio

414 1755 475 1812 quii,
1272 1742 1419 1813 pulvinari,
1434 1744 1535 1801 librum
1550 1745 1669 1801 Maronis
1691 1747 1802 1818 reperit,
1825 1764 1913 1819 eoque
1937 1751 2078 1821 proiecto,

454 1843 498 1897 ll.
525 1841 674 1911 Susceptus
695 1838 770 1895 idem
794 1838 845 1895 Dei
866 1836 983 1895 tumulus
1003 1835 1032 1891 in
1053 1834 1220 1891 monasterio
1272 1847 1396 1889 somnum
1418 1832 1496 1889 duxit
1520 1832 1707 1907 tranquillum.
1745 1836 1819 1907 Apta
1841 1838 1879 1893 rei
1900 1838 1985 1908 visio,
2016 1857 2080 1897 cum

411 1916 615 2003 'angenoeensi
651 1927 729 1999 (st),
767 1926 880 1999 sepultis
912 1926 1052 1997 paulisper
1092 1923 1220 1980 sensibus
1272 1921 1340 1976 nihil
1353 1920 1427 1977 aliud
1442 1937 1523 1993 qnam
1539 1922 1662 1994 quedam
1681 1938 1787 1981 venena
1809 1925 1866 1981 sint
1889 1925 1993 1986 tabule
2006 1946 2080 2002 poe-

419 2018 519 2087 earnis,
533 2017 644 2088 puriore
657 2014 878 2083 muntiniacum,
895 2014 963 2073 vidit
975 2012 1113 2087 quoddam
1126 2011 1218 2083 luigni·
1230 2024 1259 2087 Β
1273 2016 1363 2067 tarum
1377 2012 1445 2081 (37).

418 2108 456 2163 de
468 2104 578 2162 sublimi
599 2104 720 2174 ueniens,
744 2103 902 2160 monasterii
925 2100 1113 2159 Cluniacensia
1136 2098 1217 2156 cudi-
1310 2100 1357 2155 ta.
1376 2099 1476 2173 Operm
1490 2101 1607 2173 piatium
1628 2112 1670 2159 est
1689 2119 1722 2159 ea
1745 2103 1837 2161 relatis
1857 2120 1997 2179 apponere
2016 2124 2080 2181 quie

418 2196 520 2252 toriiim
534 2194 694 2265 irrumpere,
710 2208 893 2266 magnamque
913 2206 1007 2247 secum
1030 2191 1137 2247 trahere
1157 2187 1217 2244 rni-
1272 2194 1302 2243 et
1327 2188 1420 2245 auditu
1451 2188 1598 2246 didicimus
1625 2199 1653 2248 at
1679 2192 1753 2249 visu.
1790 2196 1952 2251 antecessor
1984 2206 2081 2253 noster

418 2300 493 2341 nam.
517 2281 578 2351 Qua
598 2297 632 2337 ex
653 2281 759 2337 visione
778 2281 822 2335 vir
839 2279 890 2336 Dei
905 2278 1027 2351 collegit,
1041 2276 1217 2335 commissam
1271 2277 1384 2333 ilcellus
1398 2278 1455 2349 (30)
1470 2278 1649 2350 predicante
1672 2282 1773 2351 presul
1796 2284 1937 2339 memoriae
1960 2284 2081 2341 Romam

418 2372 492 2444 apud
521 2371 678 2427 Cluniacum
702 2368 851 2438 offensam,
875 2384 940 2440 qum
962 2367 1016 2423 nisi
1038 2365 1219 2423 celeberrima
1272 2364 1459 2437 proficiscens,
1476 2368 1565 2441 gratia
1586 2368 1695 2425 videndi
1716 2378 1838 2425 sanctum
1853 2371 1903 2427 Dei
1918 2371 2080 2429 cluniacum

418 2459 589 2517 correctione
603 2466 779 2531 purgaretur,
793 2457 904 2529 superni
924 2455 1024 2526 iudicis
1046 2453 1217 2527 indignatio-
1272 2454 1394 2513 divertit.
1419 2454 1473 2525 Qui
1496 2464 1644 2529 postquam
1673 2456 1803 2529 loquendi
1824 2474 1886 2515 cuin
1908 2476 1941 2517 eo
1965 2463 2080 2518 sortitus

416 2564 479 2604 nem
493 2546 522 2603 in
536 2546 661 2603 eumdem
677 2554 839 2618 provocaret
853 2546 954 2602 locum.
973 2544 1031 2599 Nec
1045 2559 1133 2612 mora,
1149 2542 1216 2598 Clu·
1272 2552 1315 2599 eat
1329 2543 1498 2614 facultatem,
1523 2560 1584 2600 cum
1609 2546 1729 2618 quodam
1753 2561 1803 2603 suo
1826 2548 2019 2607 archidiacono
2042 2550 2080 2607 ad

416 2636 525 2693 niacum
539 2634 704 2706 regreditur,
719 2633 883 2691 instantibus
897 2632 1024 2706 negotiis,
1034 2648 1097 2704 qum
1109 2630 1217 2704 agenda
1271 2647 1333 2688 eum
1350 2632 1377 2687 iii
1391 2648 1504 2703 parvam
1520 2632 1652 2691 deductus
1666 2642 1707 2691 est
1721 2650 1867 2705 cameram,
1882 2637 1970 2694 sacris
1995 2638 2078 2694 dica-

416 2733 591 2796 ausceperat,
612 2723 722 2779 lucrum
745 2722 896 2794 praeierens
917 2721 1082 2777 animarum.
1110 2718 1217 2775 Dehinc
1271 2725 1329 2776 tam
1353 2721 1515 2793 colloquiis,
1541 2730 1568 2777 et
1588 2721 1727 2779 celebrem
1749 2722 1840 2795 potius
1861 2724 1966 2782 cultore
1992 2740 2077 2797 quiam

415 2813 557 2887 ingressus
576 2811 736 2882 capitulum,
753 2812 850 2867 eodem
864 2810 960 2883 spiritu
974 2812 1096 2882 quojam
1109 2815 1214 2865 rentum
1270 2808 1357 2865 cultu.
1385 2808 1451 2865 Cum
1475 2818 1565 2867 autem
1588 2810 1777 2867 convenissent
1797 2808 1845 2867 filii
1866 2812 2031 2885 adoptionis,
2048 2820 2078 2871 et

418 2910 594 2975 cognoverat,
608 2900 651 2957 rei
670 2915 778 2972 quoque
800 2914 950 2971 personam
972 2898 1112 2971 cognovit.
1126 2895 1215 2966 Quem
1270 2897 1387 2955 invicem
1402 2898 1535 2957 beneficia
1549 2914 1658 2955 suarum
1682 2898 1732 2955 sihi
1758 2900 1994 2958 communicarent
2008 2919 2076 2959 om-

417 2989 766 3059 annomineconreniens,
784 2988 961 3057 «Erubesce,
976 2986 1073 3059 inquit,
1088 2986 1173 3054 Patre,
1188 2991 1217 3043 ct
1269 2986 1385 3057 tionum,
1413 2988 1450 3043 ll.
1482 2988 1562 3061 Hugo
1591 2986 1759 3060 frequentius
1785 2990 1934 3059 praetatum
1963 2990 2078 3047 intuitus

418 3093 471 3150 age
484 3076 683 3149 poenitentiam,
698 3076 763 3132 dum
778 3075 851 3144 licet,
866 3092 903 3133 ne
917 3084 980 3132 tunc
995 3073 1110 3146 incipias
1122 3072 1215 3147 poeni-
1270 3076 1496 3133 archidiaconum
1513 3092 1520 3131 ε
1539 3096 1551 3129 s
1567 3076 1701 3142 Tantum,
1716 3076 1813 3149 inquit,
1826 3094 1861 3136 ne
1882 3078 1957 3135 desis
1978 3082 2077 3153 gratian

416 3169 487 3236 tere,
511 3181 573 3221 cum
595 3164 754 3237 poenitentia
774 3164 842 3220 nulli
863 3180 971 3236 prorsus
991 3171 1031 3220 est
1054 3165 1212 3225 ricuinum
1269 3165 1320 3221 Dei
1335 3166 1467 3239 quoniam
1482 3165 1621 3237 provisum
1645 3173 1686 3221 eat
1710 3173 1745 3235 te,
1769 3165 1798 3221 in
1821 3182 1855 3223 eo
1876 3166 1905 3222 in
1926 3184 1981 3239 quo
2004 3185 2078 3227 nunc

418 3262 505 3311 totum
518 3262 544 3310 te
556 3252 640 3325 priori
663 3252 769 3324 pande,
794 3252 921 3325 redoperi
940 3253 1040 3309 vulnus
1055 3251 1164 3320 mentia,
1186 3258 1217 3307 ut
1269 3252 1442 3310 administras
1463 3253 1568 3323 ordine,
1591 3253 1745 3309 nullatenus
1768 3270 1998 3313 remansurumi
2022 3259 2077 3313 Pa·

416 3330 467 3416 pro
489 3340 619 3414 qualitate
645 3339 766 3399 vulneris
793 3355 887 3398 curam
914 3340 1015 3398 senuas
1041 3338 1213 3398 medicantis.
1272 3358 1330 3400 rum
1357 3342 1507 3416 temporius
1528 3342 1653 3412 duxerat,
1674 3350 1701 3400 et
1720 3350 1832 3400 aventus
1856 3352 1895 3402 ast
1918 3344 2077 3404 vaticinium

386 3445 390 3449 ’
415 3429 525 3499 lnielir,
541 3437 637 3487 excute
647 3431 745 3502 jugum
760 3429 872 3497 diaboli,
887 3439 915 3486 et
928 3429 1098 3501 amplectere
1118 3428 1217 3501 jugum
1274 3432 1444 3489 subsecutus.
1459 3431 1672 3488 Amhldiaconus
1686 3431 1743 3502 (30)
1757 3432 1855 3488 etenim
1870 3437 2079 3506 sequentianno

413 3509 530 3587 Christi,
549 3519 678 3590 quoniam
690 3517 789 3592 jugum
803 3519 861 3588 eius
874 3533 960 3575 suave
974 3525 1025 3586 est,
1037 3525 1064 3574 et
1077 3533 1146 3573 onus
1160 3516 1221 3588 ejus
1273 3519 1462 3591 pontificalem
1476 3521 1585 3578 sortitus
1600 3527 1641 3576 est
1654 3519 1826 3592 dignitatem.
1851 3521 1910 3578 Nos
1927 3524 1982 3579 hoc
1996 3523 2078 3580 audi-

412 3598 478 3684 ]eve
493 3607 613 3680 (hatti,
630 3623 672 3676 xi,
686 3608 743 3679 30).
772 3605 852 3678 Quod
873 3607 942 3678 quia
959 3606 1125 3678 sepiusjam
1139 3621 1218 3664 com·
1272 3608 1373 3677 vimus,
1389 3623 1440 3666 nos
1454 3609 2078 3681 pieseuiesiidinus,noshasiiiltioshomi-

415 3695 555 3765 monitos,
582 3697 734 3752 detrectare
762 3703 853 3752 tamen
880 3710 937 3752 non
963 3693 1083 3762 omina,
1112 3701 1218 3750 reatum
1272 3695 1315 3753 nis
1330 3698 1484 3756 orationum
1499 3697 1647 3770 participas
1661 3697 1690 3752 in
1704 3711 1737 3754 ao
1747 3697 1811 3752 lecti
1820 3714 1915 3754 sumus
1927 3699 2075 3770 colloquio.

412 3775 497 3856 'quem
512 3783 655 3842 comitatur
667 3783 831 3854 pertinacia,
846 3783 994 3840 districtior
1016 3781 1110 3856 puniat
1131 3781 1217 3840 disci·
1271 3784 1329 3842 Nos
1343 3786 1465 3858 quidem,
1481 3785 1553 3842 lama
1567 3786 1717 3854 revelante,
1733 3785 1864 3844 nonnulla
1878 3787 1912 3842 de
1927 3787 1990 3858 ejus
2008 3802 2075 3844 sau·

412 3871 499 3945 plina,
515 3872 568 3928 tuis
582 3872 655 3927 anim
677 3886 792 3943 parcere
816 3871 931 3939 delictis,
945 3871 981 3927 ad
994 3870 1147 3944 pericolum
1161 3869 1217 3926 mi·
1271 3873 1365 3930 ctitate
1397 3874 1594 3944 didiceramus,
1628 3873 1759 3930 nonnulla
1783 3874 1819 3930 de
1845 3876 2073 3944 mansuetudine,

411 3959 472 4017 litat
485 3959 601 4015 aliomm
616 3959 683 4030 (35).
701 3979 713 4008 i
734 3959 784 4014 liis
797 3958 892 4016 verbis
914 3958 1073 4016 verberibus
1095 3957 1216 4029 adjectis,
1269 3962 1402 4020 nonnulla
1420 3963 1502 4020 etium
1515 3961 1551 4020 de
1567 3962 1609 4018 his
1632 3961 1730 4034 quihus
1751 3969 1778 4018 et
1800 3961 1867 4019 vitia
1883 3963 2030 4034 judicium,
2046 3973 2073 4022 at

412 4039 498 4104 trasei
512 4053 661 4103 contumax
675 4053 702 4102 et
716 4045 768 4102 sibi
789 4047 913 4103 redditus
932 4055 973 4102 est
995 4055 1021 4102 et
1044 4047 1142 4119 ordini,
1161 4046 1215 4104 bo·
1269 4049 1362 4106 virtuti
1376 4057 1545 4124 praerogatur
1565 4049 1777 4115 incrementumi
1805 4050 1958 4108 invenimus
1980 4059 2072 4108 autem

412 4143 532 4207 numque
556 4132 730 4204 obedientie,
747 4135 821 4206 qood
835 4134 991 4193 exhortatio
1011 4150 1067 4193 non
1089 4135 1214 4206 contulit,
1268 4137 1413 4210 ampliora,
1429 4155 1464 4196 ex
1478 4138 1572 4212 gregis
1586 4137 1802 4210 conversatione,
1819 4141 1935 4212 pastoris
1948 4139 2071 4213 vigilan-

411 4236 526 4281 censura
539 4223 708 4296 provocavit.
1269 4227 1332 4284 tiam
1345 4225 1553 4300 perpendentes.

416 4304 421 4312 ’
447 4316 492 4368 10.
508 4310 569 4370 Alio
594 4328 702 4384 quoque
717 4320 850 4388 tempore,
866 4312 961 4371 similis
983 4313 1009 4371 ei
1032 4314 1101 4372 sisio
1125 4331 1213 4389 appa·
1304 4319 1349 4372 2⁰.
1374 4316 1523 4389 Supersunt
1550 4325 1643 4374 autam
1671 4325 1698 4374 et
1724 4315 1795 4388 alia,
1824 4317 1923 4389 quibus
1944 4326 2072 4390 patenter

409 4399 473 4459 ruit.
488 4400 676 4458 Dormientem
699 4401 801 4473 quippe
825 4403 951 4474 quaedam
973 4419 1092 4475 persona
1109 4419 1212 4461 convo-
1267 4403 1403 4462 indicatur
1417 4404 1493 4460 illum
1515 4404 1586 4475 juris
1608 4412 1764 4476 patronum,
1780 4405 1850 4463 inter
1863 4405 1984 4478 insignia
2001 4424 2070 4464 san-

409 4489 498 4562 niens,
514 4497 644 4563 oportere
657 4490 725 4547 dicit
738 4506 801 4546 eum
815 4491 973 4550 Cabilonein
992 4507 1077 4564 usquo
1090 4492 1211 4568 fatigari,
1265 4493 1411 4566 ctimoniae,
1426 4494 1516 4566 gratia
1529 4493 1661 4552 claruisse
1674 4493 1835 4566 prophetie.
1851 4493 1971 4564 Quidam
1986 4511 2069 4553 nam·
2165 4531 2166 4544 ,

446 4667 504 4738 (33)
528 4665 703 4725 hleclianicus
729 4682 780 4738 pro
807 4663 875 4724 laico
901 4667 946 4724 hic
969 4667 1119 4742 accipitur;
1139 4668 1207 4728 alias
1264 4671 1458 4744 deprehendit,
1487 4671 1591 4746 orguil,
1623 4672 1771 4730 convincit.
1803 4671 1876 4729 licus
1899 4673 1947 4730 ille
1971 4674 2066 4732 Petrus

410 4738 468 4796 acci
490 4738 580 4794 isolet
604 4753 655 4810 pro
679 4737 946 4821 illitterorcnquod
959 4747 1051 4796 antem
1066 4740 1101 4796 ad
1116 4741 1205 4797 Vitam
1219 4731 1250 4797 D
1264 4753 1339 4815 erat,
1364 4745 1409 4816 qui
1429 4745 1592 4800 Terdiniacc
1618 4752 1757 4825 venerat..
1776 4743 1955 4800 confitentem
1979 4746 2065 4816 judex

408 4825 479 4937 fier·
498 4823 734 4936 ggoffi'ebgssmill
755 4809 783 4892 6,
805 4809 927 4936 landiidlffim
934 4813 1116 4936 latmlrgme’
1129 4816 1207 4884 quasi
1260 4815 1321 4898 pius
1335 4815 1420 4898 digne
1434 4813 1568 4898 flagellat,
1581 4814 1800 4940 bmislericordliter
1819 4815 1981 4941 εαῖᾳιὲϋς
1996 4817 2063 4920 visis

436 4897 502 5022 tlt
516 4894 962 5034 incutientes,
977 4898 1015 5034 ,t
1026 4897 1148 5010 tt‘tt
1167 4954 1200 5012 s.
1260 4900 2062 5039 63630300000600601030(060.)

407 5020 515 5078 Genulli
533 5031 615 5078 etiam
629 5025 819 5102 ingeriacense
837 5030 1031 5080 monasterium
1057 5025 1129 5106 apud
1144 5026 1204 5081 iiu-
1295 5029 1352 5100 (36)
1367 5027 1540 5084 Cabilonansi
1556 5025 1584 5083 S.
1601 5027 1720 5083 lilarcelli
1733 5033 1938 5098 monasterium,
1954 5027 2058 5085 tunda-

428 5107 521 5160 onem,
537 5093 697 5174 &joannis
712 5091 747 5148 de
759 5093 907 5174 angeliaco
921 5093 965 5150 vul
987 5065 1205 5178 uiuunt-leurs·
1259 5104 1315 5154 tum
1332 5114 1348 5153 a
1363 5098 1393 5155 S.
1415 5097 1585 5180 Guntramnc
1608 5113 1690 5170 rege,
1714 5096 1750 5152 de
1769 5095 1841 5168 quod
1863 5097 1916 5154 late
1939 5097 1974 5153 ad
1997 5101 2058 5168 eius

436 5163 551 5243 dnqelg,
563 5178 592 5217 in
604 5177 677 5233 pago
691 5163 845 5244 xantonico
867 5163 902 5244 ad
928 5110 1077 5246 vilcenam.
1091 5165 1203 5224 flurium
1258 5169 1357 5237 Vitam,
1373 5171 1406 5223 hd
1422 5169 1519 5236 hiartii,
1532 5169 1546 5239 ἓ
1558 5172 1583 5224 2.

407 5230 517 5312 abbatia
528 5239 749 5316 est,·constru·cta
771 5251 788 5289 a
811 5235 926 5306 Pippino
949 5236 1104 5318 aquitaniae
1126 5253 1201 5310 rege,
1293 5242 1348 5310 (37)
1370 5240 1398 5296 Si
1422 5239 1475 5296 hoc
1504 5239 1538 5294 de
1564 5245 1706 5319 poctarum
1730 5235 1870 5310 gentilium
1899 5241 2054 5318 castissimo

405 5299 595 5383 LbdolffilPtl
609 5318 676 5382 imp.
690 5304 758 5384 tilio.
775 5304 855 5359 Plura
876 5306 911 5361 de
931 5305 984 5386 boc
998 5307 1123 5388 cenobio
1148 5325 1202 5365 nc·
1255 5307 1376 5382 Virgilio
1391 5311 1483 5381 (quem
1499 5309 1655 5382 virgineum
1670 5309 1811 5380 appellant
1833 5310 1966 5390 nonnulli,
1983 5313 2055 5368 sicut

405 5379 528 5452 minutim
543 5371 656 5452 illustria
670 5373 820 5442 diplomata
831 5374 895 5442 duo,
913 5376 977 5431 vide
990 5377 1019 5432 iii
1033 5386 1105 5433 notis
1143 5395 1202 5435 uer
1255 5380 1346 5438 luscus
1361 5381 1431 5436 inter
1443 5396 1533 5438 omens
1547 5395 1594 5436 rex
1609 5379 1661 5437 dici
1683 5381 1782 5452 posset)
1797 5379 1863 5451 quid
1876 5379 1911 5436 dc
1926 5382 2053 5438 lascivio-

405 5448 493 5498 ctttem
507 5442 541 5496 ad
556 5441 764 5499 bibliothecam.
1254 5450 1330 5506 ribus
1343 5452 1404 5507 aliis
1417 5451 1564 5508 dicemua‘?

421 5520 423 5525 '
440 5513 498 5595 (05)
511 5513 587 5594 Idem
600 5513 679 5595 liugn
692 5529 767 5568 num.
784 5517 827 5595 {5¹
843 5517 901 5572 hec
918 5532 1042 5600 narrans,
1060 5539 1071 5567 a
1087 5517 1198 5576 Clunia·
1289 5524 1345 5593 (38)
1365 5522 1477 5578 tloellus
1499 5522 1568 5593 epis.
1592 5521 1806 5603 Cenomanensis
1826 5521 1860 5576 ab
1884 5521 2051 5588 inuoluti,

402 5582 1132 5711 ⁰1¹·¹'¹·¹’¹¹¹‘¹¹¹¹,¹1’s⁰.⁵²,¹,¹¹⁰⁸”1⁰9¹¹¹‘',··v⁰f⁸¹''¹¹p¹'¹9‘⁰⁸·9⁸
1154 5607 1198 5647 cr·
1253 5592 1400 5648 hicautem
1416 5607 1575 5665 congressus
1590 5599 1702 5672 contigit
1717 5606 1788 5673 anno
1804 5595 1936 5717 1010.οἅ
1965 5677 1972 5693 ἱ

398 5671 474 5782 1inilililils
479 5664 688 5809 eejiflsstrgoeiaspee·
697 5669 824 5806 ngglffgg
825 5664 1134 5811 eililsirernaltssiiuigt’influunt
1147 5662 1196 5717 sed
1288 5664 1344 5734 (30)
1358 5664 1420 5719 Non
1435 5669 1565 5790 estgucm
1579 5677 1687 5735 signare
1720 5669 1890 5719 oasitcomm
1929 5675 1966 5718 roi
1986 5675 2051 5716 con-

397 5811 497 5867 missus,
513 5797 549 5880 ad
561 5799 708 5879 Dominum
721 5797 802 5853 solito
816 5807 939 5881 recurrit,
955 5800 1037 5856 solvit
1052 5810 1113 5858 vota
1133 5818 1194 5873 pra·
1247 5805 1439 5862 cenomannos
1463 5821 1565 5879 genere
1586 5811 1674 5872 natus,
1691 5803 1793 5860 electus
1806 5820 1851 5860 an.
1870 5805 1937 5858 1003
1953 5803 2046 5858 Anda-

395 5879 474 5991 giliis
482 5868 759 6009 'eggritnulgnriwiffig
768 5950 771 5959 .
780 5867 1192 6000 wmciirlcgmsffigiltnlltg
1245 5875 1377 5948 gerentis
1391 5875 1546 5960 episcopos,
1557 5881 1729 5933 consecratus
1743 5889 1787 5930 an.
1805 5876 1883 5931 1006.

1062 5731 1085 5786 is
1097 5732 1135 5787 ita
1149 5732 1194 5787 di·
1245 5733 1353 5803 jactura
1376 5749 1456 5805 quam
1505 5733 1625 5789 autridus
1645 5734 1679 5790 de
1729 5732 1845 5804 eduana,
1861 5732 1957 5788 illustri
1975 5731 2048 5802 apud
