4750 6725
390 575 444 635 ιιι
904 553 1530 623 nannumcunrnsarnusrsttouacut
1989 571 2044 634 tst

389 701 561 774 Quapropter
574 697 639 755 dnm
654 705 705 752 nec
722 690 793 748 malo
808 688 905 760 corrigi
926 689 1021 756 voluit,
1045 702 1097 744 nen
1114 687 1186 744 bono
1200 691 1227 752 A
1240 697 1268 747 et
1303 701 1493 750 momentanea
1522 693 1600 752 caede
1617 709 1712 766 equus
1743 695 1854 753 Arbiter
1880 698 1946 756 huic
1980 701 2045 758 ritae

387 793 424 848 ad
440 792 511 847 bene
525 787 658 862 agendum
688 781 783 838 attrahi
809 778 903 851 potnit,
932 794 966 832 ne
993 775 1021 832 in
1038 775 1186 848 perniciem
1241 775 1382 833 subtraxit.

389 882 523 937 bonorum
538 875 642 933 diutino
656 872 747 928 lurore
761 869 880 936 saeviret,
895 865 1092 938 compendiosa
1111 865 1187 920 illum

402 1059 2044 1088 mm

982 1231 1163 1335 trualt
1195 1231 1465 1336 TERTIUS

1111 1429 1315 1442 *-

423 1541 548 1602 Secundo
561 1538 653 1609 itaque
667 1547 738 1592 enno
748 1533 787 1604 (n)
798 1545 893 1604 exque
904 1545 919 1585 a
930 1531 1015 1585 Roma
1026 1529 1185 1600 Lugdunum
1241 1533 1358 1604 quisque
1373 1532 1556 1604 liberandum,
1572 1539 1599 1588 et
1612 1532 1640 1587 in
1654 1539 1752 1588 statum
1777 1539 1878 1603 optatae
1899 1534 2044 1608 prosperi.

389 1636 521 1700 venimus,
538 1629 584 1700 qui
599 1633 656 1682 erat
669 1623 755 1679 nostri
771 1620 857 1678 exsilii
872 1635 958 1676 annus
979 1618 1080 1684 tertius,
1102 1633 1187 1674 reue·
1241 1622 1303 1676 tetis
1318 1621 1419 1679 aditum
1434 1622 1487 1678 sibi
1506 1621 1695 1693 pollicebatur.
1715 1621 1785 1689 Quae
1805 1637 1870 1693 spes
1892 1622 1958 1678 inde
1980 1639 2047 1678 mg.

389 1731 450 1780 runt
465 1722 500 1777 ad
523 1713 749 1782 anselmumjam
772 1709 881 1766 tertium
903 1708 975 1764 diem
1000 1707 1027 1761 in
1051 1705 1187 1772 ooenobio,
1242 1711 1315 1767 rime
1342 1710 1505 1782 procedebat
1527 1711 1600 1781 quod
1622 1709 1754 1766 ilenricus
1773 1709 1819 1780 qui
1847 1717 1911 1766 tune
1937 1711 2048 1768 noviler

391 1811 464 1885 quod
479 1803 618 1864 Caso-Dei
633 1802 670 1873 (b)
685 1800 793 1868 dicitur,
810 1805 948 1870 agentem,
974 1797 1027 1851 duo
1051 1794 1186 1862 monachi,
1243 1798 1318 1854 fraisi
1333 1799 1463 1856 defuncto
1477 1798 1506 1854 pn
1524 1815 1639 1870 mgnum
1664 1807 1842 1864 summ„
1866 1799 1895 1853 in
1910 1798 1973 1870 ipso
1986 1817 2046 1856 m

392 1917 460 1958 uuus
474 1891 685 1958 cantuariensis,
701 1895 727 1944 el
742 1888 809 1942 alter
823 1885 971 1950 Beccensis,
988 1883 1144 1939 nuntiantes
1163 1881 1188 1938 ei
1242 1886 1456 1944 consecrationi,
1479 1887 1525 1942 die
1556 1887 1643 1942 bom,
1666 1896 1694 1942 οἱ
1715 1894 1823 1942 sanem
1843 1889 1918 1943 omni
1942 1889 2047 1960 populo

386 1994 443 2060 jam
458 1999 531 2056 saepe
545 1979 686 2037 memomti
698 1975 852 2033 Willlrelmi
867 1974 940 2045 regis
954 1973 1016 2028 vitae
1038 1987 1186 2028 excessum.
1243 1976 1320 2049 leges
1334 1992 1363 2032 se
1378 1983 1558 2042 servaturum,
1574 1984 1602 2031 et
1615 1990 1711 2032 omnes
1724 1975 1916 2046 oppressiones
1940 1986 1968 2032 et
1989 1977 2048 2033 ini-

390 2079 450 2148 Qno
465 2075 510 2130 ille
525 2067 678 2128 trehemenli
701 2074 811 2135 stupore
834 2079 985 2133 percussus.
1010 2076 1074 2116 mox
1099 2067 1137 2114 est
1162 2059 1189 2113 in
1244 2065 1359 2135 quitates
1374 2081 1434 2135 quae
1448 2064 1499 2120 sub
1516 2064 1583 2119 irate
1596 2079 1645 2119 suo
1660 2071 1831 2120 emerserant
1846 2063 1874 2119 in
1896 2065 1974 2120 omni
1996 2082 2048 2122 sus

388 2163 593 2222 acerbissimum
608 2157 699 2212 lictum
714 2169 868 2210 correnssus.
878 2150 1085 2220 Quodvidcntcs
1096 2147 1186 2203 admi·
1244 2153 1438 2221 dominatione,
1456 2161 1511 2208 tam
1526 2153 1554 2206 in
1569 2152 1700 2208 Ecclesiis
1715 2168 1797 2224 quam
1819 2151 1848 2207 in
1868 2153 2050 2210 saecularibus

310 2299 313 2304 -
386 2255 436 2311 rati
452 2249 600 2308 admodum
619 2260 721 2300 sumus.
746 2244 778 2297 dt
798 2241 855 2308 illc,
879 2239 996 2310 singultu
1020 2236 1104 2293 verba
1128 2237 1187 2306 ejus
1243 2241 1369 2312 nogotiis,
1386 2241 1587 2312 prohibiturum
1602 2248 1629 2296 et
1643 2240 1838 2296 subversurum
1848 2242 2048 2312 spoponderat,

387 2343 608 2408 inlssrlumllffllet
625 2331 748 2397 asseruit·
763 2329 790 2383 5¹1
804 2329 863 2398 ipsa
882 2327 994 2384 Velim&
1018 2341 1099 2396 quam
1123 2341 1186 2380 Str·
1242 2339 1268 2386 et
1280 2333 1339 2387 haec
1353 2331 1445 2386 omnia
1455 2329 1639 2401 jurisjurandi
1655 2329 1843 2400 interjectione
1856 2328 1975 2398 firmata,
1995 2331 2049 2387 snb

387 2447 452 2490 rum
467 2428 516 2484 Dei
533 2420 684 2496 transgredi
700 2435 753 2474 non
770 2419 858 2484 decet,
874 2417 938 2487 qnia
959 2415 980 2470 si
1005 2417 1057 2471 boe
1081 2411 1186 2470 efficere
1241 2421 1409 2475 monimento
1424 2420 1575 2474 litterarum
1588 2417 1671 2490 sigilli
1686 2418 1729 2472 sui
1749 2418 1905 2474 testimonio
1928 2418 2048 2476 robora-

387 2525 488 2592 posset,
502 2515 588 2570 multo
602 2509 691 2582 magis
702 2508 814 2580 eligeret
833 2505 951 2576 seipsum
973 2519 1086 2575 corpore
1106 2519 1186 2574 quam
1242 2516 1340 2575 tamin,
1357 2523 1409 2579 per
1423 2515 1508 2564 totum
1522 2523 1638 2579 regnum
1653 2505 1824 2578 divulgatum
1846 2506 1877 2562 iri
1902 2523 2047 2579 praecepe-

386 2609 474 2674 illumr
489 2605 558 2659 sicul
572 2607 638 2668 elale
654 2605 789 2654 “miluum
803 2611 870 2650 ⁰5⁵⁹·
1241 2606 1291 2652 rat.
1307 2595 1454 2653 Praesentia
1468 2595 1645 2650 nibilominus
1657 2594 1809 2651 communis
1822 2595 1946 2652 omnium
1959 2595 2048 2652 Patris

421 2694 506 2752 Nobis
520 2698 581 2762 post
594 2691 653 2744 line
668 2685 828 2758 lugdunum
844 2683 968 2750 reversis,
993 2696 1056 2736 ecce
1077 2680 1148 2735 alius
1171 2695 1186 2734 e
1239 2686 1297 2756 jum
1318 2686 1369 2756 ipsi
1393 2685 1453 2755 spei
1476 2699 1533 2739 non
1555 2698 1654 2753 parum
1676 2682 1786 2738 roboris
1808 2683 1881 2754 aqud
1901 2684 2047 2741 hominum

386 2782 514 2842 iratribus
545 2777 674 2834 Ecclesia
706 2771 904 2830 Cantuarieusis
934 2771 1055 2834 advenit,
1085 2767 1187 2824 litteras
1240 2781 1348 2830 mentes
1362 2773 1517 2846 adjiciebat,
1529 2779 1698 2828 constantem
1706 2771 1781 2826 illius
1789 2771 1952 2842 probitatem
1963 2788 2049 2846 αμο-

387 2873 521 2938 deierans,
537 2881 632 2938 preces
647 2862 776 2931 offerens,
793 2860 890 2933 quibus
910 2859 1010 2915 obnixe
1030 2857 1065 2912 ab
1081 2855 1187 2928 anglo·
1241 2864 1383 2927 scendum,
1400 2869 1427 2918 et
1440 2869 1534 2918 eunom
1549 2859 1675 2931 quiedam
1688 2860 1723 2916 ad
1735 2860 1939 2916 reformandum
1960 2861 2047 2918 Chri·

386 2978 448 3018 rum
463 2965 548 3014 matre
563 2955 684 3011 Ecclesia
698 2951 893 3022 interpellatur,
916 2956 1055 3019 quatenus,
1081 2947 1187 3001 exstin—
1242 2953 1340 3008 srignae
1354 2950 1496 3022 religionis
1509 2956 1608 3004 ,pamm
1622 2948 1671 3018 qu,
1684 2957 1747 3020 po„
1760 2948 1866 3006 obitum
1880 2951 2047 3006 venerande

388 3059 431 3108 ⁰¹⁰
446 3057 569 3122 lll³¹¹¹1⁰s
585 3043 656 3100 fill⁰⁵
679 3057 751 3110 ⁵⁰⁰⁵,
774 3047 853 3110 rupta
879 3035 1188 3103 ¹¹¹01'fl2s0li80r000n·
1242 3040 1384 3096 memoriae
1398 3038 1540 3095 Lsnlranei
1556 3035 1756 3107 archiepiscopi
1770 3037 1798 3092 in
1821 3038 1914 3093 multis
1927 3038 2046 3094 decida-

388 3133 526 3204 solsrique
537 3129 672 3201 dignetur.
689 3125 792 3182 Audito
807 3123 890 3195 igitur
901 3121 935 3177 de
950 3137 979 3176 re
990 3119 1104 3177 consilio
1128 3133 1187 3173 me·
1241 3136 1294 3196 rue,
1305 3129 1429 3200 proxime
1442 3127 1478 3183 ab
1491 3141 1525 3182 eo
1545 3124 1653 3197 prodire
1671 3133 1700 3181 et
1718 3125 1799 3182 statui
1818 3124 1931 3183 armetis
1953 3126 2046 3182 musi·

389 3221 485 3280 morali
500 3215 640 3276 reverendi
656 3213 778 3286 lingonis
792 3211 878 3282 ipsius
892 3209 967 3264 urbis
987 3207 1118 3278 episcopi,
1138 3206 1189 3260 iter
1242 3218 1294 3273 bus
1307 3216 1530 3290 mmmmm·

388 3306 515 3381 angliam
530 3299 667 3358 remeandi
692 3299 829 3371 ingressus
852 3302 901 3364 est,
923 3293 983 3365 ipso
1003 3289 1140 3387 pontifice,
1162 3298 1189 3345 et
1278 3306 1333 3364 Sed
1346 3323 1409 3363 ,um
1425 3315 1486 3378 pos,
1499 3321 1601 3379 paucos
1619 3305 1660 3361 sui
1684 3303 1786 3361 ,edum
1808 3303 1868 3359 dies
1890 3303 2047 3361 serberiam

388 3400 445 3449 toto
459 3389 560 3461 populo
576 3394 653 3442 terrae
668 3399 749 3454 snper
762 3381 816 3437 bno
830 3380 949 3445 dolente,
972 3386 1000 3433 et
1020 3393 1070 3431 nist
1091 3378 1189 3433 retroni
1244 3392 1281 3447 gd
1293 3407 1390 3463 regem
1404 3391 1534 3461 venisset,
1559 3400 1586 3447 et
1607 3390 1644 3446 nb
1666 3405 1700 3446 eo
1722 3388 1873 3461 gaudenter
1892 3397 2046 3461 susceptus.

387 3478 547 3545 ⁰⁰¹¹t¹⁸²i¹⁸⁰²t
576 3472 668 3531 ΜΕ
696 3469 839 3537 ⁰m¹¹ib¹¹sa
868 3484 902 3525 ¹²⁶³
929 3465 1015 3531 fiesm‘
1045 3463 1189 3536 pmhibeffl
1241 3481 1341 3537 rationi
1355 3481 1427 3536 illius
1441 3481 1544 3551 (c)qua
1557 3478 1812 3542 sccxcussntonr.
1827 3477 1856 3533 in
1869 3476 2048 3549 suscipienda

386 3568 504 3626 volente.
520 3566 620 3636 blagno
636 3560 753 3633 denique
767 3558 866 3615 solatio
888 3572 917 3611 se
940 3556 967 3611 in
989 3555 1106 3610 discessu
1130 3552 1187 3621 ejus
1201 3555 1226 3621 c
1239 3570 1324 3644 ,035ae
1339 3569 1477 3641 gignimus
1491 3568 1689 3633 benedicum,
1701 3565 1778 3621 illum
1793 3566 1873 3637 eujus
1889 3565 1964 3635 juris
1981 3581 2045 3621 eam

387 3656 498 3714 destitui
512 3652 652 3711 ridebant.
669 3647 805 3705 Pmsecuti
819 3654 909 3701 aulem
925 3640 1188 3699 illunrsuntderilla
1243 3675 1302 3715 esse
1316 3658 1419 3715 meh„
1433 3672 1488 3713 non
1512 3655 1718 3730 mmmm,
1740 3654 1932 3724 acquievisse„
1954 3664 2048 3726 postu.

388 3746 417 3804 in
431 3745 525 3803 villam
539 3757 589 3813 per
611 3738 702 3810 plures
722 3738 780 3792 dies
800 3744 853 3791 tam
872 3732 924 3789 viri
943 3748 1025 3805 qnam
1050 3730 1186 3799 mulieres,

386 3833 487 3907 singuli
514 3828 636 3887 certatim
659 3835 795 3882 currentes
819 3832 844 3878 et
871 3837 921 3893 pro
948 3836 995 3876 sne
1022 3817 1188 3875 desolatione

385 3919 573 3996 gemebundas
587 3930 669 3971 rocca
679 3914 800 3968 edentes.
810 3910 932 3965 Necdum
940 3907 1113 3979 pervenimus
1123 3905 1186 3960 Clu·

384 4011 505 4077 siacum,
522 4012 546 4061 et
562 4000 737 4058 nihilomiuus
751 4000 819 4054 aller
832 3996 950 4063 nuntius,
971 4011 1003 4050 ex
1023 4002 1101 4065 parte
1122 3994 1184 4049 nori

385 4098 459 4170 regis
473 4092 622 4166 Anglorum
636 4097 663 4145 el
679 4102 823 4159 procerum
842 4084 918 4156 regni
937 4083 1009 4139 Patri
1030 4096 1182 4149 occurrens,

385 4200 478 4243 moras
492 4182 550 4253 eius
564 4180 592 4233 in
607 4176 741 4234 veniendo
761 4172 908 4245 redarguit,
934 4178 1018 4227 totam
1038 4178 1135 4226 terram
1157 4168 1184 4223 in

384 4275 502 4333 aduentu
517 4270 574 4339 cius
589 4265 740 4333 attonitam,
765 4270 792 4318 el
814 4260 906 4316 omnis
929 4259 1041 4331 negotia
1063 4257 1184 4329 regniad

383 4360 549 4420 audientiam
563 4366 590 4413 ct
604 4352 810 4425 dispositionem
825 4349 909 4421 ipsius
926 4348 1046 4405 relerens
1065 4346 1183 4419 pendere

384 4452 480 4509 dilata.
496 4446 579 4517 Cttjus
592 4442 676 4501 rerba
688 4441 788 4498 litterae
802 4438 874 4511 regis
888 4453 955 4510 quas
966 4436 1092 4493 attulerat
1114 4438 1183 4491 atle-

1243 3747 1314 3803 lalns
1331 3754 1372 3803 ast
1399 3762 1448 3818 pro
1475 3744 1676 3801 consuetudine
1701 3750 1904 3799 antecessorum
1931 3757 2046 3800 suorum

1241 3836 1300 3907 regi
1310 3836 1459 3891 hominium
1472 3834 1573 3904 lacere,
1588 3841 1617 3890 el
1629 3831 1899 3905 archiepiscopatum
1912 3830 1947 3886 de
1961 3848 2046 3889 manu

1241 3926 1303 3996 ejus
1316 3924 1447 3995 recipere.
1459 3923 1565 3993 Quibus
1592 3938 1655 3977 cnm
1672 3921 1720 3976 ille
1746 3935 1921 3992 nequaquam
1942 3936 1976 3977 se
1996 3930 2046 3978 sut

1241 4014 1368 4069 relluaut
1382 4028 1462 4084 posse
1475 4026 1616 4067 assensum
1644 4012 1768 4082 praebere
1788 4008 1975 4081 responderet,
1997 4009 2045 4065 in-

1241 4096 1442 4170 terrogantibus
1455 4110 1548 4168 quare,
1564 4094 1652 4150 statim
1673 4092 1740 4166 quid
1767 4108 1851 4163 super
1868 4092 1911 4150 bis
1928 4100 1957 4149 et
1978 4094 2044 4165 qui-

1239 4185 1354 4243 busdam
1375 4185 1435 4241 aliis
1457 4185 1485 4239 in
1508 4184 1631 4241 Romano
1652 4182 1767 4239 oonsilio
1784 4182 1931 4252 acceperit,
1951 4182 2045 4239 mani·

1240 4275 1306 4331 testa
1321 4274 1452 4330 relatione
1466 4272 1591 4341 innotuit,
1603 4271 1694 4341 itaque
1708 4269 1883 4326 subinferens
1896 4269 1935 4325 ait
1950 4287 1958 4324 :
1979 4292 1990 4318 ι
2013 4266 2044 4327 si

1239 4362 1366 4419 dominus
1380 4378 1428 4417 rex
1442 4361 1495 4417 ista
1508 4362 1654 4430 suscipere,
1669 4365 1697 4414 et
1706 4367 1832 4430 suscepta
1852 4373 1964 4415 serram
1988 4372 2043 4414 ro·

1238 4452 1331 4520 luerit,
1341 4451 1411 4507 bene
1425 4450 1496 4505 inter
1509 4464 1560 4505 nos
1574 4457 1603 4504 et
1616 4446 1694 4503 lirina
1707 4462 1761 4519 pax
1784 4446 1845 4503 eril.
1870 4445 1919 4503 Sin
1937 4454 2041 4513 autem

383 4548 495 4607 Slanlessr
511 4545 538 4593 θῑ
552 4534 624 4591 dicia
638 4529 745 4603 Plenius
758 4528 944 4600 ⁰¹lll³¹1⁸¹¹l0b
964 4541 1059 4595 preces
1077 4532 1103 4579 el
1119 4531 1183 4581 V0l³
1236 4551 1292 4591 non
1306 4535 1385 4592 uideo
1396 4549 1536 4591 remanere
1548 4547 1638 4588 meum
1653 4531 1680 4585 in
1694 4531 1795 4604 Anglis
1815 4530 1880 4586 utile
1909 4529 1970 4587 lore
1995 4531 2040 4587 rel

381 4629 466 4701 ipsius
480 4624 553 4698 regia
568 4622 655 4679 litum
675 4618 799 4675 feslissssffl
813 4615 1079 4685 veniremagnopere
1089 4620 1183 4682 ll⁰⁸l¹¹·
1236 4626 1390 4691 honestum,
1406 4622 1556 4695 presertim
1570 4636 1633 4677 cnm
1646 4620 1668 4675 si
1689 4619 1864 4691 episcopatus
1880 4624 1927 4674 aul
1947 4619 2039 4675 abbs-

380 4718 471 4786 lflssllsr
497 4723 523 4769 0¹
548 4712 855 4782 seill⁵1¹¹¹¹r08¹¹¹¹¹¹¹llue
882 4701 1039 4771 ⁸1¹¹¹¹¹¹0l¹¹⁵
1066 4698 1181 4757 ⁰⁰ss⁸l¹l⁰
1238 4714 1289 4768 tias
1303 4713 1416 4779 dederit,
1432 4711 1533 4784 privari
1547 4726 1591 4767 me
1605 4709 1713 4781 penitus
1733 4716 1816 4763 lanta
1838 4707 1880 4763 sui
1904 4724 1988 4779 quam
2012 4717 2040 4765 ct

381 4822 413 4863 80
426 4798 604 4861 moderamini
628 4813 656 4852 Sd
679 4794 863 4865 subjesslllrllm
885 4789 1036 4862 pollicenlls
1057 4787 1180 4844 Gonllsse·
1237 4818 1330 4858 corum
1344 4799 1571 4873 quiguggepeginl
1584 4796 1776 4853 communione
1789 4809 1899 4851 nest-580
1918 4796 1963 4850 gil,
1980 4796 2039 4851 Nec

380 4895 455 4951 bant·
471 4893 537 4947 Haec
551 4896 577 4945 el
590 4884 747 4959 hujUSfflOdl
769 4882 848 4953 Plura
866 4896 948 4952 quam
972 4878 1062 4934 diffie
1086 4877 1179 4947 lelissb
1193 4915 1221 4975 D
1236 4891 1308 4946 enim
1324 4906 1356 4947 ea
1370 4889 1404 4945 de
1414 4904 1496 4945 cansa
1512 4887 1641 4959 angliam
1655 4884 1733 4955 redii,
1749 4891 1778 4939 ut
1800 4883 1824 4939 si
1847 4883 1907 4957 ipae
1929 4884 2036 4941 Roma-

378 4999 429 5040 nos
443 4980 477 5038 ad
492 4977 607 5050 patriam
622 4986 768 5045 nwpemre
782 4977 939 5044 medelum·
1236 4995 1271 5034 no
1281 4977 1401 5051 pontifici
1414 4977 1529 5034 obedire
1544 4975 1621 5043 nolit,
1637 4975 1665 5030 in
1679 4989 1712 5030 ea
1725 4972 1869 5029 resideam.
1885 4970 2039 5044 Undequid

415 5074 599 5147 Prosperrimo
614 5071 704 5141 itaque
718 5084 797 5124 cursu
822 5066 928 5122 marina
948 5063 1068 5137 pericula
1088 5066 1180 5119 trans·
1236 5066 1302 5124 relit
1316 5082 1413 5139 precor
1423 5066 1523 5133 edicat,
1538 5072 1568 5119 nt
1581 5064 1665 5119 sciam
1679 5078 1734 5133 quo
1748 5077 1792 5116 me
1819 5067 1932 5117 remam.
1947 5083 1958 5109 ι
1990 5062 2039 5117 llis

378 5164 450 5226 recti
471 5178 542 5219 nono
563 5159 679 5217 Kalend.
703 5156 830 5213 Octobris
848 5155 941 5210 Dolris
962 5152 1124 5226 appulimus,
1154 5160 1181 5207 et
1235 5172 1283 5212 rex
1298 5154 1533 5229 auditisgrsviter
1547 5151 1726 5209 conturbatus
1749 5158 1799 5205 est.
1825 5148 1915 5205 Grave
1935 5149 2038 5221 quippe

379 5251 483 5327 ingenti
507 5248 609 5323 gaudio
632 5254 714 5302 totam
736 5252 836 5300 terram
858 5244 887 5297 in
909 5242 1030 5299 adventu
1056 5238 1179 5296 Anselmi
1234 5244 1286 5302 sibi
1295 5245 1384 5301 visum
1393 5251 1433 5299 est
1453 5241 1626 5298 investituras
1650 5238 1833 5295 Ecclesisrnm
1858 5244 1885 5293 et
1913 5237 2037 5293 bominis

381 5341 564 5402 exsultantem
582 5335 743 5406 reperimus.
757 5331 888 5398 Quoedam
905 5332 992 5387 etnim
1009 5330 1086 5403 quasi
1098 5344 1178 5385 novae
1234 5334 1407 5407 prelatorum
1414 5330 1539 5404 perdere,
1554 5345 1637 5401 graue
1652 5326 1828 5383 nihilominus
1845 5324 2036 5382 anselmnma

377 5426 584 5491 resurrectionis
598 5440 661 5495 spes
680 5420 850 5495 singulorum
874 5419 1009 5476 mentibus
1030 5417 1176 5484 oriebatur,
1232 5437 1330 5496 regno,
1346 5420 1538 5493 ipsouondum
1553 5418 1581 5473 in
1591 5432 1678 5490 regno
1691 5414 1773 5489 plene
1787 5412 1954 5482 confirmato,
1977 5414 2035 5485 pati

378 5545 432 5603 qua
446 5533 472 5585 et
487 5524 522 5581 ab
536 5520 715 5593 oppressione
729 5516 841 5575 calentis
856 5516 946 5573 adhue
964 5512 1125 5589 calamitatis
1148 5528 1177 5569 sc
1232 5511 1385 5567 discedere.
1407 5511 1438 5565 ln
1461 5523 1516 5565 nno
1543 5506 1676 5578 siquidem
1704 5504 1847 5563 ridebatur
1873 5501 1926 5558 sibi
1953 5504 2034 5576 qussi

1038 5664 1254 5723 HENSCHENII
1268 5660 1382 5720 NOTAE.

401 5780 403 5785 Ι
420 5832 449 5905 n)
465 5830 546 5886 dano
560 5822 658 5883 Christi
672 5820 753 5879 tlte.
1229 5813 1310 5889 primi
1324 5820 1351 5882 et
1360 5812 1523 5895 laudatoris.
1540 5881 1565 5895 ..
1736 5880 1742 5893 υ
2041 5868 2045 5875 ,

421 5904 447 5974 l)
462 5902 503 5958 De
531 5896 676 5963 Cass-Dei,
699 5892 864 5951 monasterio
887 5888 916 5947 in
942 5884 1080 5955 Artemis,
1103 5884 1175 5943 inira
1265 5886 1402 5957 (clcsusa
1415 5883 1654 5941 rationabibsesse
1706 5881 1887 5940 turlmetnss
1907 5874 2030 5939 doberto

374 5980 472 6049 spelm
488 5983 561 6031 xxru
582 5963 740 6043 Aprilissd
754 5963 843 6023 Vitem
869 5960 902 6042 S.
920 5958 1043 6033 lloberti,
1066 5956 1176 6038 abbans
1229 5956 1313 6019 bruc
1323 5954 1524 6030 primogenin,
1540 5953 1646 6015 bsndd
1684 5954 1711 6014 ie
1723 5952 1826 6029 aqud
1839 5950 2029 6028 molitumpro
