<?xml version="1.0" encoding="UTF-8"?>
<!DOCTYPE html PUBLIC "-//W3C//DTD XHTML 1.0 Transitional//EN"
    "http://www.w3.org/TR/xhtml1/DTD/xhtml1-transitional.dtd">
<html xmlns="http://www.w3.org/1999/xhtml" xml:lang="en" lang="en">
 <head>
  <title>
</title>
<meta http-equiv="Content-Type" content="text/html;charset=utf-8" />
  <meta name='ocr-system' content='tesseract 3.04.00' />
  <meta name='ocr-capabilities' content='ocr_page ocr_carea ocr_par ocr_line ocrx_word'/>
</head>
<body>
  <div class='ocr_page' id='page_1' title='image "./patrologiaecurs91unkngoog_0401.png"; bbox 0 0 4750 6725; ppageno 0'>
   <div class='ocr_carea' id='block_1_1' title="bbox 313 581 365 637">
    <p class='ocr_par' dir='ltr' id='par_1_1' title="bbox 313 581 365 637">
     <span class='ocr_line' id='line_1_1' title="bbox 313 581 365 637; baseline 0.038 -2"><span class='ocrx_word' id='word_1_1' title='bbox 313 581 365 637; x_wconf 80' lang='lat' dir='ltr'>&#39;tes</span> 
     </span>
    </p>
   </div>
   <div class='ocr_carea' id='block_1_2' title="bbox 964 581 1306 643">
    <p class='ocr_par' dir='ltr' id='par_1_2' title="bbox 964 581 1306 643">
     <span class='ocr_line' id='line_1_2' title="bbox 964 581 1306 643; baseline 0.009 -5"><span class='ocrx_word' id='word_1_2' title='bbox 964 581 1045 639; x_wconf 76' lang='lat' dir='ltr'>Vl&#39;l&#39;d</span> <span class='ocrx_word' id='word_1_3' title='bbox 1063 581 1091 638; x_wconf 80' lang='lat' dir='ltr'>S.</span> <span class='ocrx_word' id='word_1_4' title='bbox 1112 582 1306 643; x_wconf 74' lang='lat' dir='ltr'>baberent.</span> 
     </span>
    </p>
   </div>
   <div class='ocr_carea' id='block_1_3' title="bbox 1891 552 1962 653">
    <p class='ocr_par' dir='ltr' id='par_1_3' title="bbox 1891 552 1962 653">
     <span class='ocr_line' id='line_1_3' title="bbox 1891 552 1962 653; baseline 0 -1"><span class='ocrx_word' id='word_1_5' title='bbox 1891 552 1893 561; x_wconf 66' lang='grc'><strong>’</strong></span> <span class='ocrx_word' id='word_1_6' title='bbox 1912 594 1962 653; x_wconf 82' lang='lat' dir='ltr'>rat</span> 
     </span>
    </p>
   </div>
   <div class='ocr_carea' id='block_1_4' title="bbox 312 706 1962 809">
    <p class='ocr_par' dir='ltr' id='par_1_4' title="bbox 312 706 1962 809">
     <span class='ocr_line' id='line_1_4' title="bbox 312 706 1962 809; baseline 0.008 -29"><span class='ocrx_word' id='word_1_7' title='bbox 312 725 369 781; x_wconf 88' lang='lat' dir='ltr'>Deo</span> <span class='ocrx_word' id='word_1_8' title='bbox 382 738 436 783; x_wconf 90' lang='lat' dir='ltr'>non</span> <span class='ocrx_word' id='word_1_9' title='bbox 461 727 600 798; x_wconf 75' lang='lat' dir='ltr'>accedam,</span> <span class='ocrx_word' id='word_1_10' title='bbox 628 727 681 785; x_wconf 91' lang='lat' dir='ltr'>nisi</span> <span class='ocrx_word' id='word_1_11' title='bbox 703 727 792 801; x_wconf 89' lang='lat' dir='ltr'>primo</span> <span class='ocrx_word' id='word_1_12' title='bbox 819 728 858 784; x_wconf 92' lang='lat' dir='ltr'>illi</span> <span class='ocrx_word' id='word_1_13' title='bbox 880 726 926 799; x_wconf 88' lang='lat' dir='ltr'>qui</span> <span class='ocrx_word' id='word_1_14' title='bbox 947 706 1151 798; x_wconf 72' lang='lat' dir='ltr'>deprenensiA</span> <span class='ocrx_word' id='word_1_15' title='bbox 1202 729 1254 785; x_wconf 86' lang='lat' dir='ltr'>Per</span> <span class='ocrx_word' id='word_1_16' title='bbox 1267 729 1295 785; x_wconf 92' lang='lat' dir='ltr'>id</span> <span class='ocrx_word' id='word_1_17' title='bbox 1309 730 1393 788; x_wconf 83' lang='lat' dir='ltr'>terme</span> <span class='ocrx_word' id='word_1_18' title='bbox 1408 732 1538 805; x_wconf 90' lang='lat' dir='ltr'>temporis</span> <span class='ocrx_word' id='word_1_19' title='bbox 1551 738 1663 809; x_wconf 80' lang='lat' dir='ltr'>rogetus</span> <span class='ocrx_word' id='word_1_20' title='bbox 1677 752 1693 791; x_wconf 89' lang='lat' dir='ltr'>a</span> <span class='ocrx_word' id='word_1_21' title='bbox 1707 734 1823 807; x_wconf 86' lang='lat' dir='ltr'>quodam</span> <span class='ocrx_word' id='word_1_22' title='bbox 1839 734 1900 793; x_wconf 88' lang='lat' dir='ltr'>viro</span> <span class='ocrx_word' id='word_1_23' title='bbox 1910 752 1962 793; x_wconf 90' lang='lat' dir='ltr'>no-</span> 
     </span>
    </p>
   </div>
   <div class='ocr_carea' id='block_1_5' title="bbox 310 816 1113 1687">
    <p class='ocr_par' dir='ltr' id='par_1_5' title="bbox 310 816 1113 1687">
     <span class='ocr_line' id='line_1_5' title="bbox 311 816 1113 888; baseline 0.002 -19"><span class='ocrx_word' id='word_1_24' title='bbox 311 822 383 883; x_wconf 88' lang='lat' dir='ltr'>sunt,</span> <span class='ocrx_word' id='word_1_25' title='bbox 398 830 460 870; x_wconf 89' lang='lat' dir='ltr'>earu</span> <span class='ocrx_word' id='word_1_26' title='bbox 475 830 557 887; x_wconf 88' lang='lat' dir='ltr'>quam</span> <span class='ocrx_word' id='word_1_27' title='bbox 570 818 599 873; x_wconf 91' lang='lat' dir='ltr'>in</span> <span class='ocrx_word' id='word_1_28' title='bbox 612 819 768 876; x_wconf 82' lang='lat' dir='ltr'>seductione</span> <span class='ocrx_word' id='word_1_29' title='bbox 784 818 864 875; x_wconf 80' lang='lat' dir='ltr'>tonus</span> <span class='ocrx_word' id='word_1_30' title='bbox 877 816 973 888; x_wconf 94' lang='lat' dir='ltr'>populi</span> <span class='ocrx_word' id='word_1_31' title='bbox 999 830 1113 888; x_wconf 83' lang='lat' dir='ltr'>prome·</span> 
     </span>
     <span class='ocr_line' id='line_1_6' title="bbox 312 903 1112 977; baseline 0.001 -18"><span class='ocrx_word' id='word_1_32' title='bbox 312 912 422 959; x_wconf 85' lang='lat' dir='ltr'>ruerunt</span> <span class='ocrx_word' id='word_1_33' title='bbox 436 905 568 961; x_wconf 76' lang='lat' dir='ltr'>subierint</span> <span class='ocrx_word' id='word_1_34' title='bbox 581 922 701 977; x_wconf 87' lang='lat' dir='ltr'>poenam.</span> <span class='ocrx_word' id='word_1_35' title='bbox 718 907 747 963; x_wconf 87' lang='lat' dir='ltr'>Si</span> <span class='ocrx_word' id='word_1_36' title='bbox 761 908 832 964; x_wconf 88' lang='lat' dir='ltr'>enim</span> <span class='ocrx_word' id='word_1_37' title='bbox 856 907 885 961; x_wconf 91' lang='lat' dir='ltr'>iu</span> <span class='ocrx_word' id='word_1_38' title='bbox 911 905 1014 961; x_wconf 91' lang='lat' dir='ltr'>ultione</span> <span class='ocrx_word' id='word_1_39' title='bbox 1044 903 1112 960; x_wconf 83' lang='lat' dir='ltr'>nati</span> 
     </span>
     <span class='ocr_line' id='line_1_7' title="bbox 311 992 1113 1067; baseline 0.004 -21"><span class='ocrx_word' id='word_1_40' title='bbox 311 992 375 1048; x_wconf 88' lang='lat' dir='ltr'>mali</span> <span class='ocrx_word' id='word_1_41' title='bbox 387 1009 451 1048; x_wconf 89' lang='lat' dir='ltr'>cum</span> <span class='ocrx_word' id='word_1_42' title='bbox 465 995 605 1067; x_wconf 76' lang='lat' dir='ltr'>negotium</span> <span class='ocrx_word' id='word_1_43' title='bbox 621 1012 667 1051; x_wconf 88' lang='lat' dir='ltr'>me</span> <span class='ocrx_word' id='word_1_44' title='bbox 680 997 807 1067; x_wconf 76' lang='lat' dir='ltr'>respiciat</span> <span class='ocrx_word' id='word_1_45' title='bbox 832 998 919 1051; x_wconf 86' lang='lat' dir='ltr'>Deum</span> <span class='ocrx_word' id='word_1_46' title='bbox 933 993 1041 1067; x_wconf 90' lang='lat' dir='ltr'>placare</span> <span class='ocrx_word' id='word_1_47' title='bbox 1064 1010 1113 1049; x_wconf 92' lang='lat' dir='ltr'>su-</span> 
     </span>
     <span class='ocr_line' id='line_1_8' title="bbox 310 1081 1113 1153; baseline 0.002 -18"><span class='ocrx_word' id='word_1_48' title='bbox 310 1082 457 1151; x_wconf 89' lang='lat' dir='ltr'>persedeo,</span> <span class='ocrx_word' id='word_1_49' title='bbox 472 1083 611 1153; x_wconf 87' lang='lat' dir='ltr'>quomodo</span> <span class='ocrx_word' id='word_1_50' title='bbox 626 1084 701 1140; x_wconf 90' lang='lat' dir='ltr'>illum</span> <span class='ocrx_word' id='word_1_51' title='bbox 715 1085 750 1140; x_wconf 88' lang='lat' dir='ltr'>de</span> <span class='ocrx_word' id='word_1_52' title='bbox 761 1084 887 1140; x_wconf 89' lang='lat' dir='ltr'>manibus</span> <span class='ocrx_word' id='word_1_53' title='bbox 909 1084 978 1139; x_wconf 89' lang='lat' dir='ltr'>meis</span> <span class='ocrx_word' id='word_1_54' title='bbox 1004 1081 1113 1138; x_wconf 87' lang='lat' dir='ltr'>sacrifi·</span> 
     </span>
     <span class='ocr_line' id='line_1_9' title="bbox 311 1170 1111 1244; baseline 0.001 -19"><span class='ocrx_word' id='word_1_55' title='bbox 311 1170 384 1225; x_wconf 90' lang='lat' dir='ltr'>cium</span> <span class='ocrx_word' id='word_1_56' title='bbox 399 1180 586 1241; x_wconf 88' lang='lat' dir='ltr'>suscepturum</span> <span class='ocrx_word' id='word_1_57' title='bbox 601 1188 713 1243; x_wconf 90' lang='lat' dir='ltr'>sperare</span> <span class='ocrx_word' id='word_1_58' title='bbox 727 1188 798 1244; x_wconf 90' lang='lat' dir='ltr'>queo</span> <span class='ocrx_word' id='word_1_59' title='bbox 808 1175 822 1226; x_wconf 80' lang='lat' dir='ltr'>‘l</span> <span class='ocrx_word' id='word_1_60' title='bbox 832 1174 886 1229; x_wconf 87' lang='lat' dir='ltr'>Sed</span> <span class='ocrx_word' id='word_1_61' title='bbox 901 1173 960 1229; x_wconf 79' lang='lat' dir='ltr'>baec</span> <span class='ocrx_word' id='word_1_62' title='bbox 973 1172 1038 1227; x_wconf 91' lang='lat' dir='ltr'>licet</span> <span class='ocrx_word' id='word_1_63' title='bbox 1047 1187 1111 1227; x_wconf 91' lang='lat' dir='ltr'>cru-</span> 
     </span>
     <span class='ocr_line' id='line_1_10' title="bbox 312 1257 1113 1332; baseline 0.002 -20"><span class='ocrx_word' id='word_1_64' title='bbox 312 1257 416 1314; x_wconf 83' lang='lat' dir='ltr'>delitati</span> <span class='ocrx_word' id='word_1_65' title='bbox 437 1260 542 1329; x_wconf 84' lang='lat' dir='ltr'>possint</span> <span class='ocrx_word' id='word_1_66' title='bbox 568 1262 677 1331; x_wconf 88' lang='lat' dir='ltr'>ascribi,</span> <span class='ocrx_word' id='word_1_67' title='bbox 706 1262 764 1317; x_wconf 88' lang='lat' dir='ltr'>Deo</span> <span class='ocrx_word' id='word_1_68' title='bbox 788 1270 877 1319; x_wconf 89' lang='lat' dir='ltr'>tamen</span> <span class='ocrx_word' id='word_1_69' title='bbox 906 1269 980 1332; x_wconf 86' lang='lat' dir='ltr'>patet</span> <span class='ocrx_word' id='word_1_70' title='bbox 999 1258 1113 1315; x_wconf 91' lang='lat' dir='ltr'>intentio</span> 
     </span>
     <span class='ocr_line' id='line_1_11' title="bbox 312 1348 1112 1423; baseline -0.001 -21"><span class='ocrx_word' id='word_1_71' title='bbox 312 1362 387 1403; x_wconf 88' lang='lat' dir='ltr'>mea.</span> <span class='ocrx_word' id='word_1_72' title='bbox 411 1348 564 1420; x_wconf 79' lang='lat' dir='ltr'>Laaryme,</span> <span class='ocrx_word' id='word_1_73' title='bbox 592 1352 711 1423; x_wconf 81' lang='lat' dir='ltr'>gemitus</span> <span class='ocrx_word' id='word_1_74' title='bbox 730 1360 811 1421; x_wconf 89' lang='lat' dir='ltr'>atque</span> <span class='ocrx_word' id='word_1_75' title='bbox 834 1350 949 1421; x_wconf 88' lang='lat' dir='ltr'>suspiria</span> <span class='ocrx_word' id='word_1_76' title='bbox 969 1348 1112 1405; x_wconf 79' lang='lat' dir='ltr'>viduarum</span> 
     </span>
     <span class='ocr_line' id='line_1_12' title="bbox 313 1436 1112 1513; baseline 0.003 -24"><span class='ocrx_word' id='word_1_77' title='bbox 313 1451 347 1490; x_wconf 88' lang='lat' dir='ltr'>ac</span> <span class='ocrx_word' id='word_1_78' title='bbox 359 1436 534 1506; x_wconf 87' lang='lat' dir='ltr'>pupillorum,</span> <span class='ocrx_word' id='word_1_79' title='bbox 547 1437 651 1495; x_wconf 88' lang='lat' dir='ltr'>clamor</span> <span class='ocrx_word' id='word_1_80' title='bbox 660 1454 768 1510; x_wconf 87' lang='lat' dir='ltr'>quoqne</span> <span class='ocrx_word' id='word_1_81' title='bbox 778 1441 853 1513; x_wconf 84' lang='lat' dir='ltr'>vulgi</span> <span class='ocrx_word' id='word_1_82' title='bbox 866 1440 950 1496; x_wconf 88' lang='lat' dir='ltr'>totius</span> <span class='ocrx_word' id='word_1_83' title='bbox 970 1436 1037 1493; x_wconf 83' lang='lat' dir='ltr'>miii</span> <span class='ocrx_word' id='word_1_84' title='bbox 1065 1436 1112 1491; x_wconf 90' lang='lat' dir='ltr'>in-</span> 
     </span>
     <span class='ocr_line' id='line_1_13' title="bbox 312 1523 1111 1601; baseline 0.001 -21"><span class='ocrx_word' id='word_1_85' title='bbox 312 1523 427 1591; x_wconf 89' lang='lat' dir='ltr'>cumbit,</span> <span class='ocrx_word' id='word_1_86' title='bbox 442 1533 469 1581; x_wconf 89' lang='lat' dir='ltr'>et</span> <span class='ocrx_word' id='word_1_87' title='bbox 482 1527 677 1584; x_wconf 86' lang='lat' dir='ltr'>correctionem</span> <span class='ocrx_word' id='word_1_88' title='bbox 694 1529 774 1601; x_wconf 87' lang='lat' dir='ltr'>hujus</span> <span class='ocrx_word' id='word_1_89' title='bbox 788 1530 854 1584; x_wconf 89' lang='lat' dir='ltr'>mali</span> <span class='ocrx_word' id='word_1_90' title='bbox 876 1527 1009 1599; x_wconf 89' lang='lat' dir='ltr'>deposcit.</span> <span class='ocrx_word' id='word_1_91' title='bbox 1034 1526 1111 1595; x_wconf 86' lang='lat' dir='ltr'>Quo-</span> 
     </span>
     <span class='ocr_line' id='line_1_14' title="bbox 312 1612 1112 1687; baseline 0.003 -21"><span class='ocrx_word' id='word_1_92' title='bbox 312 1627 375 1667; x_wconf 90' lang='lat' dir='ltr'>rum</span> <span class='ocrx_word' id='word_1_93' title='bbox 390 1612 564 1671; x_wconf 83' lang='lat' dir='ltr'>afflictionem</span> <span class='ocrx_word' id='word_1_94' title='bbox 588 1616 621 1683; x_wconf 92' lang='lat' dir='ltr'>si,</span> <span class='ocrx_word' id='word_1_95' title='bbox 652 1618 823 1687; x_wconf 89' lang='lat' dir='ltr'>quantumin</span> <span class='ocrx_word' id='word_1_96' title='bbox 850 1633 894 1673; x_wconf 92' lang='lat' dir='ltr'>me</span> <span class='ocrx_word' id='word_1_97' title='bbox 921 1625 961 1672; x_wconf 88' lang='lat' dir='ltr'>est</span> <span class='ocrx_word' id='word_1_98' title='bbox 987 1615 1112 1687; x_wconf 89' lang='lat' dir='ltr'>mitigare</span> 
     </span>
    </p>
   </div>
   <div class='ocr_carea' id='block_1_6' title="bbox 1165 816 1967 1693">
    <p class='ocr_par' dir='ltr' id='par_1_6' title="bbox 1165 816 1967 1693">
     <span class='ocr_line' id='line_1_15' title="bbox 1166 816 1964 897; baseline 0.01 -25"><span class='ocrx_word' id='word_1_99' title='bbox 1166 816 1214 873; x_wconf 92' lang='lat' dir='ltr'>bili</span> <span class='ocrx_word' id='word_1_100' title='bbox 1234 818 1373 893; x_wconf 84' lang='lat' dir='ltr'>religioso,</span> <span class='ocrx_word' id='word_1_101' title='bbox 1407 822 1543 879; x_wconf 85' lang='lat' dir='ltr'>dedicavit</span> <span class='ocrx_word' id='word_1_102' title='bbox 1570 825 1595 880; x_wconf 92' lang='lat' dir='ltr'>ei</span> <span class='ocrx_word' id='word_1_103' title='bbox 1619 825 1770 891; x_wconf 88' lang='lat' dir='ltr'>ecclesiam,</span> <span class='ocrx_word' id='word_1_104' title='bbox 1800 841 1880 897; x_wconf 90' lang='lat' dir='ltr'>quam</span> <span class='ocrx_word' id='word_1_105' title='bbox 1904 826 1964 896; x_wconf 90' lang='lat' dir='ltr'>ipse</span> 
     </span>
     <span class='ocr_line' id='line_1_16' title="bbox 1166 906 1966 985; baseline 0.015 -26"><span class='ocrx_word' id='word_1_106' title='bbox 1166 906 1194 960; x_wconf 93' lang='lat' dir='ltr'>iu</span> <span class='ocrx_word' id='word_1_107' title='bbox 1208 922 1257 963; x_wconf 93' lang='lat' dir='ltr'>suo</span> <span class='ocrx_word' id='word_1_108' title='bbox 1273 908 1357 965; x_wconf 81' lang='lat' dir='ltr'>fundo</span> <span class='ocrx_word' id='word_1_109' title='bbox 1370 918 1564 967; x_wconf 84' lang='lat' dir='ltr'>construxerat.</span> <span class='ocrx_word' id='word_1_110' title='bbox 1581 913 1633 969; x_wconf 88' lang='lat' dir='ltr'>Ubi</span> <span class='ocrx_word' id='word_1_111' title='bbox 1645 914 1680 969; x_wconf 86' lang='lat' dir='ltr'>ad</span> <span class='ocrx_word' id='word_1_112' title='bbox 1695 914 1875 973; x_wconf 89' lang='lat' dir='ltr'>ministerium</span> <span class='ocrx_word' id='word_1_113' title='bbox 1895 930 1966 985; x_wconf 85' lang='lat' dir='ltr'>aqua</span> 
     </span>
     <span class='ocr_line' id='line_1_17' title="bbox 1166 993 1966 1065; baseline 0.011 -15"><span class='ocrx_word' id='word_1_114' title='bbox 1166 993 1318 1065; x_wconf 86' lang='lat' dir='ltr'>deliciante,</span> <span class='ocrx_word' id='word_1_115' title='bbox 1338 1006 1366 1053; x_wconf 89' lang='lat' dir='ltr'>et</span> <span class='ocrx_word' id='word_1_116' title='bbox 1378 997 1623 1057; x_wconf 88' lang='lat' dir='ltr'>obbocbomlnem</span> <span class='ocrx_word' id='word_1_117' title='bbox 1643 1003 1772 1059; x_wconf 89' lang='lat' dir='ltr'>nonnulla</span> <span class='ocrx_word' id='word_1_118' title='bbox 1782 1002 1966 1059; x_wconf 89' lang='lat' dir='ltr'>moestitudine</span> 
     </span>
     <span class='ocr_line' id='line_1_18' title="bbox 1165 1084 1966 1162; baseline 0.009 -23"><span class='ocrx_word' id='word_1_119' title='bbox 1165 1084 1341 1154; x_wconf 90' lang='lat' dir='ltr'>corripiente,</span> <span class='ocrx_word' id='word_1_120' title='bbox 1352 1087 1468 1143; x_wconf 84' lang='lat' dir='ltr'>samatus</span> <span class='ocrx_word' id='word_1_121' title='bbox 1482 1089 1531 1144; x_wconf 91' lang='lat' dir='ltr'>Dei</span> <span class='ocrx_word' id='word_1_122' title='bbox 1543 1090 1686 1160; x_wconf 82' lang='lat' dir='ltr'>praemissa</span> <span class='ocrx_word' id='word_1_123' title='bbox 1705 1107 1787 1162; x_wconf 89' lang='lat' dir='ltr'>prece</span> <span class='ocrx_word' id='word_1_124' title='bbox 1807 1099 1905 1147; x_wconf 87' lang='lat' dir='ltr'>terram</span> <span class='ocrx_word' id='word_1_125' title='bbox 1915 1093 1966 1146; x_wconf 89' lang='lat' dir='ltr'>ba-</span> 
     </span>
     <span class='ocr_line' id='line_1_19' title="bbox 1166 1170 1965 1249; baseline 0.006 -21"><span class='ocrx_word' id='word_1_126' title='bbox 1166 1170 1226 1228; x_wconf 84' lang='lat' dir='ltr'>culo</span> <span class='ocrx_word' id='word_1_127' title='bbox 1241 1174 1386 1243; x_wconf 82' lang='lat' dir='ltr'>percussit,</span> <span class='ocrx_word' id='word_1_128' title='bbox 1402 1176 1527 1249; x_wconf 86' lang='lat' dir='ltr'>illicoque</span> <span class='ocrx_word' id='word_1_129' title='bbox 1538 1179 1813 1249; x_wconf 85' lang='lat' dir='ltr'>lonslimpidissimus</span> <span class='ocrx_word' id='word_1_130' title='bbox 1821 1194 1965 1249; x_wconf 88' lang='lat' dir='ltr'>erumpens</span> 
     </span>
     <span class='ocr_line' id='line_1_20' title="bbox 1166 1262 1964 1335; baseline 0.005 -18"><span class='ocrx_word' id='word_1_131' title='bbox 1166 1277 1266 1317; x_wconf 91' lang='lat' dir='ltr'>omnes</span> <span class='ocrx_word' id='word_1_132' title='bbox 1281 1262 1327 1335; x_wconf 91' lang='lat' dir='ltr'>qui</span> <span class='ocrx_word' id='word_1_133' title='bbox 1337 1272 1483 1334; x_wconf 75' lang='lat' dir='ltr'>pausantes</span> <span class='ocrx_word' id='word_1_134' title='bbox 1497 1273 1574 1321; x_wconf 90' lang='lat' dir='ltr'>erant</span> <span class='ocrx_word' id='word_1_135' title='bbox 1589 1283 1642 1323; x_wconf 92' lang='lat' dir='ltr'>non</span> <span class='ocrx_word' id='word_1_136' title='bbox 1657 1269 1795 1326; x_wconf 89' lang='lat' dir='ltr'>modicum</span> <span class='ocrx_word' id='word_1_137' title='bbox 1811 1267 1964 1325; x_wconf 83' lang='lat' dir='ltr'>laetificavit.</span> 
     </span>
     <span class='ocr_line' id='line_1_21' title="bbox 1165 1349 1961 1423; baseline 0.008 -18"><span class='ocrx_word' id='word_1_138' title='bbox 1165 1349 1293 1420; x_wconf 82' lang='lat' dir='ltr'>Quifons</span> <span class='ocrx_word' id='word_1_139' title='bbox 1309 1353 1485 1423; x_wconf 87' lang='lat' dir='ltr'>usquebodie</span> <span class='ocrx_word' id='word_1_140' title='bbox 1513 1370 1626 1411; x_wconf 76' lang='lat' dir='ltr'>mersans</span> <span class='ocrx_word' id='word_1_141' title='bbox 1653 1357 1783 1412; x_wconf 87' lang='lat' dir='ltr'>Dnustani</span> <span class='ocrx_word' id='word_1_142' title='bbox 1812 1372 1910 1413; x_wconf 90' lang='lat' dir='ltr'>nomeu</span> <span class='ocrx_word' id='word_1_143' title='bbox 1934 1364 1961 1413; x_wconf 90' lang='lat' dir='ltr'>et</span> 
     </span>
     <span class='ocr_line' id='line_1_22' title="bbox 1165 1438 1966 1515; baseline 0.006 -23"><span class='ocrx_word' id='word_1_144' title='bbox 1165 1440 1290 1493; x_wconf 89' lang='lat' dir='ltr'>meritum</span> <span class='ocrx_word' id='word_1_145' title='bbox 1305 1438 1413 1495; x_wconf 88' lang='lat' dir='ltr'>celebre</span> <span class='ocrx_word' id='word_1_146' title='bbox 1428 1440 1502 1497; x_wconf 87' lang='lat' dir='ltr'>lacit.</span> <span class='ocrx_word' id='word_1_147' title='bbox 1519 1442 1595 1498; x_wconf 90' lang='lat' dir='ltr'>Idem</span> <span class='ocrx_word' id='word_1_148' title='bbox 1610 1444 1696 1515; x_wconf 89' lang='lat' dir='ltr'>Pater,</span> <span class='ocrx_word' id='word_1_149' title='bbox 1720 1461 1736 1501; x_wconf 87' lang='lat' dir='ltr'>a</span> <span class='ocrx_word' id='word_1_150' title='bbox 1765 1444 1911 1499; x_wconf 87' lang='lat' dir='ltr'>Cautnarie</span> <span class='ocrx_word' id='word_1_151' title='bbox 1937 1444 1966 1497; x_wconf 90' lang='lat' dir='ltr'>in</span> 
     </span>
     <span class='ocr_line' id='line_1_23' title="bbox 1166 1527 1967 1604; baseline 0.009 -24"><span class='ocrx_word' id='word_1_152' title='bbox 1166 1527 1325 1582; x_wconf 88' lang='lat' dir='ltr'>remotiores</span> <span class='ocrx_word' id='word_1_153' title='bbox 1353 1527 1430 1584; x_wconf 88' lang='lat' dir='ltr'>villas</span> <span class='ocrx_word' id='word_1_154' title='bbox 1456 1547 1518 1585; x_wconf 88' lang='lat' dir='ltr'>suas</span> <span class='ocrx_word' id='word_1_155' title='bbox 1546 1533 1705 1602; x_wconf 86' lang='lat' dir='ltr'>opportunis</span> <span class='ocrx_word' id='word_1_156' title='bbox 1728 1533 1823 1603; x_wconf 90' lang='lat' dir='ltr'>spatiis</span> <span class='ocrx_word' id='word_1_157' title='bbox 1849 1531 1967 1604; x_wconf 83' lang='lat' dir='ltr'>hospitia</span> 
     </span>
     <span class='ocr_line' id='line_1_24' title="bbox 1166 1616 1966 1693; baseline 0.01 -24"><span class='ocrx_word' id='word_1_158' title='bbox 1166 1630 1216 1670; x_wconf 88' lang='lat' dir='ltr'>sua</span> <span class='ocrx_word' id='word_1_159' title='bbox 1230 1616 1388 1687; x_wconf 82' lang='lat' dir='ltr'>disponens,</span> <span class='ocrx_word' id='word_1_160' title='bbox 1410 1619 1482 1688; x_wconf 89' lang='lat' dir='ltr'>apud</span> <span class='ocrx_word' id='word_1_161' title='bbox 1497 1620 1694 1693; x_wconf 86' lang='lat' dir='ltr'>liegaveldam,</span> <span class='ocrx_word' id='word_1_162' title='bbox 1711 1622 1782 1677; x_wconf 90' lang='lat' dir='ltr'>sicut</span> <span class='ocrx_word' id='word_1_163' title='bbox 1795 1630 1822 1677; x_wconf 90' lang='lat' dir='ltr'>et</span> <span class='ocrx_word' id='word_1_164' title='bbox 1849 1622 1876 1677; x_wconf 93' lang='lat' dir='ltr'>in</span> <span class='ocrx_word' id='word_1_165' title='bbox 1904 1621 1966 1677; x_wconf 87' lang='lat' dir='ltr'>allia</span> 
     </span>
    </p>
   </div>
   <div class='ocr_carea' id='block_1_7' title="bbox 307 1702 1968 4967">
    <p class='ocr_par' dir='ltr' id='par_1_7' title="bbox 308 1702 1966 3020">
     <span class='ocr_line' id='line_1_25' title="bbox 311 1702 1964 1782; baseline 0.005 -27"><span class='ocrx_word' id='word_1_166' title='bbox 311 1716 367 1756; x_wconf 92' lang='lat' dir='ltr'>non</span> <span class='ocrx_word' id='word_1_167' title='bbox 379 1702 501 1771; x_wconf 88' lang='lat' dir='ltr'>intendo,</span> <span class='ocrx_word' id='word_1_168' title='bbox 517 1706 644 1761; x_wconf 82' lang='lat' dir='ltr'>ellicum</span> <span class='ocrx_word' id='word_1_169' title='bbox 659 1706 704 1776; x_wconf 90' lang='lat' dir='ltr'>qni</span> <span class='ocrx_word' id='word_1_170' title='bbox 719 1706 867 1779; x_wconf 79' lang='lat' dir='ltr'>gemitibus</span> <span class='ocrx_word' id='word_1_171' title='bbox 878 1721 972 1763; x_wconf 87' lang='lat' dir='ltr'>eorum</span> <span class='ocrx_word' id='word_1_172' title='bbox 983 1704 1112 1776; x_wconf 90' lang='lat' dir='ltr'>compati·</span> <span class='ocrx_word' id='word_1_173' title='bbox 1165 1704 1343 1776; x_wconf 88' lang='lat' dir='ltr'>bospitiomm</span> <span class='ocrx_word' id='word_1_174' title='bbox 1363 1722 1473 1761; x_wconf 90' lang='lat' dir='ltr'>suorum</span> <span class='ocrx_word' id='word_1_175' title='bbox 1488 1706 1563 1770; x_wconf 82' lang='lat' dir='ltr'>locis.</span> <span class='ocrx_word' id='word_1_176' title='bbox 1580 1708 1698 1782; x_wconf 83' lang='lat' dir='ltr'>ligneam</span> <span class='ocrx_word' id='word_1_177' title='bbox 1713 1711 1855 1767; x_wconf 88' lang='lat' dir='ltr'>ecclesiam</span> <span class='ocrx_word' id='word_1_178' title='bbox 1875 1710 1964 1765; x_wconf 88' lang='lat' dir='ltr'>labri·</span> 
     </span>
     <span class='ocr_line' id='line_1_26' title="bbox 313 1790 1965 1868; baseline 0.006 -25"><span class='ocrx_word' id='word_1_179' title='bbox 313 1796 359 1844; x_wconf 90' lang='lat' dir='ltr'>tur</span> <span class='ocrx_word' id='word_1_180' title='bbox 373 1790 453 1844; x_wconf 76' lang='lat' dir='ltr'>mmis</span> <span class='ocrx_word' id='word_1_181' title='bbox 466 1790 583 1855; x_wconf 81' lang='lat' dir='ltr'>offendo,</span> <span class='ocrx_word' id='word_1_182' title='bbox 599 1802 625 1850; x_wconf 92' lang='lat' dir='ltr'>et</span> <span class='ocrx_word' id='word_1_183' title='bbox 635 1794 704 1850; x_wconf 91' lang='lat' dir='ltr'>alios</span> <span class='ocrx_word' id='word_1_184' title='bbox 717 1796 753 1851; x_wconf 88' lang='lat' dir='ltr'>ad</span> <span class='ocrx_word' id='word_1_185' title='bbox 766 1796 840 1851; x_wconf 91' lang='lat' dir='ltr'>idem</span> <span class='ocrx_word' id='word_1_186' title='bbox 859 1795 963 1850; x_wconf 90' lang='lat' dir='ltr'>malum</span> <span class='ocrx_word' id='word_1_187' title='bbox 990 1808 1111 1849; x_wconf 81' lang='lat' dir='ltr'>exercen·</span> <span class='ocrx_word' id='word_1_188' title='bbox 1165 1795 1244 1849; x_wconf 90' lang='lat' dir='ltr'>cavit.</span> <span class='ocrx_word' id='word_1_189' title='bbox 1261 1793 1349 1863; x_wconf 88' lang='lat' dir='ltr'>Quam</span> <span class='ocrx_word' id='word_1_190' title='bbox 1364 1794 1478 1865; x_wconf 88' lang='lat' dir='ltr'>ipsemet</span> <span class='ocrx_word' id='word_1_191' title='bbox 1489 1798 1629 1868; x_wconf 87' lang='lat' dir='ltr'>dedicans,</span> <span class='ocrx_word' id='word_1_192' title='bbox 1638 1800 1701 1855; x_wconf 91' lang='lat' dir='ltr'>dum</span> <span class='ocrx_word' id='word_1_193' title='bbox 1713 1815 1747 1855; x_wconf 90' lang='lat' dir='ltr'>ex</span> <span class='ocrx_word' id='word_1_194' title='bbox 1758 1814 1833 1855; x_wconf 89' lang='lat' dir='ltr'>more</span> <span class='ocrx_word' id='word_1_195' title='bbox 1850 1799 1965 1855; x_wconf 89' lang='lat' dir='ltr'>circum·</span> 
     </span>
     <span class='ocr_line' id='line_1_27' title="bbox 309 1877 1964 1955; baseline 0.006 -23"><span class='ocrx_word' id='word_1_196' title='bbox 309 1877 377 1933; x_wconf 90' lang='lat' dir='ltr'>dum</span> <span class='ocrx_word' id='word_1_197' title='bbox 390 1880 573 1951; x_wconf 87' lang='lat' dir='ltr'>promptiores</span> <span class='ocrx_word' id='word_1_198' title='bbox 588 1890 615 1938; x_wconf 93' lang='lat' dir='ltr'>et</span> <span class='ocrx_word' id='word_1_199' title='bbox 629 1884 787 1941; x_wconf 85' lang='lat' dir='ltr'>audaciores</span> <span class='ocrx_word' id='word_1_200' title='bbox 801 1885 913 1939; x_wconf 74' lang='lat' dir='ltr'>facio.»</span> <span class='ocrx_word' id='word_1_201' title='bbox 944 1883 1068 1950; x_wconf 81' lang='lat' dir='ltr'>Dixerat,</span> <span class='ocrx_word' id='word_1_202' title='bbox 1084 1889 1112 1936; x_wconf 90' lang='lat' dir='ltr'>et</span> <span class='ocrx_word' id='word_1_203' title='bbox 1164 1882 1216 1937; x_wconf 82' lang='lat' dir='ltr'>iret</span> <span class='ocrx_word' id='word_1_204' title='bbox 1230 1891 1255 1939; x_wconf 92' lang='lat' dir='ltr'>et</span> <span class='ocrx_word' id='word_1_205' title='bbox 1274 1900 1332 1939; x_wconf 91' lang='lat' dir='ltr'>eam</span> <span class='ocrx_word' id='word_1_206' title='bbox 1348 1884 1382 1939; x_wconf 89' lang='lat' dir='ltr'>ad</span> <span class='ocrx_word' id='word_1_207' title='bbox 1398 1885 1616 1955; x_wconf 85' lang='lat' dir='ltr'>aeqniuootialem</span> <span class='ocrx_word' id='word_1_208' title='bbox 1640 1888 1705 1942; x_wconf 90' lang='lat' dir='ltr'>solis</span> <span class='ocrx_word' id='word_1_209' title='bbox 1733 1897 1819 1943; x_wconf 90' lang='lat' dir='ltr'>ortum</span> <span class='ocrx_word' id='word_1_210' title='bbox 1853 1888 1964 1943; x_wconf 89' lang='lat' dir='ltr'>minime</span> 
     </span>
     <span class='ocr_line' id='line_1_28' title="bbox 308 1968 1965 2048; baseline 0.007 -27"><span class='ocrx_word' id='word_1_211' title='bbox 308 1982 361 2035; x_wconf 88' lang='lat' dir='ltr'>pro</span> <span class='ocrx_word' id='word_1_212' title='bbox 375 1968 575 2038; x_wconf 85' lang='lat' dir='ltr'>poenaillorurn</span> <span class='ocrx_word' id='word_1_213' title='bbox 586 1971 633 2045; x_wconf 89' lang='lat' dir='ltr'>qni</span> <span class='ocrx_word' id='word_1_214' title='bbox 648 1987 744 2027; x_wconf 89' lang='lat' dir='ltr'>manns</span> <span class='ocrx_word' id='word_1_215' title='bbox 754 1980 831 2029; x_wconf 90' lang='lat' dir='ltr'>erant</span> <span class='ocrx_word' id='word_1_216' title='bbox 846 1973 979 2044; x_wconf 85' lang='lat' dir='ltr'>perdituri</span> <span class='ocrx_word' id='word_1_217' title='bbox 1009 1971 1110 2042; x_wconf 92' lang='lat' dir='ltr'>pietate</span> <span class='ocrx_word' id='word_1_218' title='bbox 1164 1986 1272 2026; x_wconf 83' lang='lat' dir='ltr'>versam</span> <span class='ocrx_word' id='word_1_219' title='bbox 1289 1972 1450 2043; x_wconf 86' lang='lat' dir='ltr'>perciperet,</span> <span class='ocrx_word' id='word_1_220' title='bbox 1479 1974 1564 2030; x_wconf 89' lang='lat' dir='ltr'>lertnr</span> <span class='ocrx_word' id='word_1_221' title='bbox 1592 1977 1665 2048; x_wconf 90' lang='lat' dir='ltr'>qnod</span> <span class='ocrx_word' id='word_1_222' title='bbox 1693 1978 1825 2033; x_wconf 89' lang='lat' dir='ltr'>transiens</span> <span class='ocrx_word' id='word_1_223' title='bbox 1852 1977 1965 2033; x_wconf 88' lang='lat' dir='ltr'>bnmem</span> 
     </span>
     <span class='ocr_line' id='line_1_29' title="bbox 308 2057 1964 2137; baseline 0.007 -28"><span class='ocrx_word' id='word_1_224' title='bbox 308 2063 408 2122; x_wconf 86' lang='lat' dir='ltr'>motus,</span> <span class='ocrx_word' id='word_1_225' title='bbox 424 2057 550 2130; x_wconf 87' lang='lat' dir='ltr'>lacrymis</span> <span class='ocrx_word' id='word_1_226' title='bbox 563 2068 665 2129; x_wconf 91' lang='lat' dir='ltr'>manat,</span> <span class='ocrx_word' id='word_1_227' title='bbox 680 2068 709 2116; x_wconf 94' lang='lat' dir='ltr'>ut</span> <span class='ocrx_word' id='word_1_228' title='bbox 721 2062 790 2117; x_wconf 89' lang='lat' dir='ltr'>satis</span> <span class='ocrx_word' id='word_1_229' title='bbox 803 2070 873 2117; x_wconf 90' lang='lat' dir='ltr'>esset</span> <span class='ocrx_word' id='word_1_230' title='bbox 883 2060 974 2118; x_wconf 87' lang='lat' dir='ltr'>videre</span> <span class='ocrx_word' id='word_1_231' title='bbox 997 2059 1030 2115; x_wconf 92' lang='lat' dir='ltr'>de</span> <span class='ocrx_word' id='word_1_232' title='bbox 1051 2075 1105 2129; x_wconf 89' lang='lat' dir='ltr'>quo</span> <span class='ocrx_word' id='word_1_233' title='bbox 1119 2068 1147 2129; x_wconf 86' lang='grc' dir='ltr'><strong>Β</strong></span> <span class='ocrx_word' id='word_1_234' title='bbox 1162 2075 1212 2115; x_wconf 91' lang='lat' dir='ltr'>suo</span> <span class='ocrx_word' id='word_1_235' title='bbox 1222 2061 1297 2117; x_wconf 89' lang='lat' dir='ltr'>illam</span> <span class='ocrx_word' id='word_1_236' title='bbox 1311 2060 1507 2135; x_wconf 90' lang='lat' dir='ltr'>aliquantulum</span> <span class='ocrx_word' id='word_1_237' title='bbox 1522 2066 1634 2135; x_wconf 89' lang='lat' dir='ltr'>pressit,</span> <span class='ocrx_word' id='word_1_238' title='bbox 1652 2081 1769 2137; x_wconf 79' lang='lat' dir='ltr'>moxque</span> <span class='ocrx_word' id='word_1_239' title='bbox 1790 2074 1920 2122; x_wconf 86' lang='lat' dir='ltr'>mutatam</span> <span class='ocrx_word' id='word_1_240' title='bbox 1947 2082 1964 2120; x_wconf 89' lang='lat' dir='ltr'>a</span> 
     </span>
     <span class='ocr_line' id='line_1_30' title="bbox 309 2144 1965 2225; baseline 0.007 -28"><span class='ocrx_word' id='word_1_241' title='bbox 309 2144 385 2200; x_wconf 82' lang='lat' dir='ltr'>fonte</span> <span class='ocrx_word' id='word_1_242' title='bbox 398 2148 692 2215; x_wconf 87' lang='lat' dir='ltr'>procedebatedictum</span> <span class='ocrx_word' id='word_1_243' title='bbox 708 2151 780 2222; x_wconf 88' lang='lat' dir='ltr'>quod</span> <span class='ocrx_word' id='word_1_244' title='bbox 802 2150 940 2207; x_wconf 84' lang='lat' dir='ltr'>nonnullis</span> <span class='ocrx_word' id='word_1_245' title='bbox 966 2148 1111 2206; x_wconf 88' lang='lat' dir='ltr'>videbatur</span> <span class='ocrx_word' id='word_1_246' title='bbox 1165 2149 1354 2219; x_wconf 88' lang='lat' dir='ltr'>propriostatu</span> <span class='ocrx_word' id='word_1_247' title='bbox 1373 2150 1401 2205; x_wconf 88' lang='lat' dir='ltr'>iu</span> <span class='ocrx_word' id='word_1_248' title='bbox 1415 2150 1534 2207; x_wconf 88' lang='lat' dir='ltr'>medium</span> <span class='ocrx_word' id='word_1_249' title='bbox 1562 2152 1674 2209; x_wconf 89' lang='lat' dir='ltr'>orientis</span> <span class='ocrx_word' id='word_1_250' title='bbox 1687 2153 1821 2211; x_wconf 80' lang='lat' dir='ltr'>tramitem</span> <span class='ocrx_word' id='word_1_251' title='bbox 1835 2168 1886 2225; x_wconf 89' lang='lat' dir='ltr'>pro</span> <span class='ocrx_word' id='word_1_252' title='bbox 1902 2160 1965 2211; x_wconf 91' lang='lat' dir='ltr'>voto</span> 
     </span>
     <span class='ocr_line' id='line_1_31' title="bbox 309 2233 1965 2312; baseline 0.005 -25"><span class='ocrx_word' id='word_1_253' title='bbox 309 2233 431 2290; x_wconf 90' lang='lat' dir='ltr'>crudele.</span> <span class='ocrx_word' id='word_1_254' title='bbox 459 2235 511 2291; x_wconf 88' lang='lat' dir='ltr'>Ubi</span> <span class='ocrx_word' id='word_1_255' title='bbox 540 2252 606 2293; x_wconf 87' lang='lat' dir='ltr'>vero</span> <span class='ocrx_word' id='word_1_256' title='bbox 638 2238 741 2296; x_wconf 85' lang='lat' dir='ltr'>audivit</span> <span class='ocrx_word' id='word_1_257' title='bbox 768 2240 945 2312; x_wconf 83' lang='lat' dir='ltr'>praestitutam</span> <span class='ocrx_word' id='word_1_258' title='bbox 978 2236 1110 2308; x_wconf 87' lang='lat' dir='ltr'>justitiam</span> <span class='ocrx_word' id='word_1_259' title='bbox 1165 2237 1305 2294; x_wconf 90' lang='lat' dir='ltr'>convertit.</span> <span class='ocrx_word' id='word_1_260' title='bbox 1322 2237 1400 2308; x_wconf 88' lang='lat' dir='ltr'>Quod</span> <span class='ocrx_word' id='word_1_261' title='bbox 1415 2238 1505 2309; x_wconf 90' lang='lat' dir='ltr'>ipsum</span> <span class='ocrx_word' id='word_1_262' title='bbox 1521 2240 1599 2297; x_wconf 88' lang='lat' dir='ltr'>laeile</span> <span class='ocrx_word' id='word_1_263' title='bbox 1612 2242 1731 2311; x_wconf 90' lang='lat' dir='ltr'>potuisse</span> <span class='ocrx_word' id='word_1_264' title='bbox 1747 2242 1856 2299; x_wconf 85' lang='lat' dir='ltr'>allicere</span> <span class='ocrx_word' id='word_1_265' title='bbox 1884 2256 1965 2297; x_wconf 91' lang='lat' dir='ltr'>nemo</span> 
     </span>
     <span class='ocr_line' id='line_1_32' title="bbox 308 2320 1966 2402; baseline 0.006 -27"><span class='ocrx_word' id='word_1_266' title='bbox 308 2320 422 2390; x_wconf 75' lang='lat' dir='ltr'>loomin,</span> <span class='ocrx_word' id='word_1_267' title='bbox 437 2326 563 2392; x_wconf 89' lang='lat' dir='ltr'>surrexit,</span> <span class='ocrx_word' id='word_1_268' title='bbox 579 2327 676 2383; x_wconf 88' lang='lat' dir='ltr'>aclota</span> <span class='ocrx_word' id='word_1_269' title='bbox 700 2328 772 2385; x_wconf 82' lang='lat' dir='ltr'>facie</span> <span class='ocrx_word' id='word_1_270' title='bbox 800 2329 834 2385; x_wconf 92' lang='lat' dir='ltr'>ad</span> <span class='ocrx_word' id='word_1_271' title='bbox 861 2327 1007 2384; x_wconf 88' lang='lat' dir='ltr'>oratorium</span> <span class='ocrx_word' id='word_1_272' title='bbox 1030 2326 1110 2381; x_wconf 88' lang='lat' dir='ltr'>exhi·</span> <span class='ocrx_word' id='word_1_273' title='bbox 1164 2325 1290 2399; x_wconf 81' lang='lat' dir='ltr'>ambigit,</span> <span class='ocrx_word' id='word_1_274' title='bbox 1301 2327 1354 2382; x_wconf 90' lang='lat' dir='ltr'>nisi</span> <span class='ocrx_word' id='word_1_275' title='bbox 1373 2326 1418 2399; x_wconf 90' lang='lat' dir='ltr'>qui</span> <span class='ocrx_word' id='word_1_276' title='bbox 1436 2327 1527 2383; x_wconf 85' lang='lat' dir='ltr'>verbis</span> <span class='ocrx_word' id='word_1_277' title='bbox 1536 2328 1643 2384; x_wconf 89' lang='lat' dir='ltr'>Domini</span> <span class='ocrx_word' id='word_1_278' title='bbox 1655 2330 1764 2398; x_wconf 85' lang='lat' dir='ltr'>Christi,</span> <span class='ocrx_word' id='word_1_279' title='bbox 1775 2330 1873 2402; x_wconf 91' lang='lat' dir='ltr'>quibus</span> <span class='ocrx_word' id='word_1_280' title='bbox 1885 2330 1966 2385; x_wconf 82' lang='lat' dir='ltr'>fidem</span> 
     </span>
     <span class='ocr_line' id='line_1_33' title="bbox 308 2404 1964 2490; baseline 0.006 -27"><span class='ocrx_word' id='word_1_281' title='bbox 308 2404 484 2469; x_wconf 83' lang='lat' dir='ltr'>leratovultu</span> <span class='ocrx_word' id='word_1_282' title='bbox 498 2414 596 2471; x_wconf 89' lang='lat' dir='ltr'>abiens</span> <span class='ocrx_word' id='word_1_283' title='bbox 610 2415 668 2471; x_wconf 86' lang='lat' dir='ltr'>ait:</span> <span class='ocrx_word' id='word_1_284' title='bbox 703 2439 714 2465; x_wconf 83' lang='grc' dir='ltr'>ι</span> <span class='ocrx_word' id='word_1_285' title='bbox 746 2417 816 2487; x_wconf 87' lang='lat' dir='ltr'>Quia</span> <span class='ocrx_word' id='word_1_286' title='bbox 844 2417 931 2473; x_wconf 88' lang='lat' dir='ltr'>Deum</span> <span class='ocrx_word' id='word_1_287' title='bbox 957 2414 1111 2473; x_wconf 88' lang='lat' dir='ltr'>obediendo</span> <span class='ocrx_word' id='word_1_288' title='bbox 1165 2414 1233 2470; x_wconf 91' lang='lat' dir='ltr'>sicut</span> <span class='ocrx_word' id='word_1_289' title='bbox 1247 2415 1470 2487; x_wconf 85' lang='lat' dir='ltr'>grannmsinapis</span> <span class='ocrx_word' id='word_1_290' title='bbox 1482 2417 1645 2473; x_wconf 88' lang='lat' dir='ltr'>habentibus</span> <span class='ocrx_word' id='word_1_291' title='bbox 1655 2419 1786 2489; x_wconf 89' lang='lat' dir='ltr'>pmmittit</span> <span class='ocrx_word' id='word_1_292' title='bbox 1801 2418 1872 2490; x_wconf 90' lang='lat' dir='ltr'>quod</span> <span class='ocrx_word' id='word_1_293' title='bbox 1883 2418 1964 2473; x_wconf 90' lang='lat' dir='ltr'>etiam</span> 
     </span>
     <span class='ocr_line' id='line_1_34' title="bbox 308 2500 1964 2577; baseline 0.005 -24"><span class='ocrx_word' id='word_1_294' title='bbox 308 2500 416 2554; x_wconf 89' lang='lat' dir='ltr'>statutis</span> <span class='ocrx_word' id='word_1_295' title='bbox 428 2502 541 2572; x_wconf 73' lang='lat' dir='ltr'>justitiae</span> <span class='ocrx_word' id='word_1_296' title='bbox 554 2504 663 2576; x_wconf 86' lang='lat' dir='ltr'>legibus</span> <span class='ocrx_word' id='word_1_297' title='bbox 678 2506 770 2562; x_wconf 87' lang='lat' dir='ltr'>audivi</span> <span class='ocrx_word' id='word_1_298' title='bbox 785 2506 879 2571; x_wconf 86' lang='lat' dir='ltr'>bodie,</span> <span class='ocrx_word' id='word_1_299' title='bbox 901 2504 1009 2562; x_wconf 87' lang='lat' dir='ltr'>conlido</span> <span class='ocrx_word' id='word_1_300' title='bbox 1038 2501 1111 2574; x_wconf 90' lang='lat' dir='ltr'>quod</span> <span class='ocrx_word' id='word_1_301' title='bbox 1165 2511 1285 2559; x_wconf 90' lang='lat' dir='ltr'>montem</span> <span class='ocrx_word' id='word_1_302' title='bbox 1299 2502 1372 2559; x_wconf 90' lang='lat' dir='ltr'>dicto</span> <span class='ocrx_word' id='word_1_303' title='bbox 1381 2504 1542 2561; x_wconf 89' lang='lat' dir='ltr'>transierant</span> <span class='ocrx_word' id='word_1_304' title='bbox 1557 2506 1635 2575; x_wconf 82' lang='lat' dir='ltr'>(Lac.</span> <span class='ocrx_word' id='word_1_305' title='bbox 1652 2522 1720 2574; x_wconf 85' lang='lat' dir='ltr'>xvir,</span> <span class='ocrx_word' id='word_1_306' title='bbox 1743 2508 1781 2577; x_wconf 85' lang='lat'>6),</span> <span class='ocrx_word' id='word_1_307' title='bbox 1810 2506 1964 2563; x_wconf 90' lang='lat' dir='ltr'>incredulus</span> 
     </span>
     <span class='ocr_line' id='line_1_35' title="bbox 308 2588 1966 2667; baseline 0.005 -25"><span class='ocrx_word' id='word_1_308' title='bbox 308 2596 334 2643; x_wconf 88' lang='lat' dir='ltr'>et</span> <span class='ocrx_word' id='word_1_309' title='bbox 364 2588 495 2661; x_wconf 89' lang='lat' dir='ltr'>ipseper</span> <span class='ocrx_word' id='word_1_310' title='bbox 522 2593 737 2650; x_wconf 84' lang='lat' dir='ltr'>misericordiam</span> <span class='ocrx_word' id='word_1_311' title='bbox 767 2610 846 2650; x_wconf 88' lang='lat' dir='ltr'>snam</span> <span class='ocrx_word' id='word_1_312' title='bbox 870 2594 1035 2651; x_wconf 86' lang='lat' dir='ltr'>sacrificium</span> <span class='ocrx_word' id='word_1_313' title='bbox 1076 2592 1112 2647; x_wconf 91' lang='lat' dir='ltr'>de</span> <span class='ocrx_word' id='word_1_314' title='bbox 1165 2592 1265 2647; x_wconf 86' lang='lat' dir='ltr'>existit.</span> <span class='ocrx_word' id='word_1_315' title='bbox 1294 2593 1371 2649; x_wconf 90' lang='lat' dir='ltr'>luter</span> <span class='ocrx_word' id='word_1_316' title='bbox 1404 2593 1561 2663; x_wconf 85' lang='lat' dir='ltr'>hujusmodi</span> <span class='ocrx_word' id='word_1_317' title='bbox 1589 2611 1673 2667; x_wconf 90' lang='lat' dir='ltr'>opera</span> <span class='ocrx_word' id='word_1_318' title='bbox 1699 2597 1851 2653; x_wconf 87' lang='lat' dir='ltr'>Dunstanus</span> <span class='ocrx_word' id='word_1_319' title='bbox 1878 2597 1966 2651; x_wconf 88' lang='lat' dir='ltr'>Deum</span> 
     </span>
     <span class='ocr_line' id='line_1_36' title="bbox 308 2666 1963 2756; baseline 0.007 -27"><span class='ocrx_word' id='word_1_320' title='bbox 308 2692 394 2731; x_wconf 89' lang='lat' dir='ltr'>mann</span> <span class='ocrx_word' id='word_1_321' title='bbox 409 2695 469 2735; x_wconf 91' lang='lat' dir='ltr'>mea</span> <span class='ocrx_word' id='word_1_322' title='bbox 479 2680 610 2753; x_wconf 87' lang='lat' dir='ltr'>suscipiet</span> <span class='ocrx_word' id='word_1_323' title='bbox 624 2683 715 2738; x_wconf 91' lang='lat' dir='ltr'>bodie.</span> <span class='ocrx_word' id='word_1_324' title='bbox 731 2706 742 2733; x_wconf 73' lang='lat' dir='ltr'>a</span> <span class='ocrx_word' id='word_1_325' title='bbox 766 2666 848 2755; x_wconf 74' lang='lat' dir='ltr'>Cujus</span> <span class='ocrx_word' id='word_1_326' title='bbox 871 2683 1042 2739; x_wconf 85' lang='lat' dir='ltr'>confidentiae</span> <span class='ocrx_word' id='word_1_327' title='bbox 1066 2682 1110 2737; x_wconf 90' lang='lat' dir='ltr'>el·</span> <span class='ocrx_word' id='word_1_328' title='bbox 1164 2696 1272 2751; x_wconf 88' lang='lat' dir='ltr'>semper</span> <span class='ocrx_word' id='word_1_329' title='bbox 1286 2680 1313 2735; x_wconf 91' lang='lat' dir='ltr'>in</span> <span class='ocrx_word' id='word_1_330' title='bbox 1328 2690 1416 2737; x_wconf 90' lang='lat' dir='ltr'>mente</span> <span class='ocrx_word' id='word_1_331' title='bbox 1427 2681 1535 2749; x_wconf 87' lang='lat' dir='ltr'>habore,</span> <span class='ocrx_word' id='word_1_332' title='bbox 1552 2685 1610 2739; x_wconf 88' lang='lat' dir='ltr'>Deo</span> <span class='ocrx_word' id='word_1_333' title='bbox 1630 2682 1760 2756; x_wconf 88' lang='lat' dir='ltr'>quidquid</span> <span class='ocrx_word' id='word_1_334' title='bbox 1783 2684 1848 2740; x_wconf 90' lang='lat' dir='ltr'>boni</span> <span class='ocrx_word' id='word_1_335' title='bbox 1878 2684 1963 2740; x_wconf 83' lang='lat' dir='ltr'>facie·</span> 
     </span>
     <span class='ocr_line' id='line_1_37' title="bbox 308 2764 1962 2845; baseline 0.005 -26"><span class='ocrx_word' id='word_1_336' title='bbox 308 2764 381 2822; x_wconf 89' lang='lat' dir='ltr'>lactu</span> <span class='ocrx_word' id='word_1_337' title='bbox 395 2769 518 2839; x_wconf 85' lang='lat' dir='ltr'>privatus</span> <span class='ocrx_word' id='word_1_338' title='bbox 527 2786 582 2825; x_wconf 91' lang='lat' dir='ltr'>non</span> <span class='ocrx_word' id='word_1_339' title='bbox 592 2779 641 2827; x_wconf 91' lang='lat' dir='ltr'>est.</span> <span class='ocrx_word' id='word_1_340' title='bbox 655 2770 698 2827; x_wconf 78' lang='lat' dir='ltr'>llo</span> <span class='ocrx_word' id='word_1_341' title='bbox 712 2772 815 2845; x_wconf 89' lang='lat' dir='ltr'>quippe</span> <span class='ocrx_word' id='word_1_342' title='bbox 842 2772 913 2828; x_wconf 89' lang='lat' dir='ltr'>inter</span> <span class='ocrx_word' id='word_1_343' title='bbox 936 2778 1111 2827; x_wconf 87' lang='lat' dir='ltr'>sacrosancta</span> <span class='ocrx_word' id='word_1_344' title='bbox 1164 2767 1212 2823; x_wconf 88' lang='lat' dir='ltr'>bat</span> <span class='ocrx_word' id='word_1_345' title='bbox 1226 2784 1279 2824; x_wconf 89' lang='lat' dir='ltr'>non</span> <span class='ocrx_word' id='word_1_346' title='bbox 1293 2770 1345 2824; x_wconf 92' lang='lat' dir='ltr'>sibi</span> <span class='ocrx_word' id='word_1_347' title='bbox 1359 2769 1504 2840; x_wconf 86' lang='lat' dir='ltr'>ascribere,</span> <span class='ocrx_word' id='word_1_348' title='bbox 1521 2786 1652 2845; x_wconf 87' lang='lat' dir='ltr'>maguum</span> <span class='ocrx_word' id='word_1_349' title='bbox 1682 2772 1849 2839; x_wconf 89' lang='lat' dir='ltr'>humilitatis,</span> <span class='ocrx_word' id='word_1_350' title='bbox 1879 2772 1962 2827; x_wconf 86' lang='lat' dir='ltr'>urini-</span> 
     </span>
     <span class='ocr_line' id='line_1_38' title="bbox 308 2855 1964 2931; baseline 0.002 -20"><span class='ocrx_word' id='word_1_351' title='bbox 308 2855 456 2911; x_wconf 86' lang='lat' dir='ltr'>missarum</span> <span class='ocrx_word' id='word_1_352' title='bbox 489 2859 622 2915; x_wconf 89' lang='lat' dir='ltr'>solemnia</span> <span class='ocrx_word' id='word_1_353' title='bbox 648 2876 743 2917; x_wconf 79' lang='lat' dir='ltr'>sacrm</span> <span class='ocrx_word' id='word_1_354' title='bbox 768 2877 864 2917; x_wconf 90' lang='lat' dir='ltr'>manns</span> <span class='ocrx_word' id='word_1_355' title='bbox 883 2859 1054 2929; x_wconf 82' lang='lat' dir='ltr'>extendente,</span> <span class='ocrx_word' id='word_1_356' title='bbox 1084 2869 1110 2915; x_wconf 91' lang='lat' dir='ltr'>et</span> <span class='ocrx_word' id='word_1_357' title='bbox 1164 2872 1239 2911; x_wconf 89' lang='lat' dir='ltr'>mum</span> <span class='ocrx_word' id='word_1_358' title='bbox 1253 2856 1379 2913; x_wconf 90' lang='lat' dir='ltr'>elationis</span> <span class='ocrx_word' id='word_1_359' title='bbox 1393 2872 1440 2914; x_wconf 91' lang='lat' dir='ltr'>cor</span> <span class='ocrx_word' id='word_1_360' title='bbox 1454 2874 1502 2929; x_wconf 90' lang='lat' dir='ltr'>per</span> <span class='ocrx_word' id='word_1_361' title='bbox 1516 2860 1605 2915; x_wconf 88' lang='lat' dir='ltr'>omnia</span> <span class='ocrx_word' id='word_1_362' title='bbox 1620 2868 1647 2915; x_wconf 90' lang='lat' dir='ltr'>et</span> <span class='ocrx_word' id='word_1_363' title='bbox 1665 2861 1693 2916; x_wconf 92' lang='lat' dir='ltr'>in</span> <span class='ocrx_word' id='word_1_364' title='bbox 1718 2860 1843 2917; x_wconf 89' lang='lat' dir='ltr'>omnibns</span> <span class='ocrx_word' id='word_1_365' title='bbox 1870 2860 1964 2931; x_wconf 89' lang='lat' dir='ltr'>possi·</span> 
     </span>
     <span class='ocr_line' id='line_1_39' title="bbox 308 2944 1240 3020; baseline -0.004 -19"><span class='ocrx_word' id='word_1_366' title='bbox 308 2946 397 3001; x_wconf 87' lang='lat' dir='ltr'>Deum</span> <span class='ocrx_word' id='word_1_367' title='bbox 425 2948 532 3003; x_wconf 88' lang='lat' dir='ltr'>Patrem</span> <span class='ocrx_word' id='word_1_368' title='bbox 560 2947 773 3020; x_wconf 89' lang='lat' dir='ltr'>omnipotentem</span> <span class='ocrx_word' id='word_1_369' title='bbox 797 2957 826 3005; x_wconf 92' lang='lat' dir='ltr'>nt</span> <span class='ocrx_word' id='word_1_370' title='bbox 847 2949 997 3005; x_wconf 88' lang='lat' dir='ltr'>Ecclesiam</span> <span class='ocrx_word' id='word_1_371' title='bbox 1032 2964 1109 3005; x_wconf 91' lang='lat' dir='ltr'>suam</span> <span class='ocrx_word' id='word_1_372' title='bbox 1164 2944 1240 3001; x_wconf 88' lang='lat' dir='ltr'>dere.</span> 
     </span>
    </p>

    <p class='ocr_par' dir='ltr' id='par_1_8' title="bbox 307 3026 1968 4967">
     <span class='ocr_line' id='line_1_40' title="bbox 308 3026 1962 3110; baseline 0.002 -19"><span class='ocrx_word' id='word_1_373' title='bbox 308 3034 473 3091; x_wconf 80' lang='lat' dir='ltr'>catholicam</span> <span class='ocrx_word' id='word_1_374' title='bbox 490 3056 502 3087; x_wconf 79' lang='grc' dir='ltr'>ι</span> <span class='ocrx_word' id='word_1_375' title='bbox 517 3036 672 3107; x_wconf 87' lang='lat' dir='ltr'>pacificare,</span> <span class='ocrx_word' id='word_1_376' title='bbox 690 3038 835 3104; x_wconf 88' lang='lat' dir='ltr'>custodire,</span> <span class='ocrx_word' id='word_1_377' title='bbox 864 3039 988 3094; x_wconf 89' lang='lat' dir='ltr'>adunare</span> <span class='ocrx_word' id='word_1_378' title='bbox 1016 3042 1044 3093; x_wconf 85' lang='lat' dir='ltr'>et</span> <span class='ocrx_word' id='word_1_379' title='bbox 1062 3054 1109 3093; x_wconf 89' lang='lat' dir='ltr'>re·</span> <span class='ocrx_word' id='word_1_380' title='bbox 1199 3026 1370 3091; x_wconf 89' lang='lat' dir='ltr'>Cumantem</span> <span class='ocrx_word' id='word_1_381' title='bbox 1386 3050 1401 3089; x_wconf 90' lang='lat' dir='ltr'>a</span> <span class='ocrx_word' id='word_1_382' title='bbox 1416 3036 1586 3091; x_wconf 77' lang='lat' dir='ltr'>secularium</span> <span class='ocrx_word' id='word_1_383' title='bbox 1612 3038 1783 3110; x_wconf 87' lang='lat' dir='ltr'>negotiorum</span> <span class='ocrx_word' id='word_1_384' title='bbox 1802 3042 1962 3110; x_wconf 86' lang='lat' dir='ltr'>occupatio·</span> 
     </span>
     <span class='ocr_line' id='line_1_41' title="bbox 307 3122 1961 3198; baseline 0.002 -18"><span class='ocrx_word' id='word_1_385' title='bbox 307 3139 377 3196; x_wconf 88' lang='lat' dir='ltr'>gere</span> <span class='ocrx_word' id='word_1_386' title='bbox 393 3123 554 3196; x_wconf 74' lang='lat' dir='ltr'>dignaretur</span> <span class='ocrx_word' id='word_1_387' title='bbox 585 3133 640 3181; x_wconf 92' lang='lat' dir='ltr'>toto</span> <span class='ocrx_word' id='word_1_388' title='bbox 660 3127 726 3182; x_wconf 91' lang='lat' dir='ltr'>orbe</span> <span class='ocrx_word' id='word_1_389' title='bbox 749 3136 881 3182; x_wconf 89' lang='lat' dir='ltr'>terrarum</span> <span class='ocrx_word' id='word_1_390' title='bbox 909 3126 1107 3198; x_wconf 83' lang='lat' dir='ltr'>interpellante,</span> <span class='ocrx_word' id='word_1_391' title='bbox 1163 3122 1242 3176; x_wconf 88' lang='lat' dir='ltr'>nibus</span> <span class='ocrx_word' id='word_1_392' title='bbox 1252 3124 1362 3193; x_wconf 90' lang='lat' dir='ltr'>etqnies</span> <span class='ocrx_word' id='word_1_393' title='bbox 1371 3124 1514 3194; x_wconf 88' lang='lat' dir='ltr'>arridebat,</span> <span class='ocrx_word' id='word_1_394' title='bbox 1528 3126 1610 3181; x_wconf 84' lang='lat' dir='ltr'>ruodo</span> <span class='ocrx_word' id='word_1_395' title='bbox 1619 3126 1841 3198; x_wconf 88' lang='lat' dir='ltr'>contemplationi</span> <span class='ocrx_word' id='word_1_396' title='bbox 1861 3127 1961 3184; x_wconf 74' lang='lat' dir='ltr'>divium</span> 
     </span>
     <span class='ocr_line' id='line_1_42' title="bbox 308 3210 1963 3287; baseline 0.003 -21"><span class='ocrx_word' id='word_1_397' title='bbox 308 3212 391 3267; x_wconf 88' lang='lat' dir='ltr'>nivea</span> <span class='ocrx_word' id='word_1_398' title='bbox 404 3213 531 3268; x_wconf 89' lang='lat' dir='ltr'>columba</span> <span class='ocrx_word' id='word_1_399' title='bbox 546 3214 637 3269; x_wconf 90' lang='lat' dir='ltr'>multis</span> <span class='ocrx_word' id='word_1_400' title='bbox 650 3214 815 3271; x_wconf 89' lang='lat' dir='ltr'>intuentibus</span> <span class='ocrx_word' id='word_1_401' title='bbox 829 3216 863 3272; x_wconf 91' lang='lat' dir='ltr'>de</span> <span class='ocrx_word' id='word_1_402' title='bbox 873 3217 942 3272; x_wconf 82' lang='lat' dir='ltr'>eoelo</span> <span class='ocrx_word' id='word_1_403' title='bbox 958 3214 1107 3281; x_wconf 86' lang='lat' dir='ltr'>descendit,</span> <span class='ocrx_word' id='word_1_404' title='bbox 1162 3210 1372 3266; x_wconf 76' lang='lat' dir='ltr'>elocutionibus</span> <span class='ocrx_word' id='word_1_405' title='bbox 1391 3212 1578 3281; x_wconf 87' lang='lat' dir='ltr'>incumbebat,</span> <span class='ocrx_word' id='word_1_406' title='bbox 1595 3214 1678 3271; x_wconf 89' lang='lat' dir='ltr'>modo</span> <span class='ocrx_word' id='word_1_407' title='bbox 1696 3216 1963 3287; x_wconf 88' lang='lat' dir='ltr'>sacrammSoriptu·</span> 
     </span>
     <span class='ocr_line' id='line_1_43' title="bbox 309 3300 1964 3377; baseline 0.004 -22"><span class='ocrx_word' id='word_1_408' title='bbox 309 3300 615 3357; x_wconf 89' lang='lat' dir='ltr'>etdonecsacriiicium</span> <span class='ocrx_word' id='word_1_409' title='bbox 629 3312 821 3377; x_wconf 89' lang='lat' dir='ltr'>consumptum</span> <span class='ocrx_word' id='word_1_410' title='bbox 836 3312 917 3373; x_wconf 88' lang='lat' dir='ltr'>esset,</span> <span class='ocrx_word' id='word_1_411' title='bbox 945 3321 1028 3376; x_wconf 89' lang='lat' dir='ltr'>snper</span> <span class='ocrx_word' id='word_1_412' title='bbox 1057 3318 1107 3359; x_wconf 92' lang='lat' dir='ltr'>ca·</span> <span class='ocrx_word' id='word_1_413' title='bbox 1162 3312 1256 3354; x_wconf 89' lang='lat' dir='ltr'>rarum</span> <span class='ocrx_word' id='word_1_414' title='bbox 1271 3300 1379 3356; x_wconf 89' lang='lat' dir='ltr'>lectioni</span> <span class='ocrx_word' id='word_1_415' title='bbox 1408 3309 1544 3357; x_wconf 91' lang='lat' dir='ltr'>etearnm</span> <span class='ocrx_word' id='word_1_416' title='bbox 1560 3303 1774 3376; x_wconf 85' lang='lat' dir='ltr'>expositionibus</span> <span class='ocrx_word' id='word_1_417' title='bbox 1799 3304 1964 3374; x_wconf 85' lang='lat' dir='ltr'>intendebat,</span> 
     </span>
     <span class='ocr_line' id='line_1_44' title="bbox 309 3387 1961 3477; baseline 0.005 -36"><span class='ocrx_word' id='word_1_418' title='bbox 309 3398 359 3462; x_wconf 91' lang='lat' dir='ltr'>put</span> <span class='ocrx_word' id='word_1_419' title='bbox 378 3390 437 3460; x_wconf 85' lang='lat' dir='ltr'>ejtts</span> <span class='ocrx_word' id='word_1_420' title='bbox 450 3393 613 3462; x_wconf 80' lang='lat' dir='ltr'>expansiset</span> <span class='ocrx_word' id='word_1_421' title='bbox 627 3393 705 3465; x_wconf 83' lang='lat' dir='ltr'>quasi</span> <span class='ocrx_word' id='word_1_422' title='bbox 718 3393 839 3450; x_wconf 75' lang='lat' dir='ltr'>immotis</span> <span class='ocrx_word' id='word_1_423' title='bbox 853 3395 903 3450; x_wconf 86' lang='lat' dir='ltr'>alis</span> <span class='ocrx_word' id='word_1_424' title='bbox 923 3395 974 3449; x_wconf 87' lang='lat' dir='ltr'>suh</span> <span class='ocrx_word' id='word_1_425' title='bbox 999 3394 1107 3449; x_wconf 80' lang='lat' dir='ltr'>silentio</span> <span class='ocrx_word' id='word_1_426' title='bbox 1123 3414 1148 3477; x_wconf 75' lang='lat' dir='ltr'>C</span> <span class='ocrx_word' id='word_1_427' title='bbox 1162 3388 1244 3444; x_wconf 85' lang='lat' dir='ltr'>modo</span> <span class='ocrx_word' id='word_1_428' title='bbox 1259 3387 1370 3445; x_wconf 77' lang='lat' dir='ltr'>fratrum</span> <span class='ocrx_word' id='word_1_429' title='bbox 1385 3391 1565 3448; x_wconf 80' lang='lat' dir='ltr'>exhortationi</span> <span class='ocrx_word' id='word_1_430' title='bbox 1576 3407 1623 3448; x_wconf 85' lang='lat' dir='ltr'>seu</span> <span class='ocrx_word' id='word_1_431' title='bbox 1639 3392 1769 3448; x_wconf 87' lang='lat' dir='ltr'>librcmm</span> <span class='ocrx_word' id='word_1_432' title='bbox 1777 3394 1961 3451; x_wconf 80' lang='lat' dir='ltr'>emendationi</span> 
     </span>
     <span class='ocr_line' id='line_1_45' title="bbox 308 3476 1961 3554; baseline 0.003 -21"><span class='ocrx_word' id='word_1_433' title='bbox 308 3478 423 3534; x_wconf 87' lang='lat' dir='ltr'>mansit.</span> <span class='ocrx_word' id='word_1_434' title='bbox 442 3479 515 3534; x_wconf 90' lang='lat' dir='ltr'>later</span> <span class='ocrx_word' id='word_1_435' title='bbox 529 3481 587 3536; x_wconf 84' lang='lat' dir='ltr'>benc</span> <span class='ocrx_word' id='word_1_436' title='bbox 601 3482 667 3552; x_wconf 91' lang='lat' dir='ltr'>quid</span> <span class='ocrx_word' id='word_1_437' title='bbox 681 3482 765 3536; x_wconf 85' lang='lat' dir='ltr'>animi</span> <span class='ocrx_word' id='word_1_438' title='bbox 780 3489 890 3554; x_wconf 77' lang='lat' dir='ltr'>gereret</span> <span class='ocrx_word' id='word_1_439' title='bbox 904 3499 997 3539; x_wconf 86' lang='lat' dir='ltr'>servus</span> <span class='ocrx_word' id='word_1_440' title='bbox 1025 3482 1074 3538; x_wconf 79' lang='lat' dir='ltr'>liei</span> <span class='ocrx_word' id='word_1_441' title='bbox 1094 3483 1109 3537; x_wconf 82' lang='lat' dir='ltr'>‘l</span> <span class='ocrx_word' id='word_1_442' title='bbox 1161 3476 1272 3531; x_wconf 89' lang='lat' dir='ltr'>sedulus</span> <span class='ocrx_word' id='word_1_443' title='bbox 1281 3493 1393 3548; x_wconf 89' lang='lat' dir='ltr'>operam</span> <span class='ocrx_word' id='word_1_444' title='bbox 1407 3479 1591 3550; x_wconf 88' lang='lat' dir='ltr'>impendebat.</span> <span class='ocrx_word' id='word_1_445' title='bbox 1608 3481 1638 3534; x_wconf 91' lang='lat' dir='ltr'>ln</span> <span class='ocrx_word' id='word_1_446' title='bbox 1662 3482 1871 3550; x_wconf 87' lang='lat' dir='ltr'>compunctione</span> <span class='ocrx_word' id='word_1_447' title='bbox 1896 3497 1961 3538; x_wconf 90' lang='lat' dir='ltr'>vero</span> 
     </span>
     <span class='ocr_line' id='line_1_46' title="bbox 309 3565 1964 3643; baseline 0.002 -22"><span class='ocrx_word' id='word_1_448' title='bbox 309 3565 372 3635; x_wconf 83' lang='lat' dir='ltr'>Quo</span> <span class='ocrx_word' id='word_1_449' title='bbox 387 3582 490 3637; x_wconf 87' lang='lat' dir='ltr'>amore,</span> <span class='ocrx_word' id='word_1_450' title='bbox 504 3585 557 3640; x_wconf 91' lang='lat' dir='ltr'>qua</span> <span class='ocrx_word' id='word_1_451' title='bbox 574 3569 728 3637; x_wconf 87' lang='lat' dir='ltr'>dulcedine,</span> <span class='ocrx_word' id='word_1_452' title='bbox 744 3586 799 3643; x_wconf 90' lang='lat' dir='ltr'>quo</span> <span class='ocrx_word' id='word_1_453' title='bbox 815 3571 956 3628; x_wconf 86' lang='lat' dir='ltr'>desiderio</span> <span class='ocrx_word' id='word_1_454' title='bbox 977 3578 1056 3643; x_wconf 91' lang='lat' dir='ltr'>putas</span> <span class='ocrx_word' id='word_1_455' title='bbox 1084 3571 1112 3625; x_wconf 90' lang='lat' dir='ltr'>in</span> <span class='ocrx_word' id='word_1_456' title='bbox 1164 3565 1343 3635; x_wconf 65' lang='lat' dir='ltr'>latitaturum</span> <span class='ocrx_word' id='word_1_457' title='bbox 1359 3573 1433 3621; x_wconf 88' lang='lat' dir='ltr'>lanta</span> <span class='ocrx_word' id='word_1_458' title='bbox 1451 3567 1539 3638; x_wconf 82' lang='lat' dir='ltr'>gratia</span> <span class='ocrx_word' id='word_1_459' title='bbox 1560 3567 1691 3638; x_wconf 84' lang='lat' dir='ltr'>praeditus</span> <span class='ocrx_word' id='word_1_460' title='bbox 1719 3578 1776 3624; x_wconf 89' lang='lat' dir='ltr'>erat</span> <span class='ocrx_word' id='word_1_461' title='bbox 1801 3578 1830 3624; x_wconf 92' lang='lat' dir='ltr'>ut</span> <span class='ocrx_word' id='word_1_462' title='bbox 1857 3570 1964 3641; x_wconf 85' lang='lat' dir='ltr'>quoties</span> 
     </span>
     <span class='ocr_line' id='line_1_47' title="bbox 309 3652 1962 3732; baseline 0.001 -22"><span class='ocrx_word' id='word_1_463' title='bbox 309 3656 370 3710; x_wconf 86' lang='lat' dir='ltr'>Deo</span> <span class='ocrx_word' id='word_1_464' title='bbox 385 3655 553 3726; x_wconf 89' lang='lat' dir='ltr'>pascebatur,</span> <span class='ocrx_word' id='word_1_465' title='bbox 570 3657 617 3730; x_wconf 90' lang='lat' dir='ltr'>qui</span> <span class='ocrx_word' id='word_1_466' title='bbox 645 3673 679 3714; x_wconf 88' lang='lat' dir='ltr'>ex</span> <span class='ocrx_word' id='word_1_467' title='bbox 704 3659 832 3730; x_wconf 85' lang='lat' dir='ltr'>praesenti</span> <span class='ocrx_word' id='word_1_468' title='bbox 859 3659 946 3732; x_wconf 87' lang='lat' dir='ltr'>gratia</span> <span class='ocrx_word' id='word_1_469' title='bbox 983 3659 1034 3714; x_wconf 91' lang='lat' dir='ltr'>Dei</span> <span class='ocrx_word' id='word_1_470' title='bbox 1065 3658 1112 3712; x_wconf 91' lang='lat' dir='ltr'>tali</span> <span class='ocrx_word' id='word_1_471' title='bbox 1165 3667 1226 3706; x_wconf 89' lang='lat' dir='ltr'>enm</span> <span class='ocrx_word' id='word_1_472' title='bbox 1241 3653 1327 3708; x_wconf 84' lang='lat' dir='ltr'>sacris</span> <span class='ocrx_word' id='word_1_473' title='bbox 1341 3652 1472 3708; x_wconf 87' lang='lat' dir='ltr'>altaribus</span> <span class='ocrx_word' id='word_1_474' title='bbox 1481 3653 1538 3710; x_wconf 89' lang='lat' dir='ltr'>sisti</span> <span class='ocrx_word' id='word_1_475' title='bbox 1552 3655 1595 3710; x_wconf 90' lang='lat' dir='ltr'>vel</span> <span class='ocrx_word' id='word_1_476' title='bbox 1622 3655 1714 3726; x_wconf 90' lang='lat' dir='ltr'>aliquo</span> <span class='ocrx_word' id='word_1_477' title='bbox 1737 3655 1829 3712; x_wconf 86' lang='lat' dir='ltr'>olfieio</span> <span class='ocrx_word' id='word_1_478' title='bbox 1850 3656 1962 3727; x_wconf 88' lang='lat' dir='ltr'>pontifi-</span> 
     </span>
     <span class='ocr_line' id='line_1_48' title="bbox 310 3738 1963 3819; baseline -0.001 -18"><span class='ocrx_word' id='word_1_479' title='bbox 310 3743 465 3800; x_wconf 83' lang='lat' dir='ltr'>visitationc</span> <span class='ocrx_word' id='word_1_480' title='bbox 498 3745 666 3803; x_wconf 78' lang='lat' dir='ltr'>terebatur?</span> <span class='ocrx_word' id='word_1_481' title='bbox 694 3746 859 3819; x_wconf 89' lang='lat' dir='ltr'>Consumpto</span> <span class='ocrx_word' id='word_1_482' title='bbox 890 3747 1035 3810; x_wconf 87' lang='lat' dir='ltr'>sacrificio,</span> <span class='ocrx_word' id='word_1_483' title='bbox 1063 3761 1113 3802; x_wconf 87' lang='lat' dir='ltr'>co·</span> <span class='ocrx_word' id='word_1_484' title='bbox 1165 3738 1307 3813; x_wconf 86' lang='lat' dir='ltr'>calilungi</span> <span class='ocrx_word' id='word_1_485' title='bbox 1323 3741 1504 3812; x_wconf 85' lang='lat' dir='ltr'>conspiceres,</span> <span class='ocrx_word' id='word_1_486' title='bbox 1520 3742 1637 3813; x_wconf 87' lang='lat' dir='ltr'>Spiritus</span> <span class='ocrx_word' id='word_1_487' title='bbox 1652 3744 1858 3801; x_wconf 89' lang='lat' dir='ltr'>sanctilervore</span> <span class='ocrx_word' id='word_1_488' title='bbox 1880 3759 1963 3800; x_wconf 85' lang='lat' dir='ltr'>rnen·</span> 
     </span>
     <span class='ocr_line' id='line_1_49' title="bbox 310 3829 1962 3906; baseline 0 -20"><span class='ocrx_word' id='word_1_489' title='bbox 310 3832 407 3888; x_wconf 89' lang='lat' dir='ltr'>lumba</span> <span class='ocrx_word' id='word_1_490' title='bbox 424 3834 520 3890; x_wconf 88' lang='lat' dir='ltr'>eadem</span> <span class='ocrx_word' id='word_1_491' title='bbox 535 3835 563 3889; x_wconf 92' lang='lat' dir='ltr'>in</span> <span class='ocrx_word' id='word_1_492' title='bbox 574 3836 721 3891; x_wconf 88' lang='lat' dir='ltr'>australem</span> <span class='ocrx_word' id='word_1_493' title='bbox 732 3834 940 3906; x_wconf 85' lang='lat' dir='ltr'>altarispartam</span> <span class='ocrx_word' id='word_1_494' title='bbox 952 3836 1111 3904; x_wconf 87' lang='lat' dir='ltr'>declinavit,</span> <span class='ocrx_word' id='word_1_495' title='bbox 1166 3837 1222 3884; x_wconf 86' lang='lat' dir='ltr'>tem</span> <span class='ocrx_word' id='word_1_496' title='bbox 1239 3829 1297 3897; x_wconf 86' lang='lat' dir='ltr'>ejus</span> <span class='ocrx_word' id='word_1_497' title='bbox 1309 3829 1431 3895; x_wconf 88' lang='lat' dir='ltr'>accendi,</span> <span class='ocrx_word' id='word_1_498' title='bbox 1443 3838 1470 3885; x_wconf 93' lang='lat' dir='ltr'>et</span> <span class='ocrx_word' id='word_1_499' title='bbox 1483 3847 1545 3902; x_wconf 88' lang='lat' dir='ltr'>qnae</span> <span class='ocrx_word' id='word_1_500' title='bbox 1557 3831 1603 3886; x_wconf 91' lang='lat' dir='ltr'>ille</span> <span class='ocrx_word' id='word_1_501' title='bbox 1617 3831 1735 3886; x_wconf 88' lang='lat' dir='ltr'>exterius</span> <span class='ocrx_word' id='word_1_502' title='bbox 1752 3832 1962 3890; x_wconf 81' lang='lat' dir='ltr'>administrabat</span> 
     </span>
     <span class='ocr_line' id='line_1_50' title="bbox 310 3917 1964 3996; baseline 0.001 -20"><span class='ocrx_word' id='word_1_503' title='bbox 310 3929 338 3976; x_wconf 88' lang='lat' dir='ltr'>et</span> <span class='ocrx_word' id='word_1_504' title='bbox 352 3937 437 3991; x_wconf 89' lang='lat' dir='ltr'>snper</span> <span class='ocrx_word' id='word_1_505' title='bbox 446 3923 565 3979; x_wconf 91' lang='lat' dir='ltr'>tumbam</span> <span class='ocrx_word' id='word_1_506' title='bbox 577 3924 648 3978; x_wconf 89' lang='lat' dir='ltr'>beati</span> <span class='ocrx_word' id='word_1_507' title='bbox 664 3923 779 3991; x_wconf 89' lang='lat' dir='ltr'>Odonis,</span> <span class='ocrx_word' id='word_1_508' title='bbox 809 3926 888 3996; x_wconf 88' lang='lat' dir='ltr'>cujus</span> <span class='ocrx_word' id='word_1_509' title='bbox 920 3939 1004 3995; x_wconf 87' lang='lat' dir='ltr'>supra</span> <span class='ocrx_word' id='word_1_510' title='bbox 1032 3939 1111 3979; x_wconf 90' lang='lat' dir='ltr'>men·</span> <span class='ocrx_word' id='word_1_511' title='bbox 1166 3917 1255 3988; x_wconf 83' lang='lat' dir='ltr'>ipsum</span> <span class='ocrx_word' id='word_1_512' title='bbox 1270 3917 1384 3974; x_wconf 88' lang='lat' dir='ltr'>interius</span> <span class='ocrx_word' id='word_1_513' title='bbox 1398 3917 1505 3988; x_wconf 89' lang='lat' dir='ltr'>operari</span> <span class='ocrx_word' id='word_1_514' title='bbox 1516 3935 1565 3990; x_wconf 89' lang='lat' dir='ltr'>per</span> <span class='ocrx_word' id='word_1_515' title='bbox 1587 3919 1690 3976; x_wconf 87' lang='lat' dir='ltr'>indices</span> <span class='ocrx_word' id='word_1_516' title='bbox 1711 3936 1746 3976; x_wconf 82' lang='lat' dir='ltr'>ex</span> <span class='ocrx_word' id='word_1_517' title='bbox 1777 3921 1863 3978; x_wconf 88' lang='lat' dir='ltr'>oculis</span> <span class='ocrx_word' id='word_1_518' title='bbox 1890 3921 1964 3978; x_wconf 89' lang='lat' dir='ltr'>illius</span> 
     </span>
     <span class='ocr_line' id='line_1_51' title="bbox 311 4005 1965 4078; baseline 0.004 -15"><span class='ocrx_word' id='word_1_519' title='bbox 311 4009 554 4078; x_wconf 71' lang='lat' dir='ltr'>trecentesimus,</span> <span class='ocrx_word' id='word_1_520' title='bbox 571 4027 602 4068; x_wconf 85' lang='lat' dir='ltr'>se</span> <span class='ocrx_word' id='word_1_521' title='bbox 617 4012 770 4078; x_wconf 82' lang='lat' dir='ltr'>reclinavit,</span> <span class='ocrx_word' id='word_1_522' title='bbox 785 4014 836 4069; x_wconf 85' lang='lat' dir='ltr'>atis</span> <span class='ocrx_word' id='word_1_523' title='bbox 864 4013 920 4068; x_wconf 88' lang='lat' dir='ltr'>suis</span> <span class='ocrx_word' id='word_1_524' title='bbox 948 4013 1024 4068; x_wconf 85' lang='lat' dir='ltr'>ittam</span> <span class='ocrx_word' id='word_1_525' title='bbox 1050 4013 1115 4068; x_wconf 85' lang='lat' dir='ltr'>hinc</span> <span class='ocrx_word' id='word_1_526' title='bbox 1166 4006 1341 4062; x_wconf 79' lang='lat' dir='ltr'>decurrentes</span> <span class='ocrx_word' id='word_1_527' title='bbox 1356 4005 1491 4077; x_wconf 78' lang='lat' dir='ltr'>lacrymas</span> <span class='ocrx_word' id='word_1_528' title='bbox 1506 4022 1559 4062; x_wconf 86' lang='lat' dir='ltr'>non</span> <span class='ocrx_word' id='word_1_529' title='bbox 1575 4006 1709 4064; x_wconf 84' lang='lat' dir='ltr'>dubitare.</span> <span class='ocrx_word' id='word_1_530' title='bbox 1725 4009 1789 4064; x_wconf 86' lang='lat' dir='ltr'>llaec</span> <span class='ocrx_word' id='word_1_531' title='bbox 1815 4010 1884 4066; x_wconf 90' lang='lat' dir='ltr'>inter</span> <span class='ocrx_word' id='word_1_532' title='bbox 1912 4010 1965 4066; x_wconf 87' lang='lat' dir='ltr'>sibi</span> 
     </span>
     <span class='ocr_line' id='line_1_52' title="bbox 310 4093 1967 4180; baseline 0.005 -28"><span class='ocrx_word' id='word_1_533' title='bbox 310 4098 375 4152; x_wconf 89' lang='lat' dir='ltr'>inde</span> <span class='ocrx_word' id='word_1_534' title='bbox 385 4099 573 4171; x_wconf 85' lang='lat' dir='ltr'>complexans,</span> <span class='ocrx_word' id='word_1_535' title='bbox 589 4108 616 4156; x_wconf 92' lang='lat' dir='ltr'>et</span> <span class='ocrx_word' id='word_1_536' title='bbox 631 4101 708 4174; x_wconf 87' lang='lat' dir='ltr'>qnasi</span> <span class='ocrx_word' id='word_1_537' title='bbox 723 4109 813 4158; x_wconf 90' lang='lat' dir='ltr'>rostro</span> <span class='ocrx_word' id='word_1_538' title='bbox 828 4102 1004 4157; x_wconf 89' lang='lat' dir='ltr'>deosculans.</span> <span class='ocrx_word' id='word_1_539' title='bbox 1034 4100 1114 4171; x_wconf 88' lang='lat' dir='ltr'>Quod</span> <span class='ocrx_word' id='word_1_540' title='bbox 1141 4175 1144 4180; x_wconf 21' lang='grc' dir='ltr'>Ι</span> <span class='ocrx_word' id='word_1_541' title='bbox 1167 4101 1195 4150; x_wconf 81' lang='lat' dir='ltr'>et</span> <span class='ocrx_word' id='word_1_542' title='bbox 1213 4093 1416 4150; x_wconf 76' lang='lat' dir='ltr'>successoribus</span> <span class='ocrx_word' id='word_1_543' title='bbox 1431 4095 1488 4151; x_wconf 74' lang='lat' dir='ltr'>sule</span> <span class='ocrx_word' id='word_1_544' title='bbox 1503 4096 1683 4167; x_wconf 78' lang='lat' dir='ltr'>competentia</span> <span class='ocrx_word' id='word_1_545' title='bbox 1698 4105 1752 4153; x_wconf 76' lang='lat' dir='ltr'>ltin</span> <span class='ocrx_word' id='word_1_546' title='bbox 1780 4097 1849 4153; x_wconf 80' lang='lat' dir='ltr'>infra</span> <span class='ocrx_word' id='word_1_547' title='bbox 1876 4113 1967 4156; x_wconf 81' lang='lat' dir='ltr'>muros</span> 
     </span>
     <span class='ocr_line' id='line_1_53' title="bbox 310 4182 1965 4266; baseline 0.001 -24"><span class='ocrx_word' id='word_1_548' title='bbox 310 4187 408 4242; x_wconf 77' lang='lat' dir='ltr'>beatum</span> <span class='ocrx_word' id='word_1_549' title='bbox 426 4187 585 4244; x_wconf 82' lang='lat' dir='ltr'>Donatanns</span> <span class='ocrx_word' id='word_1_550' title='bbox 600 4189 717 4258; x_wconf 91' lang='lat' dir='ltr'>intuens,</span> <span class='ocrx_word' id='word_1_551' title='bbox 738 4197 764 4245; x_wconf 92' lang='lat' dir='ltr'>et</span> <span class='ocrx_word' id='word_1_552' title='bbox 778 4189 879 4246; x_wconf 89' lang='lat' dir='ltr'>exinde</span> <span class='ocrx_word' id='word_1_553' title='bbox 890 4189 1116 4260; x_wconf 86' lang='lat' dir='ltr'>meritumjacen·</span> <span class='ocrx_word' id='word_1_554' title='bbox 1157 4182 1242 4266; x_wconf 24' lang='lat' dir='ltr'>‚urbis</span> <span class='ocrx_word' id='word_1_555' title='bbox 1254 4199 1335 4254; x_wconf 90' lang='lat' dir='ltr'>quam</span> <span class='ocrx_word' id='word_1_556' title='bbox 1350 4192 1377 4239; x_wconf 88' lang='lat' dir='ltr'>et</span> <span class='ocrx_word' id='word_1_557' title='bbox 1390 4183 1417 4238; x_wconf 88' lang='lat' dir='ltr'>in</span> <span class='ocrx_word' id='word_1_558' title='bbox 1432 4183 1585 4256; x_wconf 89' lang='lat' dir='ltr'>quibusque</span> <span class='ocrx_word' id='word_1_559' title='bbox 1601 4184 1675 4241; x_wconf 88' lang='lat' dir='ltr'>villis</span> <span class='ocrx_word' id='word_1_560' title='bbox 1685 4186 1719 4241; x_wconf 92' lang='lat' dir='ltr'>ad</span> <span class='ocrx_word' id='word_1_561' title='bbox 1744 4187 1965 4259; x_wconf 88' lang='lat' dir='ltr'>archiepiscopa-</span> 
     </span>
     <span class='ocr_line' id='line_1_54' title="bbox 311 4271 1965 4351; baseline 0.002 -22"><span class='ocrx_word' id='word_1_562' title='bbox 311 4276 346 4330; x_wconf 87' lang='lat' dir='ltr'>tis</span> <span class='ocrx_word' id='word_1_563' title='bbox 360 4277 531 4347; x_wconf 87' lang='lat' dir='ltr'>appendens,</span> <span class='ocrx_word' id='word_1_564' title='bbox 560 4277 588 4332; x_wconf 89' lang='lat' dir='ltr'>in</span> <span class='ocrx_word' id='word_1_565' title='bbox 614 4285 686 4332; x_wconf 88' lang='lat' dir='ltr'>tanta</span> <span class='ocrx_word' id='word_1_566' title='bbox 713 4293 774 4334; x_wconf 92' lang='lat' dir='ltr'>eum</span> <span class='ocrx_word' id='word_1_567' title='bbox 804 4278 934 4351; x_wconf 87' lang='lat' dir='ltr'>deinceps</span> <span class='ocrx_word' id='word_1_568' title='bbox 961 4279 1116 4334; x_wconf 82' lang='lat' dir='ltr'>reverentia</span> <span class='ocrx_word' id='word_1_569' title='bbox 1169 4279 1225 4327; x_wconf 86' lang='lat' dir='ltr'>tum</span> <span class='ocrx_word' id='word_1_570' title='bbox 1241 4272 1438 4344; x_wconf 89' lang='lat' dir='ltr'>pertinentibus</span> <span class='ocrx_word' id='word_1_571' title='bbox 1451 4271 1566 4328; x_wconf 71' lang='lat' dir='ltr'>aedilicia</span> <span class='ocrx_word' id='word_1_572' title='bbox 1587 4274 1723 4340; x_wconf 89' lang='lat' dir='ltr'>constitui,</span> <span class='ocrx_word' id='word_1_573' title='bbox 1746 4275 1788 4331; x_wconf 88' lang='lat' dir='ltr'>vel</span> <span class='ocrx_word' id='word_1_574' title='bbox 1808 4277 1965 4344; x_wconf 84' lang='lat' dir='ltr'>constituta,</span> 
     </span>
     <span class='ocr_line' id='line_1_55' title="bbox 311 4361 1968 4438; baseline 0 -21"><span class='ocrx_word' id='word_1_575' title='bbox 311 4363 408 4418; x_wconf 92' lang='lat' dir='ltr'>babuit</span> <span class='ocrx_word' id='word_1_576' title='bbox 421 4372 450 4419; x_wconf 92' lang='lat' dir='ltr'>ut</span> <span class='ocrx_word' id='word_1_577' title='bbox 463 4366 570 4436; x_wconf 90' lang='lat' dir='ltr'>quoties</span> <span class='ocrx_word' id='word_1_578' title='bbox 598 4381 689 4423; x_wconf 86' lang='lat' dir='ltr'>coram</span> <span class='ocrx_word' id='word_1_579' title='bbox 718 4365 842 4438; x_wconf 89' lang='lat' dir='ltr'>sepulcro</span> <span class='ocrx_word' id='word_1_580' title='bbox 875 4366 948 4421; x_wconf 91' lang='lat' dir='ltr'>illius</span> <span class='ocrx_word' id='word_1_581' title='bbox 973 4367 1114 4433; x_wconf 86' lang='lat' dir='ltr'>transibat,</span> <span class='ocrx_word' id='word_1_582' title='bbox 1168 4361 1191 4414; x_wconf 90' lang='lat' dir='ltr'>si</span> <span class='ocrx_word' id='word_1_583' title='bbox 1207 4375 1307 4430; x_wconf 82' lang='lat' dir='ltr'>quaer</span> <span class='ocrx_word' id='word_1_584' title='bbox 1321 4368 1397 4431; x_wconf 85' lang='lat' dir='ltr'>parte</span> <span class='ocrx_word' id='word_1_585' title='bbox 1412 4361 1501 4416; x_wconf 83' lang='lat' dir='ltr'>diruta</span> <span class='ocrx_word' id='word_1_586' title='bbox 1515 4369 1615 4428; x_wconf 80' lang='lat' dir='ltr'>assam,</span> <span class='ocrx_word' id='word_1_587' title='bbox 1632 4363 1757 4417; x_wconf 87' lang='lat' dir='ltr'>renovari</span> <span class='ocrx_word' id='word_1_588' title='bbox 1781 4363 1909 4432; x_wconf 85' lang='lat' dir='ltr'>iaciebat,</span> <span class='ocrx_word' id='word_1_589' title='bbox 1939 4381 1968 4420; x_wconf 89' lang='lat' dir='ltr'>se</span> 
     </span>
     <span class='ocr_line' id='line_1_56' title="bbox 309 4447 1965 4525; baseline -0.001 -18"><span class='ocrx_word' id='word_1_590' title='bbox 309 4453 547 4523; x_wconf 85' lang='lat' dir='ltr'>genualiecterat.</span> <span class='ocrx_word' id='word_1_591' title='bbox 570 4454 739 4525; x_wconf 88' lang='lat' dir='ltr'>Cognomina</span> <span class='ocrx_word' id='word_1_592' title='bbox 771 4470 879 4525; x_wconf 89' lang='lat' dir='ltr'>qnoque</span> <span class='ocrx_word' id='word_1_593' title='bbox 898 4454 970 4510; x_wconf 89' lang='lat' dir='ltr'>Boni</span> <span class='ocrx_word' id='word_1_594' title='bbox 1007 4455 1035 4510; x_wconf 91' lang='lat' dir='ltr'>in</span> <span class='ocrx_word' id='word_1_595' title='bbox 1054 4471 1115 4509; x_wconf 90' lang='lat' dir='ltr'>ma-</span> <span class='ocrx_word' id='word_1_596' title='bbox 1168 4448 1272 4504; x_wconf 88' lang='lat' dir='ltr'>soilicet</span> <span class='ocrx_word' id='word_1_597' title='bbox 1285 4448 1312 4502; x_wconf 92' lang='lat' dir='ltr'>in</span> <span class='ocrx_word' id='word_1_598' title='bbox 1327 4449 1384 4503; x_wconf 92' lang='lat' dir='ltr'>istis</span> <span class='ocrx_word' id='word_1_599' title='bbox 1398 4463 1453 4503; x_wconf 90' lang='lat' dir='ltr'>uon</span> <span class='ocrx_word' id='word_1_600' title='bbox 1467 4448 1549 4504; x_wconf 89' lang='lat' dir='ltr'>modo</span> <span class='ocrx_word' id='word_1_601' title='bbox 1565 4447 1628 4512; x_wconf 90' lang='lat' dir='ltr'>sibi,</span> <span class='ocrx_word' id='word_1_602' title='bbox 1643 4448 1691 4504; x_wconf 92' lang='lat' dir='ltr'>sed</span> <span class='ocrx_word' id='word_1_603' title='bbox 1707 4458 1733 4505; x_wconf 92' lang='lat' dir='ltr'>et</span> <span class='ocrx_word' id='word_1_604' title='bbox 1753 4449 1901 4506; x_wconf 87' lang='lat' dir='ltr'>multorum</span> <span class='ocrx_word' id='word_1_605' title='bbox 1915 4451 1965 4506; x_wconf 90' lang='lat' dir='ltr'>nti·</span> 
     </span>
     <span class='ocr_line' id='line_1_57' title="bbox 310 4531 1968 4614; baseline 0.001 -19"><span class='ocrx_word' id='word_1_606' title='bbox 310 4547 388 4595; x_wconf 88' lang='lat' dir='ltr'>terna</span> <span class='ocrx_word' id='word_1_607' title='bbox 401 4540 496 4614; x_wconf 88' lang='lat' dir='ltr'>lingna</span> <span class='ocrx_word' id='word_1_608' title='bbox 518 4549 580 4611; x_wconf 90' lang='lat' dir='ltr'>post</span> <span class='ocrx_word' id='word_1_609' title='bbox 592 4543 651 4599; x_wconf 78' lang='lat' dir='ltr'>baec</span> <span class='ocrx_word' id='word_1_610' title='bbox 665 4558 727 4598; x_wconf 89' lang='lat' dir='ltr'>cum</span> <span class='ocrx_word' id='word_1_611' title='bbox 743 4559 853 4614; x_wconf 87' lang='lat' dir='ltr'>semper</span> <span class='ocrx_word' id='word_1_612' title='bbox 879 4543 1018 4599; x_wconf 87' lang='lat' dir='ltr'>nominare</span> <span class='ocrx_word' id='word_1_613' title='bbox 1047 4559 1115 4598; x_wconf 85' lang='lat' dir='ltr'>con·</span> <span class='ocrx_word' id='word_1_614' title='bbox 1169 4531 1235 4592; x_wconf 76' lang='lat' dir='ltr'>lisati</span> <span class='ocrx_word' id='word_1_615' title='bbox 1247 4539 1338 4593; x_wconf 89' lang='lat' dir='ltr'>natum</span> <span class='ocrx_word' id='word_1_616' title='bbox 1354 4537 1499 4607; x_wconf 86' lang='lat' dir='ltr'>vivereque</span> <span class='ocrx_word' id='word_1_617' title='bbox 1511 4535 1692 4607; x_wconf 90' lang='lat' dir='ltr'>perpendens.</span> <span class='ocrx_word' id='word_1_618' title='bbox 1711 4539 1840 4596; x_wconf 76' lang='lat' dir='ltr'>Praeterea</span> <span class='ocrx_word' id='word_1_619' title='bbox 1854 4547 1968 4596; x_wconf 89' lang='lat' dir='ltr'>cuncta-</span> 
     </span>
     <span class='ocr_line' id='line_1_58' title="bbox 310 4624 1968 4704; baseline 0 -22"><span class='ocrx_word' id='word_1_620' title='bbox 310 4627 410 4696; x_wconf 84' lang='lat' dir='ltr'>suevit‚</span> <span class='ocrx_word' id='word_1_621' title='bbox 427 4628 554 4685; x_wconf 86' lang='lat' dir='ltr'>videlicet</span> <span class='ocrx_word' id='word_1_622' title='bbox 567 4629 759 4704; x_wconf 87' lang='lat' dir='ltr'>Odochode‚</span> <span class='ocrx_word' id='word_1_623' title='bbox 771 4631 1037 4703; x_wconf 80' lang='lat' dir='ltr'>quodbatinesonat</span> <span class='ocrx_word' id='word_1_624' title='bbox 1054 4630 1115 4687; x_wconf 88' lang='lat' dir='ltr'>Odo</span> <span class='ocrx_word' id='word_1_625' title='bbox 1167 4639 1228 4679; x_wconf 83' lang='lat' dir='ltr'>rum</span> <span class='ocrx_word' id='word_1_626' title='bbox 1242 4625 1425 4681; x_wconf 86' lang='lat' dir='ltr'>Ecclesiarnm</span> <span class='ocrx_word' id='word_1_627' title='bbox 1450 4626 1532 4681; x_wconf 86' lang='lat' dir='ltr'>lolius</span> <span class='ocrx_word' id='word_1_628' title='bbox 1559 4624 1704 4681; x_wconf 80' lang='lat' dir='ltr'>Britanniae</span> <span class='ocrx_word' id='word_1_629' title='bbox 1731 4625 1968 4700; x_wconf 84' lang='lat' dir='ltr'>adjacentiumque</span> 
     </span>
     <span class='ocr_line' id='line_1_59' title="bbox 310 4713 1968 4792; baseline 0.002 -24"><span class='ocrx_word' id='word_1_630' title='bbox 310 4717 413 4771; x_wconf 65' lang='lat' dir='ltr'>Mans.</span> <span class='ocrx_word' id='word_1_631' title='bbox 431 4715 492 4785; x_wconf 83' lang='lat' dir='ltr'>Quo</span> <span class='ocrx_word' id='word_1_632' title='bbox 514 4719 678 4792; x_wconf 88' lang='lat' dir='ltr'>cognomine</span> <span class='ocrx_word' id='word_1_633' title='bbox 705 4735 739 4775; x_wconf 87' lang='lat' dir='ltr'>ex</span> <span class='ocrx_word' id='word_1_634' title='bbox 756 4735 790 4776; x_wconf 92' lang='lat' dir='ltr'>eo</span> <span class='ocrx_word' id='word_1_635' title='bbox 813 4727 937 4790; x_wconf 89' lang='lat' dir='ltr'>tempore</span> <span class='ocrx_word' id='word_1_636' title='bbox 965 4736 1050 4791; x_wconf 92' lang='lat' dir='ltr'>usqne</span> <span class='ocrx_word' id='word_1_637' title='bbox 1079 4720 1114 4774; x_wconf 84' lang='lat' dir='ltr'>ad</span> <span class='ocrx_word' id='word_1_638' title='bbox 1167 4713 1318 4769; x_wconf 89' lang='lat' dir='ltr'>insularum</span> <span class='ocrx_word' id='word_1_639' title='bbox 1342 4713 1690 4770; x_wconf 86' lang='lat' dir='ltr'>sollicitudiuemstrenuns</span> <span class='ocrx_word' id='word_1_640' title='bbox 1709 4713 1833 4786; x_wconf 88' lang='lat' dir='ltr'>gerebat,</span> <span class='ocrx_word' id='word_1_641' title='bbox 1874 4731 1968 4772; x_wconf 83' lang='lat' dir='ltr'>aarum</span> 
     </span>
     <span class='ocr_line' id='line_1_60' title="bbox 311 4765 1968 4881; baseline 0 -23"><span class='ocrx_word' id='word_1_642' title='bbox 311 4805 384 4859; x_wconf 90' lang='lat' dir='ltr'>banc</span> <span class='ocrx_word' id='word_1_643' title='bbox 397 4813 516 4860; x_wconf 88' lang='lat' dir='ltr'>nostram</span> <span class='ocrx_word' id='word_1_644' title='bbox 532 4815 638 4863; x_wconf 79' lang='lat' dir='ltr'>aetatem</span> <span class='ocrx_word' id='word_1_645' title='bbox 653 4808 722 4864; x_wconf 90' lang='lat' dir='ltr'>solet</span> <span class='ocrx_word' id='word_1_646' title='bbox 736 4807 773 4864; x_wconf 90' lang='lat' dir='ltr'>ab</span> <span class='ocrx_word' id='word_1_647' title='bbox 797 4809 903 4881; x_wconf 76' lang='lat' dir='ltr'>buglis,</span> <span class='ocrx_word' id='word_1_648' title='bbox 934 4809 1055 4864; x_wconf 87' lang='lat' dir='ltr'>maxime</span> <span class='ocrx_word' id='word_1_649' title='bbox 1071 4817 1113 4864; x_wconf 84' lang='lat' dir='ltr'>ta-</span> <span class='ocrx_word' id='word_1_650' title='bbox 1128 4765 1154 4828; x_wconf 69' lang='grc' dir='ltr'>ὓ</span> <span class='ocrx_word' id='word_1_651' title='bbox 1168 4816 1275 4871; x_wconf 84' lang='lat' dir='ltr'>causes,</span> <span class='ocrx_word' id='word_1_652' title='bbox 1292 4817 1351 4873; x_wconf 84' lang='lat' dir='ltr'>quea</span> <span class='ocrx_word' id='word_1_653' title='bbox 1366 4801 1399 4857; x_wconf 84' lang='lat' dir='ltr'>acl</span> <span class='ocrx_word' id='word_1_654' title='bbox 1415 4817 1477 4858; x_wconf 91' lang='lat' dir='ltr'>enm</span> <span class='ocrx_word' id='word_1_655' title='bbox 1496 4801 1566 4857; x_wconf 86' lang='lat' dir='ltr'>sieut</span> <span class='ocrx_word' id='word_1_656' title='bbox 1583 4801 1616 4856; x_wconf 91' lang='lat' dir='ltr'>ad</span> <span class='ocrx_word' id='word_1_657' title='bbox 1630 4802 1776 4872; x_wconf 88' lang='lat' dir='ltr'>primatem</span> <span class='ocrx_word' id='word_1_658' title='bbox 1802 4810 1829 4858; x_wconf 89' lang='lat' dir='ltr'>et</span> <span class='ocrx_word' id='word_1_659' title='bbox 1856 4805 1968 4874; x_wconf 85' lang='lat' dir='ltr'>patrier-</span> 
     </span>
     <span class='ocr_line' id='line_1_61' title="bbox 311 4889 1966 4967; baseline 0 -19"><span class='ocrx_word' id='word_1_660' title='bbox 311 4907 416 4948; x_wconf 86' lang='lat' dir='ltr'>meaa</span> <span class='ocrx_word' id='word_1_661' title='bbox 443 4893 618 4961; x_wconf 75' lang='lat' dir='ltr'>cantuaritis,</span> <span class='ocrx_word' id='word_1_662' title='bbox 647 4897 809 4967; x_wconf 88' lang='lat' dir='ltr'>nuncupari.</span> <span class='ocrx_word' id='word_1_663' title='bbox 850 4897 1110 4966; x_wconf 89' lang='lat' dir='ltr'>Percautatamisse,</span> <span class='ocrx_word' id='word_1_664' title='bbox 1165 4889 1828 4964; x_wconf 85' lang='lat' dir='ltr'>cbamqnotielerebantur,disponebat.thniu</span> <span class='ocrx_word' id='word_1_665' title='bbox 1844 4892 1966 4964; x_wconf 85' lang='lat' dir='ltr'>vigilanti</span> 
     </span>
    </p>
   </div>
   <div class='ocr_carea' id='block_1_8' title="bbox 311 4981 1116 5926">
    <p class='ocr_par' dir='ltr' id='par_1_9' title="bbox 311 4981 1116 5926">
     <span class='ocr_line' id='line_1_62' title="bbox 311 4981 1112 5057; baseline 0.006 -23"><span class='ocrx_word' id='word_1_666' title='bbox 311 4981 469 5035; x_wconf 79' lang='lat' dir='ltr'>Dunstanus</span> <span class='ocrx_word' id='word_1_667' title='bbox 482 4982 519 5037; x_wconf 91' lang='lat' dir='ltr'>ab</span> <span class='ocrx_word' id='word_1_668' title='bbox 533 4983 612 5039; x_wconf 90' lang='lat' dir='ltr'>altari</span> <span class='ocrx_word' id='word_1_669' title='bbox 626 4985 789 5057; x_wconf 84' lang='lat' dir='ltr'>digreditur.</span> <span class='ocrx_word' id='word_1_670' title='bbox 808 4984 939 5040; x_wconf 78' lang='lat' dir='ltr'>Ministris</span> <span class='ocrx_word' id='word_1_671' title='bbox 950 4993 1040 5041; x_wconf 92' lang='lat' dir='ltr'>autem</span> <span class='ocrx_word' id='word_1_672' title='bbox 1053 4986 1112 5056; x_wconf 89' lang='lat' dir='ltr'>ejus</span> 
     </span>
     <span class='ocr_line' id='line_1_63' title="bbox 311 5068 1111 5143; baseline 0.006 -20"><span class='ocrx_word' id='word_1_673' title='bbox 311 5084 363 5139; x_wconf 94' lang='lat' dir='ltr'>pro</span> <span class='ocrx_word' id='word_1_674' title='bbox 377 5068 468 5141; x_wconf 57' lang='lat' dir='ltr'>agno,</span> <span class='ocrx_word' id='word_1_675' title='bbox 483 5071 557 5141; x_wconf 92' lang='lat' dir='ltr'>qnod</span> <span class='ocrx_word' id='word_1_676' title='bbox 570 5073 717 5142; x_wconf 85' lang='lat' dir='ltr'>acciderat,</span> <span class='ocrx_word' id='word_1_677' title='bbox 744 5073 823 5128; x_wconf 87' lang='lat' dir='ltr'>biset</span> <span class='ocrx_word' id='word_1_678' title='bbox 850 5073 903 5129; x_wconf 89' lang='lat' dir='ltr'>illis</span> <span class='ocrx_word' id='word_1_679' title='bbox 927 5073 1111 5143; x_wconf 87' lang='lat' dir='ltr'>innuentibus,</span> 
     </span>
     <span class='ocr_line' id='line_1_64' title="bbox 312 5157 1114 5234; baseline 0.006 -21"><span class='ocrx_word' id='word_1_680' title='bbox 312 5164 341 5213; x_wconf 88' lang='lat' dir='ltr'>et</span> <span class='ocrx_word' id='word_1_681' title='bbox 354 5157 423 5214; x_wconf 82' lang='lat' dir='ltr'>alios</span> <span class='ocrx_word' id='word_1_682' title='bbox 436 5173 472 5215; x_wconf 82' lang='lat' dir='ltr'>ex</span> <span class='ocrx_word' id='word_1_683' title='bbox 485 5160 616 5216; x_wconf 83' lang='lat' dir='ltr'>fratribus</span> <span class='ocrx_word' id='word_1_684' title='bbox 641 5161 791 5219; x_wconf 85' lang='lat' dir='ltr'>ministerio</span> <span class='ocrx_word' id='word_1_685' title='bbox 823 5161 960 5234; x_wconf 86' lang='lat' dir='ltr'>pontificis</span> <span class='ocrx_word' id='word_1_686' title='bbox 984 5162 1114 5220; x_wconf 74' lang='lat' dir='ltr'>abituros</span> 
     </span>
     <span class='ocr_line' id='line_1_65' title="bbox 311 5245 1114 5320; baseline 0.006 -21"><span class='ocrx_word' id='word_1_687' title='bbox 311 5245 523 5316; x_wconf 86' lang='lat' dir='ltr'>suspicantibus,</span> <span class='ocrx_word' id='word_1_688' title='bbox 538 5248 591 5320; x_wconf 91' lang='lat' dir='ltr'>ipsi</span> <span class='ocrx_word' id='word_1_689' title='bbox 610 5265 642 5306; x_wconf 91' lang='lat' dir='ltr'>ae</span> <span class='ocrx_word' id='word_1_690' title='bbox 656 5251 684 5304; x_wconf 91' lang='lat' dir='ltr'>in</span> <span class='ocrx_word' id='word_1_691' title='bbox 698 5250 805 5307; x_wconf 86' lang='lat' dir='ltr'>diversa</span> <span class='ocrx_word' id='word_1_692' title='bbox 829 5251 936 5318; x_wconf 87' lang='lat' dir='ltr'>tollunt,</span> <span class='ocrx_word' id='word_1_693' title='bbox 965 5267 998 5307; x_wconf 88' lang='lat' dir='ltr'>ac</span> <span class='ocrx_word' id='word_1_694' title='bbox 1025 5251 1114 5305; x_wconf 84' lang='lat' dir='ltr'>virum</span> 
     </span>
     <span class='ocr_line' id='line_1_66' title="bbox 311 5333 1114 5411; baseline 0.009 -23"><span class='ocrx_word' id='word_1_695' title='bbox 311 5333 402 5390; x_wconf 87' lang='lat' dir='ltr'>adbuc</span> <span class='ocrx_word' id='word_1_696' title='bbox 414 5335 555 5392; x_wconf 90' lang='lat' dir='ltr'>immensis</span> <span class='ocrx_word' id='word_1_697' title='bbox 569 5354 603 5392; x_wconf 90' lang='lat' dir='ltr'>ex</span> <span class='ocrx_word' id='word_1_698' title='bbox 618 5339 763 5409; x_wconf 88' lang='lat' dir='ltr'>praesentia</span> <span class='ocrx_word' id='word_1_699' title='bbox 776 5339 873 5411; x_wconf 81' lang='lat' dir='ltr'>gratiae</span> <span class='ocrx_word' id='word_1_700' title='bbox 905 5339 954 5394; x_wconf 84' lang='lat' dir='ltr'>bei</span> <span class='ocrx_word' id='word_1_701' title='bbox 983 5339 1114 5410; x_wconf 77' lang='lat' dir='ltr'>lacryma·</span> 
     </span>
     <span class='ocr_line' id='line_1_67' title="bbox 312 5422 1115 5499; baseline 0.011 -24"><span class='ocrx_word' id='word_1_702' title='bbox 312 5437 375 5477; x_wconf 89' lang='lat' dir='ltr'>rnm</span> <span class='ocrx_word' id='word_1_703' title='bbox 391 5422 525 5481; x_wconf 85' lang='lat' dir='ltr'>imbribus</span> <span class='ocrx_word' id='word_1_704' title='bbox 538 5427 788 5484; x_wconf 88' lang='lat' dir='ltr'>madentemsolum</span> <span class='ocrx_word' id='word_1_705' title='bbox 802 5427 967 5499; x_wconf 89' lang='lat' dir='ltr'>relinquunt.</span> <span class='ocrx_word' id='word_1_706' title='bbox 993 5427 1028 5483; x_wconf 79' lang='lat' dir='ltr'>itt</span> <span class='ocrx_word' id='word_1_707' title='bbox 1050 5443 1115 5484; x_wconf 90' lang='lat' dir='ltr'>ecce</span> 
     </span>
     <span class='ocr_line' id='line_1_68' title="bbox 312 5511 1115 5589; baseline 0.007 -23"><span class='ocrx_word' id='word_1_708' title='bbox 312 5511 377 5567; x_wconf 91' lang='lat' dir='ltr'>dum</span> <span class='ocrx_word' id='word_1_709' title='bbox 392 5514 522 5581; x_wconf 84' lang='lat' dir='ltr'>casulani,</span> <span class='ocrx_word' id='word_1_710' title='bbox 539 5530 591 5587; x_wconf 90' lang='lat' dir='ltr'>qna</span> <span class='ocrx_word' id='word_1_711' title='bbox 605 5515 677 5572; x_wconf 86' lang='lat' dir='ltr'>inter</span> <span class='ocrx_word' id='word_1_712' title='bbox 688 5531 766 5572; x_wconf 86' lang='lat' dir='ltr'>sacra</span> <span class='ocrx_word' id='word_1_713' title='bbox 784 5516 961 5583; x_wconf 82' lang='lat' dir='ltr'>vestiebatur,</span> <span class='ocrx_word' id='word_1_714' title='bbox 990 5517 1115 5589; x_wconf 87' lang='lat' dir='ltr'>depone·</span> 
     </span>
     <span class='ocr_line' id='line_1_69' title="bbox 313 5603 1115 5676; baseline 0.004 -20"><span class='ocrx_word' id='word_1_715' title='bbox 313 5608 364 5668; x_wconf 88' lang='lat' dir='ltr'>ret,</span> <span class='ocrx_word' id='word_1_716' title='bbox 398 5617 450 5658; x_wconf 88' lang='lat' dir='ltr'>nec</span> <span class='ocrx_word' id='word_1_717' title='bbox 476 5603 549 5658; x_wconf 91' lang='lat' dir='ltr'>nllus</span> <span class='ocrx_word' id='word_1_718' title='bbox 575 5603 683 5660; x_wconf 65' lang='lat' dir='ltr'>adesse</span> <span class='ocrx_word' id='word_1_719' title='bbox 707 5605 753 5675; x_wconf 88' lang='lat' dir='ltr'>qui</span> <span class='ocrx_word' id='word_1_720' title='bbox 781 5620 841 5660; x_wconf 89' lang='lat' dir='ltr'>eam</span> <span class='ocrx_word' id='word_1_721' title='bbox 868 5604 1027 5676; x_wconf 87' lang='lat' dir='ltr'>susciperet,</span> <span class='ocrx_word' id='word_1_722' title='bbox 1056 5605 1115 5660; x_wconf 87' lang='lat' dir='ltr'>dis·</span> 
     </span>
     <span class='ocr_line' id='line_1_70' title="bbox 313 5692 1116 5764; baseline 0.005 -19"><span class='ocrx_word' id='word_1_723' title='bbox 313 5698 434 5759; x_wconf 86' lang='lat' dir='ltr'>ponente</span> <span class='ocrx_word' id='word_1_724' title='bbox 448 5692 506 5748; x_wconf 88' lang='lat' dir='ltr'>Deo</span> <span class='ocrx_word' id='word_1_725' title='bbox 533 5709 666 5764; x_wconf 86' lang='lat' dir='ltr'>suspensa</span> <span class='ocrx_word' id='word_1_726' title='bbox 699 5692 830 5764; x_wconf 85' lang='lat' dir='ltr'>pependit</span> <span class='ocrx_word' id='word_1_727' title='bbox 857 5692 885 5748; x_wconf 89' lang='lat' dir='ltr'>in</span> <span class='ocrx_word' id='word_1_728' title='bbox 913 5709 985 5761; x_wconf 87' lang='lat' dir='ltr'>aare,</span> <span class='ocrx_word' id='word_1_729' title='bbox 1010 5709 1044 5748; x_wconf 90' lang='lat' dir='ltr'>ae</span> <span class='ocrx_word' id='word_1_730' title='bbox 1065 5708 1116 5749; x_wconf 88' lang='lat' dir='ltr'>ca-</span> 
     </span>
     <span class='ocr_line' id='line_1_71' title="bbox 313 5777 1115 5840; baseline 0.006 -8"><span class='ocrx_word' id='word_1_731' title='bbox 313 5777 382 5834; x_wconf 88' lang='lat' dir='ltr'>dens</span> <span class='ocrx_word' id='word_1_732' title='bbox 391 5779 420 5835; x_wconf 91' lang='lat' dir='ltr'>in</span> <span class='ocrx_word' id='word_1_733' title='bbox 434 5788 532 5836; x_wconf 91' lang='lat' dir='ltr'>terram</span> <span class='ocrx_word' id='word_1_734' title='bbox 546 5797 656 5838; x_wconf 88' lang='lat' dir='ltr'>servum</span> <span class='ocrx_word' id='word_1_735' title='bbox 679 5782 729 5838; x_wconf 90' lang='lat' dir='ltr'>Dei</span> <span class='ocrx_word' id='word_1_736' title='bbox 753 5796 771 5838; x_wconf 86' lang='lat' dir='ltr'>a</span> <span class='ocrx_word' id='word_1_737' title='bbox 797 5797 847 5837; x_wconf 85' lang='lat' dir='ltr'>sua</span> <span class='ocrx_word' id='word_1_738' title='bbox 876 5781 999 5840; x_wconf 83' lang='lat' dir='ltr'>turbaret</span> <span class='ocrx_word' id='word_1_739' title='bbox 1025 5782 1115 5838; x_wconf 89' lang='lat' dir='ltr'>inten-</span> 
     </span>
     <span class='ocr_line' id='line_1_72' title="bbox 313 5867 400 5926; baseline 0.034 -5"><span class='ocrx_word' id='word_1_740' title='bbox 313 5867 400 5926; x_wconf 87' lang='lat' dir='ltr'>tione.</span> 
     </span>
    </p>
   </div>
   <div class='ocr_carea' id='block_1_9' title="bbox 1166 4979 1970 5692">
    <p class='ocr_par' dir='ltr' id='par_1_10' title="bbox 1166 4979 1970 5568">
     <span class='ocr_line' id='line_1_73' title="bbox 1166 4979 1968 5053; baseline 0.005 -17"><span class='ocrx_word' id='word_1_741' title='bbox 1166 4981 1257 5037; x_wconf 92' lang='lat' dir='ltr'>studio</span> <span class='ocrx_word' id='word_1_742' title='bbox 1272 4980 1388 5037; x_wconf 90' lang='lat' dir='ltr'>Domino</span> <span class='ocrx_word' id='word_1_743' title='bbox 1401 4981 1509 5036; x_wconf 85' lang='lat' dir='ltr'>Christo</span> <span class='ocrx_word' id='word_1_744' title='bbox 1520 4995 1568 5051; x_wconf 93' lang='lat' dir='ltr'>per</span> <span class='ocrx_word' id='word_1_745' title='bbox 1581 4979 1673 5034; x_wconf 92' lang='lat' dir='ltr'>omnia</span> <span class='ocrx_word' id='word_1_746' title='bbox 1684 4979 1872 5048; x_wconf 79' lang='lat' dir='ltr'>famulabatur,</span> <span class='ocrx_word' id='word_1_747' title='bbox 1893 4997 1968 5053; x_wconf 81' lang='lat' dir='ltr'>saepo</span> 
     </span>
     <span class='ocr_line' id='line_1_74' title="bbox 1167 5067 1968 5141; baseline 0.002 -16"><span class='ocrx_word' id='word_1_748' title='bbox 1167 5085 1348 5140; x_wconf 89' lang='lat' dir='ltr'>supernorum</span> <span class='ocrx_word' id='word_1_749' title='bbox 1364 5067 1462 5124; x_wconf 87' lang='lat' dir='ltr'>civium</span> <span class='ocrx_word' id='word_1_750' title='bbox 1482 5067 1589 5140; x_wconf 82' lang='lat' dir='ltr'>gaudiis</span> <span class='ocrx_word' id='word_1_751' title='bbox 1616 5076 1696 5140; x_wconf 90' lang='lat' dir='ltr'>atque</span> <span class='ocrx_word' id='word_1_752' title='bbox 1723 5069 1909 5141; x_wconf 86' lang='lat' dir='ltr'>concentibus,</span> <span class='ocrx_word' id='word_1_753' title='bbox 1932 5072 1968 5127; x_wconf 88' lang='lat' dir='ltr'>ad</span> 
     </span>
     <span class='ocr_line' id='line_1_75' title="bbox 1167 5153 1966 5231; baseline 0.006 -19"><span class='ocrx_word' id='word_1_754' title='bbox 1167 5173 1235 5231; x_wconf 92' lang='lat' dir='ltr'>qnos</span> <span class='ocrx_word' id='word_1_755' title='bbox 1249 5157 1327 5212; x_wconf 83' lang='lat' dir='ltr'>anxie</span> <span class='ocrx_word' id='word_1_756' title='bbox 1341 5155 1505 5226; x_wconf 89' lang='lat' dir='ltr'>suspirabat,</span> <span class='ocrx_word' id='word_1_757' title='bbox 1521 5153 1694 5222; x_wconf 89' lang='lat' dir='ltr'>miscebatur,</span> <span class='ocrx_word' id='word_1_758' title='bbox 1725 5155 1875 5229; x_wconf 90' lang='lat' dir='ltr'>aliquando</span> <span class='ocrx_word' id='word_1_759' title='bbox 1903 5174 1966 5216; x_wconf 88' lang='lat' dir='ltr'>cor-</span> 
     </span>
     <span class='ocr_line' id='line_1_76' title="bbox 1169 5243 1967 5319; baseline 0.006 -17"><span class='ocrx_word' id='word_1_760' title='bbox 1169 5245 1372 5318; x_wconf 87' lang='lat' dir='ltr'>porevigilans,</span> <span class='ocrx_word' id='word_1_761' title='bbox 1387 5243 1532 5314; x_wconf 87' lang='lat' dir='ltr'>aliqnando</span> <span class='ocrx_word' id='word_1_762' title='bbox 1569 5252 1663 5300; x_wconf 89' lang='lat' dir='ltr'>sancto</span> <span class='ocrx_word' id='word_1_763' title='bbox 1689 5261 1788 5316; x_wconf 87' lang='lat' dir='ltr'>sopore</span> <span class='ocrx_word' id='word_1_764' title='bbox 1815 5248 1967 5319; x_wconf 84' lang='lat' dir='ltr'>quiescens.</span> 
     </span>
     <span class='ocr_line' id='line_1_77' title="bbox 1169 5331 1969 5406; baseline 0.005 -16"><span class='ocrx_word' id='word_1_765' title='bbox 1169 5335 1302 5405; x_wconf 86' lang='lat' dir='ltr'>Quodque</span> <span class='ocrx_word' id='word_1_766' title='bbox 1321 5332 1443 5390; x_wconf 76' lang='lat' dir='ltr'>fortassis</span> <span class='ocrx_word' id='word_1_767' title='bbox 1468 5347 1522 5388; x_wconf 92' lang='lat' dir='ltr'>nou</span> <span class='ocrx_word' id='word_1_768' title='bbox 1553 5331 1640 5387; x_wconf 84' lang='lat' dir='ltr'>ntiuns</span> <span class='ocrx_word' id='word_1_769' title='bbox 1662 5340 1780 5405; x_wconf 89' lang='lat' dir='ltr'>stupeas,</span> <span class='ocrx_word' id='word_1_770' title='bbox 1813 5337 1969 5406; x_wconf 88' lang='lat' dir='ltr'>pervisum</span> 
     </span>
     <span class='ocr_line' id='line_1_78' title="bbox 1169 5419 1970 5496; baseline 0.005 -17"><span class='ocrx_word' id='word_1_771' title='bbox 1169 5425 1296 5496; x_wconf 77' lang='lat' dir='ltr'>quaedam</span> <span class='ocrx_word' id='word_1_772' title='bbox 1311 5439 1327 5478; x_wconf 91' lang='lat' dir='ltr'>a</span> <span class='ocrx_word' id='word_1_773' title='bbox 1341 5421 1426 5478; x_wconf 90' lang='lat' dir='ltr'>beatis</span> <span class='ocrx_word' id='word_1_774' title='bbox 1440 5419 1579 5492; x_wconf 88' lang='lat' dir='ltr'>spiritibus</span> <span class='ocrx_word' id='word_1_775' title='bbox 1591 5420 1746 5493; x_wconf 77' lang='lat' dir='ltr'>didicique</span> <span class='ocrx_word' id='word_1_776' title='bbox 1760 5423 1820 5496; x_wconf 88' lang='lat' dir='ltr'>ipse</span> <span class='ocrx_word' id='word_1_777' title='bbox 1834 5433 1928 5496; x_wconf 86' lang='lat' dir='ltr'>postea</span> <span class='ocrx_word' id='word_1_778' title='bbox 1941 5427 1970 5482; x_wconf 92' lang='lat' dir='ltr'>iu</span> 
     </span>
     <span class='ocr_line' id='line_1_79' title="bbox 1169 5509 1686 5568; baseline -0.006 -1"><span class='ocrx_word' id='word_1_779' title='bbox 1169 5512 1279 5568; x_wconf 87' lang='lat' dir='ltr'>servitio</span> <span class='ocrx_word' id='word_1_780' title='bbox 1299 5509 1348 5567; x_wconf 85' lang='lat' dir='ltr'>Dei</span> <span class='ocrx_word' id='word_1_781' title='bbox 1364 5510 1554 5567; x_wconf 89' lang='lat' dir='ltr'>canendasuos</span> <span class='ocrx_word' id='word_1_782' title='bbox 1568 5510 1686 5566; x_wconf 85' lang='lat' dir='ltr'>edocuit.</span> 
     </span>
    </p>

    <p class='ocr_par' dir='ltr' id='par_1_11' title="bbox 1204 5616 1969 5692">
     <span class='ocr_line' id='line_1_80' title="bbox 1204 5616 1969 5692; baseline 0.003 -18"><span class='ocrx_word' id='word_1_783' title='bbox 1204 5619 1356 5692; x_wconf 81' lang='lat' dir='ltr'>(Sequitur</span> <span class='ocrx_word' id='word_1_784' title='bbox 1371 5617 1500 5674; x_wconf 80' lang='lat' dir='ltr'>Historia</span> <span class='ocrx_word' id='word_1_785' title='bbox 1516 5617 1631 5673; x_wconf 83' lang='lat' dir='ltr'>visionis</span> <span class='ocrx_word' id='word_1_786' title='bbox 1643 5616 1677 5674; x_wconf 85' lang='lat' dir='ltr'>de</span> <span class='ocrx_word' id='word_1_787' title='bbox 1690 5621 1783 5676; x_wconf 78' lang='lat' dir='ltr'>uentre</span> <span class='ocrx_word' id='word_1_788' title='bbox 1792 5635 1844 5676; x_wconf 82' lang='lat' dir='ltr'>sau</span> <span class='ocrx_word' id='word_1_789' title='bbox 1854 5619 1969 5678; x_wconf 83' lang='lat' dir='ltr'>cnidum</span> 
     </span>
    </p>
   </div>
   <div class='ocr_carea' id='block_1_10' title="bbox 1169 5689 1970 5830">
    <p class='ocr_par' dir='ltr' id='par_1_12' title="bbox 1169 5689 1970 5830">
     <span class='ocr_line' id='line_1_81' title="bbox 1169 5689 1970 5830; baseline -0.005 -81"><span class='ocrx_word' id='word_1_790' title='bbox 1169 5689 1728 5830; x_wconf 62' lang='lat' dir='ltr'>chipqtcatissimodesponrotcmnam</span> <span class='ocrx_word' id='word_1_791' title='bbox 1752 5689 1835 5746; x_wconf 76' lang='lat' dir='ltr'>tanes</span> <span class='ocrx_word' id='word_1_792' title='bbox 1867 5692 1899 5746; x_wconf 87' lang='lat' dir='ltr'>in</span> <span class='ocrx_word' id='word_1_793' title='bbox 1923 5691 1970 5746; x_wconf 77' lang='grc' dir='ltr'>θε-</span> 
     </span>
     <span class='ocr_line' id='line_1_82' title="bbox 1186 5777 1265 5820; baseline -0.051 0"><span class='ocrx_word' id='word_1_794' title='bbox 1186 5777 1265 5820; x_wconf 87' lang='lat' dir='ltr'>erno.</span> 
     </span>
    </p>
   </div>
   <div class='ocr_carea' id='block_1_11' title="bbox 1205 5865 1972 5945">
    <p class='ocr_par' dir='ltr' id='par_1_13' title="bbox 1205 5865 1972 5945">
     <span class='ocr_line' id='line_1_83' title="bbox 1205 5865 1972 5945; baseline -0.003 -21"><span class='ocrx_word' id='word_1_795' title='bbox 1205 5868 1266 5945; x_wconf 76' lang='lat' dir='ltr'>Alio</span> <span class='ocrx_word' id='word_1_796' title='bbox 1280 5866 1397 5945; x_wconf 89' lang='lat' dir='ltr'>quodam</span> <span class='ocrx_word' id='word_1_797' title='bbox 1412 5873 1538 5941; x_wconf 88' lang='lat' dir='ltr'>tempore</span> <span class='ocrx_word' id='word_1_798' title='bbox 1551 5881 1599 5922; x_wconf 88' lang='lat' dir='ltr'>rex</span> <span class='ocrx_word' id='word_1_799' title='bbox 1611 5865 1639 5922; x_wconf 95' lang='lat' dir='ltr'>iu</span> <span class='ocrx_word' id='word_1_800' title='bbox 1653 5866 1699 5922; x_wconf 91' lang='lat' dir='ltr'>die</span> <span class='ocrx_word' id='word_1_801' title='bbox 1716 5865 1861 5923; x_wconf 88' lang='lat' dir='ltr'>Dominica</span> <span class='ocrx_word' id='word_1_802' title='bbox 1891 5879 1972 5922; x_wconf 88' lang='lat' dir='ltr'>mane</span> 
     </span>
    </p>
   </div>
   <div class='ocr_carea' id='block_1_12' title="bbox 0 0 2382 6724">
    <p class='ocr_par' dir='ltr' id='par_1_14' title="bbox 0 0 2382 6724">
     <span class='ocr_line' id='line_1_84' title="bbox 0 0 2382 6724; baseline 0 0"><span class='ocrx_word' id='word_1_803' title='bbox 0 0 2382 6724; x_wconf 95' lang='lat' dir='ltr'> </span> 
     </span>
    </p>
   </div>
  </div>
 </body>
</html>
