4750 6725
328 597 378 654 ast
516 616 519 622 ·
874 593 1039 652 HISTORIA
1056 594 1242 658 NOVORUM.
1262 629 1297 642 -
1315 601 1384 660 ΗΒ.
1406 603 1427 660 l.
1923 611 1975 669 382

324 719 470 792 quemlibet
484 719 570 778 alium
584 721 644 778 sine
659 737 721 780 mea
749 721 883 780 electione
897 731 923 780 et
953 721 1117 780 auctoritate.
1132 723 1163 788 Α
1177 727 1255 783 uobis
1268 728 1348 800 petis,
1363 745 1448 801 penes
1464 737 1490 786 te
1503 739 1564 796 est;
1581 748 1662 802 quom
1676 733 1838 805 prudentem
1866 735 1894 792 iu
1916 737 1976 794 Deo

324 809 356 864 ln
370 824 456 883 reguo
472 825 534 866 meo
544 825 676 883 propapa
689 811 805 884 suscipis
815 817 861 868 aut
871 819 1027 884 susceptum
1039 821 1123 882 tenos,
1180 831 1213 874 ac
1225 818 1357 874 bonitatis
1369 826 1519 876 amatorem
1533 835 1595 876 esse
1608 823 1807 894 cognoscimus,
1832 831 1860 880 et
1873 825 1909 881 ob
1924 826 1975 882 boo

329 907 422 954 contra
435 896 520 954 fidem
535 913 616 970 quam
628 900 695 957 mibi
710 900 795 958 debes
816 900 893 972 lacis,
910 917 960 958 nec
973 901 1001 957 in
1017 903 1067 958 boe
1082 917 1125 959 me
1178 905 1207 961 iu
1221 915 1277 962 tam
1288 905 1424 979 profunda
1438 924 1468 964 re
1482 907 1597 966 oonsilio
1609 918 1701 967 nostro
1716 926 1770 968 nou
1783 927 1858 986 eges.
1876 912 1974 971 Verum

328 985 420 1043 miuus
433 986 559 1056 odendis,
576 989 695 1060 quamsi
709 1005 838 1046 coronam
852 1005 941 1046 meam
952 990 1019 1046 mibi
1030 991 1126 1049 tollere
1179 995 1212 1064 si,
1228 1004 1333 1052 remota
1347 996 1421 1052 omni
1435 996 1491 1052 ulia
1506 996 1672 1066 conditione,
1687 998 1847 1071 simpliciter
1873 1001 1909 1057 ad
1922 1017 1974 1058 vo-

328 1075 481 1132 conareris.
503 1075 581 1133 Unde
609 1077 680 1134 solas
708 1077 736 1134 iu
764 1095 851 1153 regno
878 1094 940 1135 meo
968 1079 1072 1135 nullum
1101 1087 1126 1136 tu
1179 1083 1309 1140 luntatem
1323 1084 1427 1141 domini
1441 1084 1529 1141 nostri
1543 1087 1617 1158 regis
1645 1087 1751 1144 consilii
1780 1089 1817 1144 tui
1839 1105 1976 1146 summam

323 1163 501 1236 participium
516 1165 681 1236 habiturum,
697 1167 719 1222 si
734 1183 789 1224 non
807 1168 906 1240 apertis
929 1169 1125 1225 assertionibus
1180 1174 1326 1230 transferre
1340 1173 1432 1241 selles,
1446 1182 1574 1246 prompta
1602 1174 1650 1232 tibi
1678 1175 1825 1246 voluntate,
1842 1187 1871 1233 ut
1897 1177 1978 1235 nobis

329 1251 487 1324 probavero
503 1258 530 1311 te
545 1255 633 1312 omnis
640 1255 804 1314 obedientis
811 1257 1009 1328 subjectionem
1016 1259 1124 1315 Urbano
1178 1263 1257 1334 ipsis,
1272 1263 1485 1320 consuleremus.
1500 1266 1637 1332 Attamen,
1662 1264 1687 1320 si
1711 1265 1802 1335 jubes,
1830 1267 1916 1323 verba
1931 1275 1976 1323 tua

328 1341 430 1414 dequo
444 1343 543 1416 aqitur,
552 1360 603 1415 pro
617 1353 681 1402 voto
694 1361 767 1413 meo,
783 1355 956 1420 negaturum.
969 1347 1048 1418 Quod
1058 1363 1124 1420 ergo
1178 1353 1232 1424 ipsi
1245 1352 1358 1409 domino
1373 1359 1467 1408 nostro
1481 1352 1643 1422 referemus,
1672 1359 1699 1408 et
1724 1369 1786 1409 oum
1809 1352 1978 1412 audierimus

323 1430 452 1502 audiens,
469 1432 618 1489 admiratus
633 1449 708 1490 sum.
728 1434 870 1507 Siquidem
884 1436 969 1492 abbas
996 1451 1081 1506 erum,
1096 1441 1126 1492 ut
1179 1441 1244 1512 quid
1256 1441 1321 1497 iude
1331 1441 1439 1508 sentiat,
1451 1440 1574 1496 dicemus
1599 1440 1656 1496 tibi.
1693 1462 1705 1493 ι
1735 1442 1840 1499 Annuit
1855 1441 1924 1516 ipse,
1949 1452 1977 1500 et

321 1519 424 1589 nostis,
440 1519 469 1575 in
484 1521 538 1577 alio
553 1537 639 1594 regno
653 1539 701 1594 per
714 1523 928 1581 misericordiam
943 1525 994 1581 Dei
1008 1541 1124 1584 conver·
1179 1531 1303 1587 iecerunt
1313 1536 1342 1585 ut
1356 1529 1490 1585 dixerant.
1508 1529 1641 1599 Precepit
1654 1529 1745 1600 itaque
1759 1547 1807 1586 rex
1830 1537 1860 1586 ut
1882 1533 1975 1590 omnia

319 1615 397 1664 satus
412 1608 448 1665 ad
463 1625 559 1668 omnes
587 1611 646 1668 siue
674 1613 793 1684 querela.
822 1614 904 1669 Nulla
932 1629 995 1670 rero
1017 1631 1066 1686 spe
1080 1615 1125 1672 vel
1177 1621 1207 1676 iu
1220 1619 1380 1685 crastinum,
1393 1618 1456 1688 quia
1470 1619 1529 1674 dies
1557 1618 1701 1674 Dominica
1723 1628 1791 1688 erat,
1817 1619 1978 1676 differentur

324 1697 464 1755 desiderio
478 1698 664 1770 pontificatus,
687 1701 911 1775 sedquibusdam
921 1703 1126 1760 rationabilibus
1178 1717 1206 1765 ot
1231 1707 1375 1764 dnselmus
1399 1707 1435 1762 ud
1463 1706 1612 1778 hospitium
1638 1723 1727 1773 suum,
1761 1706 1865 1764 curiam
1895 1724 1976 1764 manc

329 1786 431 1856 causis,
448 1803 516 1859 quas
531 1787 683 1846 nullatenus
697 1792 824 1847 omittere
838 1799 974 1864 potorum,
997 1792 1025 1847 in
1053 1795 1123 1850 lranc
1177 1797 1351 1868 repetiturus,
1368 1804 1557 1852 reverteretur.
1573 1797 1686 1852 Factum
1699 1803 1740 1852 cst
1753 1796 1801 1853 ita.
1816 1797 1851 1852 lit
1879 1811 1970 1866 mane,

325 1883 426 1930 terram
441 1889 502 1932 sum
518 1877 612 1934 venire
625 1887 742 1935 coactus.
759 1883 822 1952 lpso
838 1889 928 1937 autem
954 1897 1020 1955 rege
1047 1881 1122 1938 infir-
1175 1888 1254 1959 juxta
1267 1885 1432 1953 condictum,
1448 1885 1549 1941 reuersi
1577 1900 1679 1940 sumus.
1708 1887 1802 1956 ltaque
1829 1884 1976 1941 anselm

319 1973 409 2034 mato,
426 1964 583 2035 omnesqui
599 1971 664 2024 tuno
678 1968 798 2026 aderatis
813 1969 837 2025 ei
852 1978 881 2026 ut
907 1971 985 2026 matri
1013 1987 1071 2026 susa
1098 1980 1125 2028 et
1176 1977 1205 2032 in
1220 1974 1311 2032 medio
1325 1990 1467 2046 procerum
1483 1982 1509 2030 et
1522 1973 1698 2043 conglobatae
1722 1971 1905 2030 multitudinis
1926 1989 1974 2030 se·

320 2061 424 2110 vestre
439 2053 545 2110 scilicet
556 2055 692 2113 Ecclesiae
706 2057 893 2115 cantuariensi
906 2075 957 2131 per
970 2059 1121 2117 iustitutio-
1136 2075 1164 2138 Β
1178 2065 1255 2131 dens,
1272 2063 1309 2120 ita
1323 2078 1401 2118 orsus
1415 2070 1473 2118 est:
1492 2083 1503 2110 α
1520 2061 1548 2118 Si
1561 2062 1643 2132 juxta
1657 2061 1730 2134 quod
1743 2077 1759 2117 a
1773 2060 1862 2133 vobis,
1872 2060 1976 2117 domiui

327 2142 540 2214 nempontilicis
561 2152 623 2201 ante
644 2154 762 2202 mortem
786 2163 861 2204 auam
890 2148 1049 2218 consuleret,
1072 2165 1120 2221 pro
1176 2155 1281 2223 iratres,
1298 2153 1424 2208 hesterno
1439 2151 1493 2220 die,
1509 2149 1651 2207 consilium
1677 2149 1711 2206 de
1739 2149 1867 2220 presenti
1895 2165 1976 2206 censs

320 2237 389 2286 soto
405 2231 590 2290 consuluistis.
610 2232 680 2304 Quid
696 2235 810 2292 dicam‘l
837 2235 969 2310 Suscepto
997 2238 1120 2308 consilio,
1176 2241 1270 2314 petivi,
1284 2238 1327 2296 rel
1343 2255 1415 2294 nnnc
1429 2238 1494 2294 dare
1515 2237 1630 2305 velletis,
1654 2237 1815 2307 acciperem.
1834 2261 1845 2286 ι
1861 2240 1897 2292 At
1909 2236 1950 2293 illi
1967 2251 1974 2293 :

319 2317 429 2389 placuit
447 2319 486 2376 illi
502 2328 530 2378 et
544 2322 623 2379 vobis
637 2323 666 2378 in
680 2323 731 2380 boo
746 2339 815 2396 opas
830 2325 934 2399 eligere
955 2341 1008 2382 me.
1026 2325 1122 2398 Objeoi
1178 2354 1189 2381 a
1208 2329 1288 2399 Quod
1302 2327 1362 2383 beri
1375 2327 1577 2398 respondimus,
1592 2326 1676 2383 modo
1694 2325 1908 2398 respondemus:
1923 2324 1977 2382 sci·

319 2407 452 2480 plurima,
468 2409 623 2468 subducere
638 2427 681 2468 me
697 2412 833 2484 praesulati
848 2414 979 2486 gestiens,
1008 2432 1059 2472 nec
1072 2431 1121 2472 ac·
1176 2419 1250 2488 licet,
1264 2417 1288 2474 si
1302 2433 1374 2490 pure
1389 2416 1424 2471 ad
1450 2415 1615 2472 uoluntatem
1643 2413 1752 2471 domiui
1780 2413 1854 2487 regis
1867 2413 1974 2470 consilii

321 2495 475 2568 quievistis.
492 2498 639 2556 Professus
653 2517 712 2556 sum
727 2502 863 2559 interulis
877 2519 921 2560 me
936 2505 1007 2561 hunc
1022 2505 1122 2576 dequo
1177 2509 1216 2565 tui
1247 2522 1382 2562 summam
1415 2502 1561 2560 transferre
1589 2502 1718 2572 volueris,
1748 2509 1915 2574 promptum,
1947 2509 1976 2559 et

321 2601 395 2641 nuno
411 2587 521 2657 querela
531 2587 583 2644 istu
598 2590 750 2647 conseritur
763 2591 900 2648 Urbanum
911 2609 959 2664 pro
971 2593 1122 2664 apostolico
1177 2596 1251 2668 quod
1266 2597 1294 2651 iu
1308 2593 1388 2651 nobis
1402 2593 1470 2666 ipsis
1483 2593 1549 2648 utile
1570 2591 1724 2658 didicimus,
1740 2606 1756 2646 a
1770 2589 1851 2648 nobis
1879 2589 1972 2647 cousi-

321 2676 491 2748 suscepisse,
507 2692 605 2749 meque
619 2678 654 2736 ab
668 2680 727 2750 ejus
741 2680 912 2750 subJectione
927 2683 1017 2753 quoad
1044 2683 1122 2742 vive·
1178 2684 1244 2740 lium
1259 2691 1362 2740 certum
1376 2680 1503 2738 babebis.
1532 2680 1563 2737 Si
1581 2686 1671 2736 cutem
1700 2678 1851 2736 meandum
1876 2679 1973 2747 Deum,

323 2773 366 2822 ret
380 2765 424 2821 vel
439 2765 474 2820 ad
488 2767 585 2822 horam
601 2766 739 2824 discedere
768 2769 857 2834 nolle;
887 2777 914 2827 et
942 2771 987 2842 qui
1014 2771 1047 2828 ad
1071 2773 1123 2828 hoc
1177 2773 1251 2845 quod
1265 2770 1401 2828 ullatenus
1414 2769 1546 2826 voluntati
1559 2769 1633 2841 reqis
1646 2767 1759 2825 obviare
1786 2769 1883 2839 possit,
1909 2783 1974 2824 con·

320 2861 385 2910 tunc
400 2855 530 2926 temporis
544 2855 610 2912 mibi
640 2857 844 2915 contradiceret
871 2874 953 2916 nemo
982 2860 1042 2916 luit.
1069 2859 1124 2916 Sed
1177 2858 1390 2919 siliumanobis
1404 2861 1556 2929 exspectas,
1585 2856 1688 2912 frustra
1715 2855 1826 2919 niteris,
1856 2857 1918 2926 quia
1945 2855 1974 2911 iu

321 2942 390 3013 qnid
400 2943 414 2996 ‘l
425 2943 564 3014 llapuistis
578 2960 622 3000 me
636 2954 663 3003 et
677 2946 757 3019 coegi
766 2946 814 3002 stis
830 2963 901 3004 onus
910 2947 1029 3004 omnium
1040 2949 1125 3006 susci·
1169 2948 1335 3020 ,hujusmodi
1349 2962 1489 3019 nunquam
1503 2946 1550 3002 tibi
1564 2961 1614 3002 nos
1628 2943 1816 3001 adminiculari
1826 2943 1942 3002 ridebis.
1959 2965 1971 2994 s

319 3046 397 3102 pero,
411 3031 456 3102 qui
466 3033 589 3103 corporis
599 3033 778 3091 imbecilitate
788 3035 923 3105 defessus,
934 3037 1068 3108 meipsum
1079 3038 1125 3094 vix
1178 3039 1283 3109 Quibus
1297 3037 1375 3093 dictis
1389 3035 1583 3102 conticuerunt,
1598 3042 1626 3090 et
1639 3033 1730 3106 capita
1757 3048 1805 3089 sua
1832 3033 1910 3102 quasi
1939 3033 1975 3088 ad

319 3126 445 3190 poteram
461 3118 543 3176 lerre.
559 3121 590 3176 lu
604 3136 660 3195 quo
671 3121 745 3180 tacta
757 3125 893 3195 putabatis
907 3124 998 3182 lorsan
1014 3125 1125 3182 mihiad
1178 3144 1212 3184 ea
1226 3143 1287 3200 que
1300 3127 1360 3199 ipsc
1372 3125 1497 3180 illaturus
1512 3131 1570 3179 erat
1598 3121 1766 3179 dimiserunt.
1795 3123 1870 3179 Tunc
1897 3123 1976 3178 l'atcr

319 3215 418 3265 votum
431 3209 1125 3288 servirs.Sedquantumilluddesideraverirrr,quum
1178 3218 1322 3272 anselmus
1337 3212 1437 3271 erectis
1453 3213 1481 3268 in
1495 3213 1578 3268 altum
1605 3209 1754 3267 luminibus
1774 3209 1866 3269 vivido
1889 3209 1975 3279 vultu,

319 3307 434 3370 gratum
449 3298 601 3369 habuerim,
617 3308 754 3373 quantum
779 3301 807 3356 in
831 3303 879 3358 illo
899 3303 1046 3361 delectatus
1062 3304 1124 3375 sim,
1179 3304 1331 3363 reverenda
1359 3318 1426 3362 rooe
1453 3301 1504 3357 ista
1528 3301 1634 3358 locutus
1660 3306 1701 3356 est
1717 3319 1723 3356 :
1742 3320 1754 3351 ι
1771 3299 1838 3355 Cum
1867 3311 1918 3356 uos
1931 3296 1979 3371 qui

320 3389 415 3445 dicore
433 3390 462 3445 in
477 3391 604 3460 prmseuti
619 3390 739 3463 quidem,
755 3408 817 3448 cum
832 3392 899 3447 nibil
914 3392 1008 3465 prosit,
1025 3410 1125 3464 super·
1142 3433 1167 3497 C
1182 3395 1341 3451 Christiane
1356 3393 1444 3464 plebis
1470 3399 1606 3463 pastores,
1633 3397 1661 3446 et
1676 3405 1723 3447 ros
1738 3390 1784 3462 qni
1812 3387 1976 3460 populorum

321 3493 440 3537 vacuum
453 3477 569 3537 estimo.
586 3481 685 3537 Verum
701 3496 734 3537 ne
749 3481 808 3555 quis
824 3482 958 3540 iubacrc
980 3483 1127 3541 couscieu-
1180 3484 1319 3556 principes
1333 3480 1476 3549 vocamini,
1491 3480 1634 3536 consilium
1662 3478 1730 3535 mibi
1743 3477 1858 3550 principi
1886 3485 1977 3533 vostro

322 3568 392 3624 tiam
406 3584 497 3624 mcum
512 3568 638 3626 nesciens
652 3570 850 3627 scandalizetur
875 3572 905 3627 iu
928 3588 972 3628 me
1003 3590 1009 3627 :
1038 3572 1126 3628 fateor
1179 3572 1288 3630 nonnisi
1313 3572 1348 3626 ad
1374 3569 1453 3626 unius
1474 3568 1593 3625 bominis
1617 3568 1784 3624 voluntatem
1798 3565 1864 3622 dare
1878 3564 1978 3631 ruluss

323 3672 423 3713 vorum
438 3656 503 3714 dico
518 3658 583 3728 quia
596 3658 676 3715 salva
690 3661 844 3716 reverentia
859 3659 1002 3716 voluntatis
1015 3660 1126 3716 Delma·
1179 3676 1232 3733 ego
1246 3660 1280 3716 ad
1300 3674 1440 3715 summum
1454 3664 1599 3729 pastorem,
1614 3664 1642 3712 et
1667 3655 1821 3726 principem
1842 3653 1974 3721 omnium,

320 3744 437 3801 luisscm
453 3744 501 3801 illa
516 3746 570 3815 die,
589 3745 612 3801 si
627 3747 702 3818 optio
717 3746 782 3803 mibi
800 3749 918 3817 daretur,
935 3748 963 3803 in
985 3748 1125 3804 ardentum
1183 3766 1236 3823 eqo
1249 3750 1285 3805 ad
1299 3748 1391 3820 magni
1407 3745 1511 3802 consilii
1524 3744 1653 3816 angelum
1667 3758 1776 3800 curram
1801 3749 1829 3799 et
1855 3741 1883 3797 in
1902 3756 1974 3809 meo,

321 3849 424 3907 rogum
457 3834 659 3891 comburendus
698 3836 869 3908 precipitari,
912 3852 994 3911 quum
1032 3836 1123 3893 urchi·
1178 3838 1235 3894 imo
1250 3838 1278 3892 in
1293 3852 1342 3892 suo
1357 3840 1384 3891 et
1394 3834 1524 3891 Ecclesiae
1537 3849 1594 3889 suae
1609 3832 1730 3905 negotio,
1745 3829 1889 3887 consilium
1901 3828 1976 3902 quod

321 3923 498 3995 episcopatus
526 3922 658 3995 dignitate
685 3923 838 3980 sublimari.
870 3926 995 3981 acumen
1027 3924 1124 3982 videns
1178 3924 1323 4000 sequarab
1336 3940 1370 3981 eo
1385 3923 1527 3995 accipiam.
1557 3922 1628 3979 Dicit
1653 3919 1809 3977 beatissimo
1834 3918 1975 3990 apostolo·

320 4012 506 4084 importunam
523 4011 690 4069 voluntatem
701 4020 829 4081 vestram,
841 4012 995 4069 credidims
1010 4014 1088 4071 robis
1098 4022 1124 4071 et
1177 4030 1237 4071 rom
1253 4015 1331 4071 Petro
1347 4028 1355 4069 ε
1374 4014 1412 4069 Tu
1427 4028 1455 4069 es
1467 4010 1903 4084 Petros,ctsuperlronopctrom
1913 4006 1979 4064 cdi·

321 4102 434 4174 suscepi
449 4115 519 4158 onus
533 4100 605 4171 quod
621 4100 796 4173 imposuistis,
812 4100 935 4159 conlisus
949 4120 997 4175 spe
1025 4103 1121 4159 auxilii
1176 4105 1264 4175 ficato
1277 4102 1434 4159 Ecclesium
1452 4116 1565 4169 meum,·
1584 4104 1614 4157 et
1630 4098 1819 4172 portoetnscri
1832 4113 1891 4154 aon
1901 4112 1977 4170 pror·

321 4186 412 4245 vostri
425 4188 500 4261 quod
515 4188 632 4261 polliciti
646 4190 723 4246 estis.
738 4190 818 4248 Nunc
833 4206 911 4263 ergo,
927 4207 991 4248 ecoe
1017 4200 1123 4262 tempus
1176 4192 1312 4250 uolebant
1322 4192 1455 4249 odoenus
1465 4193 1576 4259 comet
1589 4186 1975 4259 tlbldubocloorsrcprricoe·

321 4278 403 4335 adest
418 4293 471 4350 quo
490 4293 551 4333 sese
564 4293 648 4334 causa
664 4278 772 4347 obtulit,
787 4288 816 4335 ut
830 4295 898 4337 onus
913 4294 1002 4336 meum
1017 4279 1122 4337 consilii
1178 4282 1271 4340 lorum
1280 4302 1291 4349 ,·
1301 4286 1329 4338 ct
1344 4281 1527 4353 quodcunque
1538 4278 1672 4350 liqoocrts
1684 4293 1771 4350 super
1787 4280 1905 4343 terram,
1916 4277 1974 4331 erit

318 4366 408 4423 vestri
422 4381 505 4423 mauu
528 4365 632 4424 levetis.
662 4368 713 4424 Pro
741 4368 820 4439 cujus
847 4368 954 4425 consilii
976 4368 1122 4439 adeptione
1176 4366 1977 4441 ettncoetteraporum:et;qcoocanquesotoerompcrter-

317 4454 404 4523 petivi
419 4454 542 4511 inducias
555 4454 590 4511 ab
617 4470 650 4512 eo
679 4455 723 4513 die
751 4472 804 4529 quo
820 4456 886 4513 mihi
900 4457 1013 4529 praelatu
1040 4456 1123 4513 verba
1174 4461 1304 4516 ramerii
1316 4458 1526 4515 solutumctr'rr
1549 4456 1627 4513 coellr
1648 4456 1761 4523 (llottlr.
1776 4470 1833 4521 xvr,
1854 4450 1898 4518 ts,
1918 4452 1972 4521 ts).

321 4542 483 4613 dictasunt,
499 4542 701 4601 inhuncdiem
720 4561 727 4599 :
744 4552 874 4616 quatenus
899 4546 927 4601 iu
955 4562 1037 4603 unum
1053 4562 1120 4602 oon·
1173 4542 1745 4616 Communiteretiamapostolisomnibus:
1759 4542 1812 4611 Qui
1823 4540 1973 4609 oosuudt't,

323 4631 464 4702 veniretis,
481 4632 619 4689 communi
634 4631 748 4690 consilio
774 4633 986 4707 investigaretis,
1015 4642 1121 4690 utrum·
1175 4629 1974 4708 mercatu-erqutaorspcmtt,mespernttmucaao),-

318 4736 384 4777 nam
398 4720 515 4793 possim,
528 4720 604 4780 salva
618 4720 748 4778 fidelitate
763 4722 847 4794 regis,
864 4738 973 4779 servare
987 4722 1121 4780 obedien·
1175 4725 1428 4799 etquituopitoos,
1444 4724 1572 4795 sicutque·
1583 4718 1974 4794 tcapitpupillcmocult'mct

317 4809 385 4866 tiam
399 4810 556 4882 apostolica·
570 4810 655 4867 sedis.
673 4810 769 4879 Petivi,
794 4810 917 4883 iuquam,
939 4812 1064 4867 inducias
1091 4790 1157 4869 etD
1173 4815 1269 4887 (chb.
1285 4830 1317 4883 11,
1331 4813 1368 4884 a).
1384 4812 1448 4869 llaec
1461 4810 1531 4870 sicut
1558 4808 1745 4881 principaliter
1771 4807 1852 4863 beato
1878 4806 1977 4875 Petro,

319 4899 422 4972 accepi,
438 4904 467 4955 ot
481 4914 543 4956 ecoe
553 4899 642 4973 qratia
655 4898 705 4955 lici
720 4898 833 4957 adestis.
845 4900 947 4957 Omnes
961 4900 1062 4972 itaque,
1074 4902 1122 4959 sed
1175 4910 1201 4959 et
1225 4903 1255 4959 in
1280 4903 1340 4975 ipso
1367 4899 1474 4959 coeteris
1498 4898 1631 4971 apostolis
1654 4896 1727 4953 dicta
1754 4894 1913 4967 accipimus,
1938 4894 1977 4951 itu

319 5005 369 5047 vos
385 4988 532 5061 precipue,
549 4988 645 5044 iratres
672 4995 699 5045 et
725 4988 886 5059 coepiscopi
914 4990 967 5045 mei
986 5006 1082 5061 precor
1095 5000 1122 5047 et
1174 4991 1365 5065 principaliter
1377 4988 1480 5049 vicario
1493 4988 1566 5045 beati
1582 4986 1662 5054 Petri,
1678 4994 1706 5042 et
1726 5001 1776 5057 per
1804 4984 1894 5057 ipsum
1920 5000 1973 5042 cu·

318 5091 429 5147 moneo,
439 5083 571 5150 quatenus
585 5075 649 5133 istis
664 5074 811 5150 diligenter
824 5077 953 5149 inspectis
964 5078 1119 5148 studiosius,
1174 5080 1238 5137 teris
1252 5078 1398 5151 episcopis,
1415 5078 1461 5151 qui
1475 5078 1549 5136 riccs
1562 5083 1647 5149 aqum
1667 5074 1862 5147 apostolorum.
1877 5075 1975 5130 eadem

317 5166 387 5223 sicut
400 5181 450 5223 ros
464 5164 552 5235 decet,
569 5181 623 5238 quo
650 5164 730 5220 inniti
760 5180 859 5237 queam
888 5166 956 5222 mihi
977 5167 1121 5224 consilium
1174 5170 1247 5227 diota
1262 5178 1477 5225 tenemustnon
1490 5165 1604 5223 cuilibet
1625 5163 1792 5234 imperatori.
1822 5178 1877 5219 non
1892 5161 1973 5219 abcui

318 5254 400 5323 debs,
416 5254 454 5311 ito
468 5261 497 5310 ut
510 5261 634 5313 etoontra
648 5253 833 5311 obedientiam
848 5271 928 5327 papae
940 5255 1007 5312 nibil
1028 5274 1118 5331 aqam
1175 5258 1248 5331 regi,
1262 5258 1318 5313 don
1331 5253 1583 5324 duci,uonoomiti.
1613 5255 1645 5311 lu
1672 5267 1727 5324 quo
1749 5260 1843 5309 tamen
1860 5250 1974 5308 terrenis

319 5355 346 5402 ot
360 5344 445 5403 fidem
459 5359 540 5415 quam
565 5342 675 5400 domino
704 5342 764 5414 regi
791 5342 879 5400 debeo
892 5358 949 5401 uon
970 5343 1119 5401 offendam.
1174 5344 1346 5418 principibus
1359 5342 1439 5400 subdi
1453 5358 1487 5400 ac
1500 5342 1654 5398 ministrare
1668 5340 1821 5398 debeamus
1847 5341 1928 5397 docet
1951 5346 1978 5395 et

320 5435 413 5491 Grave
427 5430 565 5506 siquidem
582 5432 648 5488 mihi
663 5440 705 5489 est
718 5431 853 5487 vicarium
882 5432 956 5489 beati
971 5434 1043 5489 Patri
1057 5448 1121 5491 oou·
1173 5432 1284 5490 instruit
1297 5432 1371 5489 idem
1391 5432 1452 5503 ipse
1466 5431 1560 5505 maqni
1574 5430 1679 5488 consilii
1692 5428 1823 5502 Angelus,
1852 5429 1975 5486 diceas:

317 5521 466 5581 temnendo
480 5522 620 5594 abnegare
633 5537 640 5587 ;
655 5536 751 5595 grave,
766 5520 848 5579 fidem
881 5536 961 5593 quam
989 5522 1049 5594 reqi
1077 5536 1121 5578 me
1175 5522 1290 5581 liedditc
1304 5518 1699 5595 quaesuutdoesurisdoesorr',
1720 5523 1749 5576 ct
1764 5518 1909 5593 querum
1925 5517 1977 5574 Dei

317 5612 469 5670 mundum
503 5610 589 5667 Deum
624 5617 792 5667 serratorum
838 5608 967 5681 promisi,
996 5608 1118 5678 violares
1174 5605 1901 5681 Dco(1cttb.xxrv,2lt.Hoecverba,lvaecconsilia
1925 5605 1975 5661 liei

317 5716 405 5775 qrave
430 5698 612 5756 nibilominus
637 5696 710 5771 quod
738 5697 846 5766 dicitur,
870 5696 1039 5770 impossibile
1052 5699 1119 5755 mibi
1171 5707 1246 5756 suut.
1260 5699 1326 5755 llrec
1339 5698 1472 5771 approbo¹
1488 5699 1548 5755 hec
1562 5696 1693 5769 suscipio,
1709 5697 1769 5754 bec
1782 5694 1856 5751 nulla
1870 5692 1977 5750 ratione

315 5788 377 5847 lore
391 5804 476 5847 uuum
490 5788 598 5857 borum,
615 5802 670 5843 uon
684 5786 786 5845 violato
814 5786 909 5854 altero,
939 5788 1086 5844 custodire.
1105 5812 1116 5837 a
1173 5788 1266 5846 exibo.
1282 5787 1373 5860 Quare
1387 5786 1477 5845 cuncti
1491 5784 1621 5845 noveritis
1636 5786 1665 5841 in
1679 5782 1826 5851 communi,
1856 5780 1928 5855 quod
1942 5780 1972 5837 in

316 5878 361 5937 Ad
375 5880 434 5937 baec
453 5876 576 5950 episcopi
591 5876 789 5957 responderunt
805 5893 812 5931 ε
827 5898 837 5925 ι
855 5874 1003 5933 Consilium
1019 5876 1118 5951 quoda
1172 5876 1216 5935 lais
1230 5892 1290 5953 quur
1301 5877 1354 5934 Dei
1367 5885 1430 5935 sunt
1441 5876 1547 5935 vicario
1560 5873 1632 5932 beati
1648 5872 1718 5931 Petri
1732 5870 1928 5938 obedientiam,
1942 5875 1971 5930 et
