4750 6725
332 589 382 655 ast
886 598 1051 662 rusronra
1070 597 1256 664 uovoauu.
1276 638 1311 649 -
1330 593 1385 665 ire
1404 609 1429 665 1.
1934 622 1986 681 sss

333 725 463 800 potentiae
485 727 512 782 in
535 727 594 786 vita
615 741 664 785 sua
688 727 803 797 exstitit,
827 729 896 786 utin
912 738 968 787 tota
983 731 1090 804 anglia,
1105 731 1132 785 iu
1148 731 1176 791 Α
1191 737 1338 804 aratoque
1353 733 1424 790 victu
1435 735 1632 795 monachorum
1647 737 1713 797 inibi
1727 743 1786 800 Deo
1800 746 1985 819 servientium,

337 821 394 871 tota
406 815 614 884 Nortbmannia,
630 819 659 872 in
677 818 1135 890 totaCeuomaneasipatria,uemc
1189 819 1294 891 reliqua
1311 824 1362 878 sub
1375 839 1458 880 censu
1472 833 1554 897 atque
1572 827 1601 882 in
1615 845 1695 885 suurn
1720 831 1871 890 dominium
1898 835 1988 912 redigi

331 911 427 961 contra
441 905 591 977 imperium
606 906 785 976 ejusmeuum
807 922 918 964 movere
932 909 1053 978 auderet,
1069 923 1134 964 rnox
1186 909 1277 979 jussit.
1295 911 1369 967 Fecit
1382 929 1448 986 ergo
1458 915 1608 972 Ecclesiam
1624 917 1727 974 Christi
1741 922 1866 978 venalem
1881 943 1889 992 ς
1903 925 1949 996 jus
1958 927 1987 983 in

331 1001 361 1050 ut
387 993 416 1049 in
446 1002 547 1050 terram
577 995 705 1066 spiritum
725 997 900 1052 exhalaturus
913 998 1018 1069 positas
1034 1004 1085 1062 est,
1101 995 1136 1050 ab
1190 1014 1222 1053 ea
1232 999 1391 1056 dominandi
1405 1018 1464 1074 prae
1478 1005 1582 1061 caeteris
1596 1005 1636 1061 itti
1664 1008 1786 1066 tribuens
1812 1012 1907 1084 quiud
1932 1016 1987 1073 de·

331 1087 406 1140 ιιιιιιιι
422 1083 543 1154 homine,
560 1083 628 1139 sicut
648 1085 819 1155 accepimus,
843 1101 897 1140 unc
925 1083 984 1142 solo
1008 1075 1136 1141 ιιιιιιιιιιιι
1190 1086 1345 1142 trimentum
1361 1089 1420 1159 ejus
1435 1091 1463 1147 in
1476 1094 1565 1149 dendo
1580 1096 1695 1166 pretium
1711 1098 1796 1154 alium
1824 1104 1982 1173 superabat.

331 1171 469 1229 serviente
485 1179 608 1245 excepto,
639 1173 797 1229 derelictum
826 1173 959 1231 cadavere
990 1173 1051 1245 ejus
1078 1173 1136 1228 sine
1190 1175 1269 1231 Unde
1290 1178 1395 1234 misera
1423 1183 1596 1239 successione
1623 1184 1737 1258 singulis
1761 1189 1839 1244 aunis
1866 1194 1986 1262 pretium

334 1261 408 1318 omni
424 1275 526 1334 pompa
554 1263 772 1333 persequantur
799 1262 925 1319 naucella
952 1262 1084 1330 delatum,
1110 1269 1136 1318 et

332 1367 394 1408 caru
409 1351 517 1422 sepeliri
533 1349 657 1418 deberet,
674 1350 762 1422 ipsam
776 1359 874 1406 terrem
891 1351 1038 1424 sepulturae
1063 1351 1136 1407 illias

332 1440 484 1512 aquodam
512 1439 615 1495 rustico
635 1439 827 1494 calumniatam
848 1439 894 1511 qui
923 1433 985 1494 eum
1015 1441 1133 1496 baeredi·

331 1529 400 1584 tario
414 1528 477 1598 jure
490 1527 644 1584 reclamans
659 1537 823 1598 conquestus
842 1534 883 1584 est
897 1527 969 1583 illam
1000 1527 1052 1584 sibi
1077 1529 1134 1599 jam

329 1617 398 1673 olim
415 1617 450 1672 ab
466 1617 562 1672 eodem
579 1615 679 1686 injuria
695 1617 779 1672 luisse
792 1617 909 1672 ablatam
926 1617 965 1688 (a)
980 1617 994 1670 ‘l
1010 1615 1133 1685 Quantus

332 1715 424 1762 autem
441 1705 731 1761 moerorLaniraneunr
748 1723 781 1760 err
799 1715 887 1762 morte
906 1709 964 1774 ejus
979 1707 1132 1778 perculerit,

1189 1264 1382 1321 renovabatur.
1409 1267 1519 1324 Nullam
1549 1271 1683 1342 siquidem
1699 1278 1908 1336 conventionem
1936 1298 1987 1339 rex

1189 1351 1315 1409 stabilem
1344 1371 1404 1410 esse
1432 1358 1546 1427 sinebat,
1577 1361 1626 1416 sed
1646 1362 1690 1434 qul
1718 1364 1795 1435 plara
1809 1369 1986 1438 promittebat

1189 1441 1351 1498 excludebat
1374 1444 1462 1500 minas
1490 1447 1611 1518 dantem,
1635 1450 1686 1506 nisi
1713 1451 1782 1511 ione
1809 1456 1884 1511 adid
1912 1460 1985 1529 quod

1188 1531 1324 1599 posterior
1332 1530 1475 1602 offerebat,
1492 1535 1579 1607 prima
1589 1540 1769 1596 conventione
1783 1546 1984 1617 vacuata,pricr

1188 1629 1362 1690 assurgeret.
1382 1622 1497 1679 Videres
1511 1625 1625 1696 insuper
1639 1629 1770 1698 quotidie,
1785 1636 1876 1703 spreta
1890 1649 1984 1692 servo·

1187 1722 1248 1761 rarn
1265 1709 1312 1763 Dei
1325 1710 1469 1782 religione,
1485 1728 1609 1786 quosque
1620 1717 1983 1780 nefandissimoshcminam

335 1794 401 1868 quis
415 1793 504 1850 dicere
533 1795 629 1866 possit,
647 1793 1134 1868 quandonosquicircaillumatracia
1186 1796 1278 1868 regias
1291 1799 1421 1868 pecunias
1434 1801 1576 1874 exigentes
1603 1809 1654 1876 p'er
1677 1806 1797 1863 claustra
1824 1813 1984 1869 monasterii

331 1892 421 1940 morte
437 1881 511 1938 illius
526 1883 744 1950 eramuS,statim
763 1899 824 1938 curn
834 1899 891 1954 prae
906 1883 995 1939 cordis
1010 1884 1133 1956 angustia
1186 1893 1265 1941 torvo
1280 1893 1308 1940 et
1321 1887 1422 1944 minaci
1436 1890 1510 1945 vultu
1531 1894 1692 1964 procedere,
1720 1896 1861 1954 hincinde
1883 1902 1982 1970 preci-

334 1973 404 2028 mcri
421 1973 607 2028 timeremus?
1185 1989 1262 2045 pere,
1277 1975 1364 2030 mitras
1379 1977 1518 2049 intentare,
1541 1981 1753 2040 dominationem
1781 1989 1983 2062 potentiamque

369 2061 503 2116 Destineto
523 2060 613 2131 itaqua
633 2076 699 2132 rege
710 2059 883 2127 willhelmo,
909 2062 1041 2118 successit
1064 2070 1089 2118 et
1103 2061 1130 2116 in
1146 2085 1172 2147 B
1187 2080 1264 2118 suum
1281 2065 1307 2118 in
1323 2065 1483 2122 immensam
1494 2077 1640 2126 ostentare.
1658 2071 1719 2141 Qua
1738 2076 1775 2130 de
1788 2091 1820 2131 re
1847 2093 1909 2149 quae
1936 2080 1983 2136 vel

328 2167 449 2222 regnum
464 2147 1130 2224 Willlrelmusfiliusejus,quicumregnilasti·
1187 2160 1253 2223 quot
1293 2154 1432 2219 scandale,
1464 2156 1660 2230 dissensiones,
1685 2161 1898 2222 inordinationes
1917 2176 1984 2225 ortae

326 2241 372 2312 gia
403 2237 478 2293 fratri
507 2253 557 2294 suc
583 2237 702 2294 iloberto
724 2237 922 2310 (blprreripero
949 2239 1061 2311 gestiret
1078 2254 1084 2308 ;
1103 2246 1130 2295 et
1186 2241 1251 2310 sint,
1266 2243 1403 2299 reminisci
1419 2243 1504 2317 piget.
1521 2246 1610 2317 Super
1624 2249 1692 2318 baec,
1709 2252 1819 2322 quidam
1845 2255 1899 2326 ipsi
1927 2257 1984 2317 Ec-

324 2327 518 2396 Lanirancum,
535 2325 858 2396 siuecujusesseusuin
883 2343 998 2400 ragnum
1027 2327 1125 2384 ascisci
1185 2329 1278 2386 elesise
1293 2331 1983 2411 monachi,malisingruentibusdispersicernissi

326 2415 487 2472 nullatenus
502 2419 619 2486 peteret,
636 2415 687 2470 sibi
702 2415 729 2470 in
744 2415 842 2472 licead
866 2417 1051 2487 expletionem
1079 2415 1129 2472 de·
1185 2419 1291 2474 suntad
1307 2419 1359 2474 alia
1373 2422 1537 2477 monasterie
1553 2441 1560 2487 ;
1577 2431 1605 2480 et
1618 2426 1760 2497 quireiieti
1771 2464 1774 2467 ·
1784 2429 1883 2486 multas
1907 2435 1984 2503 pessi

322 2504 418 2560 siderii
447 2505 488 2559 sui
517 2520 572 2560 acu
602 2503 941 2560 omnincconseutaneum
969 2503 1123 2572 inveniret;
1186 2507 1374 2563 tribulationes
1389 2517 1416 2564 et
1431 2510 1741 2583 improperia.Quidde
1763 2518 1983 2578 hominibueEc-

320 2608 424 2649 verens
437 2609 471 2650 ne
486 2591 579 2649 dilatio
593 2609 651 2648 suae
665 2592 875 2648 consecrationis
894 2592 1005 2648 iniarret
1028 2593 1053 2648 ei
1063 2593 1122 2648 dis·

324 2683 458 2754 pendium
472 2681 553 2753 cupiti
568 2681 691 2748 honoris,
721 2681 804 2752 caepit
831 2687 886 2735 tum
910 2696 959 2752 per
987 2697 1016 2736 se
1044 2697 1126 2753 quarn

323 2786 374 2842 per
394 2785 491 2826 omnes
515 2785 582 2842 quos
597 2776 712 2840 poterat,
727 2767 781 2826 ide
795 2778 1024 2841 sacramentoque
1052 2771 1129 2824 Lan-

321 2859 422 2918 srancc
437 2859 597 2930 promittere
609 2859 757 2928 justitiam,
773 2858 928 2928 equitatem
960 2867 985 2914 et
1017 2859 1125 2914 miseri·

328 2947 452 3005 cordiam
482 2963 511 3004 se
540 2965 589 3020 per
613 2955 697 3003 toturn
725 2962 853 3020 regnum,
883 2947 907 3002 si
935 2963 982 3002 rex
1002 2948 1126 3016 iuratio

322 3037 399 3094 omui
419 3037 531 3110 negotio
548 3043 735 3098 servaturum
752 3051 858 3108 pacem,
887 3036 1054 3104 libertatem,
1080 3052 1128 3093 se·

321 3127 466 3183 caritatem
482 3126 664 3181 Ecclesiamm
691 3134 787 3181 contra
815 3141 912 3182 omnes
940 3125 1125 3195 defensurum,

321 3232 413 3273 necne
429 3217 577 3287 praecptis
591 3222 671 3287 atque
686 3213 809 3271 consiliis
836 3215 895 3286 ejas
911 3231 959 3286 per
981 3215 1071 3270 omnia
1099 3221 1126 3271 ιι

318 3305 347 3362 ia
365 3304 494 3361 omnibus
506 3305 768 3375 obtemperaturum.
790 3303 843 3358 Sed
872 3319 932 3361 curn
958 3305 1072 3376 posthac
1097 3305 1124 3358 iu

1185 2594 1276 2650 clasiae
1287 2597 1387 2664 dicam,
1404 2599 1448 2668 qui
1464 2607 1519 2655 tarn
1535 2609 1614 2658 vasta
1629 2603 1745 2672 miseria,
1761 2605 1915 2681 miseraque
1932 2627 1984 2666 aa·

1183 2683 1299 2740 statione
1315 2692 1377 2740 sunt
1391 2689 1485 2755 attriti,
1501 2693 1533 2743 ut
1547 2689 1713 2758 dubitarem,
1729 2693 1750 2748 si
1765 2698 1983 2767 sequentiamela

1182 2783 1348 2841 nonesseut,
1363 2791 1398 2829 an
1413 2775 1489 2831 selva
1504 2778 1562 2834 vito
1582 2779 1692 2836 illorum
1721 2792 1832 2852 possent
1857 2785 1983 2843 miserius

1182 2862 1273 2917 atteri.
1290 2863 1349 2919 Nec
1363 2863 1414 2920 iste
1428 2881 1489 2936 qua
1502 2865 1616 2922 dicimus
1629 2869 1657 2923 in
1681 2869 1743 2925 sola
1769 2873 1892 2930 Ecclesia
1906 2875 1982 2932 Can-

1154 3011 1156 3015 ,
1183 2951 1313 3006 tuariensi
1327 2950 1397 3008 iacta
1412 2962 1484 3009 sunt.
1500 2955 1621 3011 Deserit
1638 2957 1795 3016 immanitas
1822 2960 1875 3018 ista
1901 2965 1983 3021 etiarn

1181 3037 1208 3093 in
1225 3039 1329 3095 cunctis
1344 3057 1394 3110 per
1407 3041 1533 3114 angliam
1545 3045 1698 3101 constitutis
1708 3046 1818 3104 filiabus
1838 3051 1907 3122 ejus,
1922 3069 1984 3124 quaa

1181 3127 1249 3182 viris
1263 3129 1330 3197 suia,
1346 3130 1484 3203 episeopis
1499 3132 1604 3189 scilicet
1615 3151 1662 3190 seu
1678 3135 1825 3194 abbatibus
1842 3139 1983 3198 deceden-

1182 3215 1262 3285 tibus,
1299 3219 1327 3272 in
1356 3219 1514 3276 viduitatem
1538 3237 1571 3276 ea
1595 3229 1754 3295 tempestate
1791 3228 1936 3288 cadebant.
1949 3233 1984 3289 Et
2086 3249 2090 3265 ¹

1181 3306 1291 3379 quidem
1306 3307 1366 3379 ipse
1380 3307 1489 3379 primus
1503 3310 1575 3367 benc
1593 3310 1744 3371 luctuosam
1773 3320 1981 3390 oppressionem

316 3410 408 3467 regno
423 3394 518 3451 luisset
541 3392 727 3459 confirmatus,
751 3393 902 3465 postposita
926 3394 1121 3465 pollicitatione
1181 3395 1312 3451 Ecclesiis
1329 3396 1378 3451 liei
1393 3397 1503 3465 indixit,
1533 3399 1690 3459 nallatenus
1718 3420 1780 3461 eum
1808 3422 1843 3463 ex
1865 3417 1982 3480 patema

314 3482 706 3554 sua,inccntrariadilspsus
727 3490 781 3537 est.
815 3482 904 3551 Super
934 3498 987 3552 quo
1015 3498 1075 3538 curn
1105 3496 1121 3537 a
1179 3484 1327 3540 traditione
1343 3486 1493 3557 excipiens.
1509 3488 1661 3545 Destitutas
1674 3506 1744 3565 ergo
1757 3494 1894 3553 Ecclesiae
1907 3499 1981 3557 solas

314 3572 470 3629 Laniranco
496 3572 620 3627 modeste
646 3571 866 3643 redargueretur,
896 3577 923 3626 et
948 3574 973 3627 ei
1001 3570 1115 3641 sponsio
1178 3572 1400 3629 indominiosuo
1415 3575 1535 3632 tenebat.
1552 3576 1620 3632 Nam
1636 3579 1867 3639 aliamneminenr
1881 3595 1981 3656 praeter

314 3661 380 3717 iidei
398 3676 452 3718 non
481 3668 596 3717 servatae
611 3667 807 3732 opponeretur,
824 3656 915 3715 lurore
943 3675 1111 3719 succensus:
1177 3660 1380 3717 sesubstitaere
1394 3664 1513 3729 volebat,
1530 3666 1649 3734 quandin
1678 3682 1730 3737 per
1752 3684 1818 3726 suos
1841 3673 1978 3731 ministros

317 3774 329 3799 a
350 3750 429 3820 Quis,
446 3749 495 3818 ait,
512 3755 559 3819 est,
577 3749 622 3821 qui
643 3756 741 3805 cuneta
761 3764 822 3820 quae
848 3748 978 3819 promittit
1000 3748 1117 3819 implere
1178 3748 1279 3820 aliquid
1295 3748 1370 3820 quod
1386 3750 1507 3821 cujusvis
1521 3754 1601 3824 pretii
1616 3754 1740 3823 duceret,
1770 3756 1807 3813 eb
1821 3760 1862 3815 eis
1886 3771 1979 3820 extra-

319 3840 408 3912 possit
423 3840 437 3895 i
455 3860 465 3887 ι
484 3838 525 3893 Er
541 3838 592 3893 boc
608 3838 692 3911 igitur
706 3853 760 3892 nou
771 3836 947 3892 rectisorulis
962 3850 1120 3909 superpon·
1178 3839 1242 3893 here
1256 3844 1376 3908 poteret.
1397 3839 1490 3911 itaque
1504 3840 1617 3910 planum
1638 3850 1695 3898 erat
1708 3844 1809 3917 abique
1836 3850 1977 3907 miseriam

315 3926 421 3985 tifieem
435 3926 577 3983 intendere
592 3925 709 3990 valebat,
732 3924 825 3981 licata
840 3924 979 3979 nonnullis
993 3925 1029 3980 ad
1057 3940 1116 3995 ques
1177 3925 1284 3984 videre.
1302 3927 1416 3984 Duravit
1431 3934 1521 3983 autem
1537 3928 1652 4002 fereper
1665 3932 1882 4004 quiuqoeennos
1895 3940 1977 4009 (atde

315 4016 589 4073 illumvoluutessun
605 4013 737 4082 trahebat,
754 4014 838 4085 ipsius
861 4020 998 4085 respectu,
1027 4028 1116 4070 eosu·
1176 4014 1238 4070 aliis
1254 4016 1369 4082 taceam)
1383 4032 1466 4087 super
1492 4016 1642 4074 Ecclesiam
1670 4020 1894 4083 cantuariensem
1917 4031 1977 4087 bac

315 4108 445 4179 perscire,
461 4104 668 4175 temperaverit.
684 4104 747 4157 Erat
761 4101 832 4158 enirn
846 4102 1011 4159 Laniraneus
1031 4103 1116 4173 idern,
1175 4103 1239 4175 ipss
1254 4104 1364 4160 miseria
1378 4120 1486 4176 semper
1500 4105 1527 4161 iu
1541 4107 1619 4178 peius
1633 4109 1789 4181 proficiens,
1804 4114 1910 4188 sibique
1924 4118 1975 4190 ipsi

318 4195 362 4251 vir
377 4193 477 4251 divinae
491 4190 571 4248 simul
587 4200 613 4247 et
623 4194 748 4247 irumanae
763 4190 1030 4263 legisperitiseimus,
1041 4198 1121 4261 atque
1175 4193 1306 4249 miserior
1319 4192 1493 4266 deteriorque
1506 4210 1684 4254 succrescens
1692 4201 1745 4270 (ιι).

315 4282 457 4338 adnutum
473 4280 555 4350 illius,
571 4280 652 4337 totius
668 4278 747 4353 regni
761 4280 899 4350 spectabat
921 4278 1046 4334 intuitus.
1064 4278 1117 4349 Qui
1211 4280 1313 4350 Quarto
1324 4281 1395 4337 inter
1408 4282 1467 4339 bac
1481 4296 1554 4340 anno
1568 4286 1606 4356 (a)
1621 4286 1701 4360 Bago
1711 4293 1974 4366 ccmeeCestrensis,

313 4388 377 4428 curn
392 4371 427 4427 de
442 4371 494 4427 hec
509 4370 562 4426 vita
576 4370 719 4425 translatus
738 4368 894 4439 inissetis),
912 4384 993 4440 quam
1022 4368 1115 4440 gravis
1173 4369 1269 4426 volens
1279 4370 1306 4424 in
1320 4386 1372 4425 saa
1387 4370 1506 4441 quadam
1530 4374 1646 4430 ecclesia
1666 4381 1859 4436 monachorum
1887 4384 1973 4440 abba·

313 4460 456 4518 calamitas
471 4472 508 4515 er
523 4458 598 4515 obitu
611 4457 686 4513 illius
702 4455 840 4515 Ecclesiae
855 4455 965 4528 Angiise
981 4456 1111 4512 devasta-
1174 4458 1239 4513 bam
1255 4457 1402 4524 instruere,
1419 4458 1510 4513 missis
1524 4461 1644 4518 Eeccum
1659 4466 1769 4532 nunide,
1798 4471 1908 4541 rogavit
1918 4472 1971 4528 ab·

320 4550 404 4619 verit,
419 4546 750 4619 multapraetermittendo
765 4546 860 4616 paucis
883 4544 1028 4601 ostendero
1057 4546 1119 4617 ple·
1172 4546 1263 4600 batem
1278 4544 1435 4599 anselmum
1451 4546 1692 4619 Angliamvenire,
1712 4554 1804 4609 locum
1826 4556 1968 4631 inspicere,

320 4638 389 4693 cuit.
414 4636 565 4693 Coniestim
582 4636 714 4691 enimrex
731 4633 804 4691 loros
833 4634 968 4707 expressit
990 4634 1062 4705 quod
1090 4634 1116 4687 iu
1170 4649 1287 4706 eamque
1301 4648 1351 4705 per
1364 4635 1514 4690 monachos
1524 4652 1590 4693 suos
1615 4638 1735 4711 regulari
1761 4647 1969 4705 conversatione

318 4731 507 4797 suopectore,
522 4724 571 4781 ille
599 4724 719 4791 virente,
748 4722 887 4779 confotum
916 4722 1018 4777 habuit.
1047 4722 1115 4777 Nam
1171 4722 1330 4779 informare.
1348 4724 1531 4795 ilenuitipse,
1548 4727 1810 4790 uecrenirevoiuit.
1825 4734 1969 4794 tamenim

314 4830 391 4884 rnox,
407 4822 436 4869 ιιι
446 4814 500 4870 alia
514 4829 575 4887 quae
588 4827 732 4886 perperam
755 4811 840 4885 gessit
864 4810 999 4878 omittam,
1028 4810 1114 4882 ipsam
1130 4783 1156 4847 D
1174 4812 1293 4884 quodam
1308 4810 1385 4883 quasi
1398 4812 1538 4884 praesagio
1548 4821 1653 4870 mentm
1666 4818 1844 4887 quorumdam
1868 4832 1968 4899 tango—

311 4904 369 4975 (ιι)
384 4901 466 4959 totius
481 4900 600 4974 Angliae,
617 4902 715 4957 Scotiae
730 4908 757 4957 et
770 4900 910 4955 Hiberniae
931 4915 1016 4955 necne
1032 4898 1111 4971 adja·
1170 4900 1281 4969 bantur,
1296 4903 1324 4955 et
1338 4899 1538 4957 iicetcianeulo
1552 4902 1673 4959 nonnulli
1687 4906 1722 4960 ad
1736 4906 1853 4966 invicem
1868 4912 1967 4986 loque-

311 4990 593 5048 eentiuminsularum
607 4996 732 5056 matrem,
749 4988 903 5045 Ecclesiam
918 4987 1023 5045 scilicet
1038 4989 1107 5045 Can·
1168 4988 1386 5055 bantureum,si
1401 4988 1527 5057 angliam
1557 4990 1617 5059 iret,
1637 4992 1875 5070 archiepiscopum
1898 5004 1967 5061 Can·

317 5080 492 5147 tuarieusem,
522 5078 639 5149 invasit3
655 5084 752 5135 cuncta
780 5094 840 5149 qaae
860 5076 929 5147 juris
952 5075 1023 5132 illius
1037 5082 1116 5134 erant
1170 5079 1335 5133 tuariensem
1351 5076 1421 5133 iore.
1441 5074 1522 5145 Quod
1543 5079 1668 5149 queraris
1695 5084 1807 5142 omnino
1831 5095 1967 5148 remotum

286 5168 385 5225 ‚imus
400 5174 584 5240 etextraper
599 5167 711 5225 clientes
726 5180 789 5223 suos
809 5164 926 5223 describi
954 5166 1108 5238 pracepit;
1170 5172 1243 5221 esset
1257 5181 1272 5220 a
1286 5164 1426 5221 voluntate
1451 5164 1521 5234 ejus,
1537 5174 1566 5222 et
1583 5166 1697 5225 tinnites
1718 5176 1908 5246 propositisui
1935 5198 1965 5241 se

964 5318 1179 5377 HENSCHENH
1198 5316 1312 5377 NOTAE.

346 5428 385 5519 (ιι)
401 5446 520 5505 loannes
535 5446 665 5504 Bronton
679 5446 706 5503 in
725 5444 861 5503 Chronico
884 5443 951 5502 satis
975 5444 1110 5516 pathetica
1166 5443 1318 5568 Philipqum
1329 5441 1451 5499 Francia
1464 5454 1559 5569 reqem
1574 5454 1678 5518 ageret.

1202 5516 1238 5585 lc)
1280 5523 1374 5569 ortuus
1389 5514 1498 5570 esthan
1512 5530 1611 5572 rancus
1624 5531 1697 5575 anno
1720 5522 1800 5591 1089,
1821 5522 1960 5587 Guillelmi

313 5536 371 5576 rem
399 5519 527 5577 describit
550 5518 680 5590 additque
701 5541 712 5567 ι
733 5518 805 5589 quod
833 5517 878 5571 illa
904 5516 1015 5587 querela
1042 5516 1110 5572 adeo

1165 5586 1189 5641 li
1204 5600 1275 5640 anuo
1290 5601 1319 5651 u,
1331 5585 1433 5657 quinto,
1450 5586 1512 5641 aliis
1524 5602 1598 5645 nono
1612 5590 1748 5649 Kalendas
1762 5594 1837 5651 licii.

308 5604 404 5647 ornnes
419 5590 513 5661 movit,
529 5598 559 5645 ut
580 5590 655 5662 prius
680 5590 742 5644 viro
764 5588 941 5661 conquerenti
971 5602 1020 5658 pro
1045 5592 1111 5644 voto

307 5662 503 5719 satisfacerent
518 5669 547 5716 ut
575 5676 608 5718 ac
632 5660 732 5716 deinde
746 5660 892 5729 exsequias
908 5666 1018 5713 mortuo
1028 5658 1110 5713 adim·

308 5732 755 5877 ΡΙῗιτῗῃιιιιιιῐιιιοιιιιοιιιιιιιιειιιιι
770 5800 796 5857 id
812 5802 911 5857 iactant
927 5798 1109 5856 scribunteae·

308 5875 357 5932 tari
369 5890 377 5947 ;
389 5891 423 5958 eq
438 5875 512 5959 quod
524 5874 664 5931 liebertus
678 5873 887 5957 primogenitus,
916 5872 952 5927 cb
974 5884 1029 5953 non
1048 5871 1110 5927 reli·

307 5953 380 6004 caru
395 5944 543 6003 srbrlibera
557 5946 754 6003 Normenmam
781 5943 921 6001 rebellans
942 5950 1023 6017 pain,
1039 5941 1110 6017 apud

346 6042 488 6113 Panaca.
506 6041 615 6109 CLIX.

1200 5656 1240 5725 (dt
1253 5656 1331 5711 dano
1345 5656 1445 5711 Christi
1459 5659 1538 5717 1082.

1202 5728 1238 5797 (e)
1247 5728 1326 5797 liupo
1341 5742 1435 5783 comes
1449 5728 1614 5787 Crestronsis
1635 5747 1721 5802 nepos
1742 5732 1884 5795 Willielml
1899 5742 1911 5797 ι
1926 5758 1961 5798 ex

1165 5812 1270 5867 sorore,
1286 5798 1352 5853 vixit
1365 5814 1450 5869 usque
1464 5800 1500 5854 ad
1515 5814 1616 5856 annam
1628 5804 1708 5869 ricc,
1719 5812 1786 5864 teste
1796 5806 1961 5882 Knsgbtono

1164 5868 1215 5926 lib.
1231 5883 1262 5939 u,
1274 5884 1339 5942 cap.
1353 5872 1379 5938 ι,
1394 5870 1435 5927 De
1444 5872 1585 5929 eventibus
1599 5874 1718 5947 anglia.

1854 6052 1893 6120 ¹2
