4750 6725
313 639 365 697 937

313 848 392 906 Unde
413 850 485 920 quod
504 852 633 909 hactenus
659 852 753 911 facere
777 854 944 925 distulimus,
964 874 1038 916 nuuc
1056 868 1113 917 toto

314 937 416 995 affectu
426 946 453 994 et
465 938 600 996 desiderio
614 942 697 997 animi
713 949 798 998 tolum
818 945 963 1001 consilium
989 956 1113 1003 nostrum

313 1034 369 1082 tute
382 1024 447 1083 fidei
466 1028 670 1099 committimus,
685 1039 711 1086 et
724 1030 859 1102 quidquid
879 1033 915 1089 de
930 1042 1024 1091 nostra
1051 1052 1113 1091 oum

316 1115 469 1186 apostolico
482 1116 711 1183 reconciliatione,
728 1119 860 1191 quidquid
879 1121 914 1178 de
927 1136 996 1193 pace
1008 1131 1036 1179 et
1049 1125 1113 1180 uui·

313 1210 366 1259 tata
380 1213 482 1259 sancite
496 1206 626 1262 lfomana
636 1207 776 1275 Ecclesia,
788 1210 868 1266 saluo
886 1211 990 1268 bonnm
1010 1220 1111 1282 nostro,

314 1292 467 1348 faciendum
481 1308 542 1351 esse
555 1294 719 1366 decreveris,
735 1305 821 1353 totum
842 1314 893 1355 nos
912 1300 1034 1357 facturos
1054 1302 1113 1359 sine

314 1380 397 1438 dubio
407 1384 466 1438 fleo
478 1381 582 1453 ubique
594 1385 791 1454 promittimus.
807 1386 915 1443 Festina
928 1404 1007 1461 argo,
1033 1390 1114 1446 Pater

315 1470 486 1541 charissime,
502 1472 745 1542 nobisoousulere,
760 1484 851 1531 necte
869 1478 1014 1547 poeniteat,
1035 1494 1113 1549 quta·

318 1575 426 1626 sumus,
441 1560 492 1616 etsi
506 1575 562 1617 nou
576 1576 626 1633 pro
641 1561 689 1616 dlii
701 1562 873 1631 liberatione,
897 1566 962 1636 quia
985 1567 1114 1637 peccari-

318 1648 421 1705 musio
440 1648 538 1705 mum
552 1658 683 1706 eteorum
705 1659 741 1720 te,
764 1653 860 1709 saltem
882 1669 932 1725 pro
953 1655 1116 1711 mercenarii

321 1738 359 1792 tui
376 1736 464 1793 salute
486 1736 621 1793 laborare.
646 1740 784 1797 Praeterm
804 1742 994 1812 conquerimus
1020 1743 1115 1815 pietati

318 1828 372 1881 luas
389 1824 463 1895 qaod
476 1824 548 1880 filius
565 1834 659 1881 noster
677 1826 774 1883 litteris
792 1829 852 1883 suis
877 1829 991 1885 mandat
1013 1832 1116 1903 ubique

317 1912 422 1986 regalia
439 1914 533 1970 omnia
551 1923 649 1986 sponte
666 1931 718 1972 nos
742 1916 906 1986 reddidisse,
921 1920 996 1990 quod
1010 1921 1118 1977 nouerit

316 2002 446 2059 amolitus
459 2010 505 2058 tua
518 2003 630 2061 omnino
644 2020 739 2062 renum
752 2020 808 2062 non
822 2021 895 2063 esse.

696 2146 733 2201 X.

642 2284 780 2325 monnau.

316 2366 403 2437 nogat
418 2366 607 2438 deponerent
620 2367 874 2425 orbilcrcssenclil
885 2369 971 2426 illum
989 2369 1069 2427 inter
1087 2373 1116 2428 cl

658 2481 773 2539 popum.

557 2560 666 2635 {Spicil
679 2571 697 2618 t.
715 2562 749 2633 ll,
764 2580 792 2635 p.
805 2563 879 2637 bibl

352 2658 509 2725 limnaeus,
524 2658 574 2714 Dei
585 2658 674 2733 gralia
682 2658 866 2716 Romanorum
881 2661 1032 2731 imperator
1056 2662 1115 2717 llu-

316 2755 423 2820 gustus,
438 2747 561 2816 Hucont,
576 2747 727 2803 venerabili
743 2747 912 2804 cluniacensi
927 2748 1116 2821 abbati,quid-

319 2836 385 2906 quid
401 2835 464 2892 lieet
475 2844 614 2906 peccator,
629 2843 722 2891 tamen
733 2836 862 2907 spiritalis
883 2834 963 2906 filius,
992 2837 1116 2893 devotius

317 2932 345 2980 et
359 2924 487 2979 humilius
502 2940 553 2980 suo
569 2924 821 2982 desiderantissimo
836 2931 862 2981 et
877 2925 975 2982 dilecto
989 2925 1072 2982 Patri.

354 3010 409 3067 Etsi
424 3028 474 3085 per
489 3013 638 3069 familiares
656 3012 807 3070 monachos
832 3022 859 3070 et
886 3014 985 3069 iratres
1013 3022 1117 3071 vestms

314 3100 510 3171 tribulationis,
526 3108 554 3157 el
568 3117 584 3158 a
599 3102 699 3158 saeculo
714 3102 843 3157 inaudilae
863 3101 1003 3158 horribilis
1030 3100 1115 3158 tradi·

316 3189 398 3245 tionis
412 3200 513 3247 nostrae
527 3206 636 3247 omnem
652 3191 776 3247 ordinem
789 3190 870 3247 vobis
879 3191 1113 3263 propriislitteris‚

318 3278 387 3334 sicul
401 3278 523 3351 contigit,
539 3278 692 3353 significare
709 3286 736 3335 et
762 3280 891 3336 mandare
922 3279 1114 3352 disposuimus,

909 642 1087 702 brtsrotta
1114 646 1362 710 btvttttsotttltt.

312 760 793 832 uobisconnliietauxilii,saluliset
810 766 979 825 liberationis
992 779 1105 829 nonrae.
1124 771 1153 833 Α

1542 784 1592 842 xt.

1327 917 1467 961 turnonst
1493 922 1573 964 REGIS
1598 924 1799 969 ntsrtrttttttttt.

1168 992 1274 1051 Gratiis
1285 995 1320 1052 de
1336 998 1449 1056 llolrerlo
1459 1001 1495 1058 cd
1509 1005 1628 1060 remisso
1643 1009 1725 1077 ortis,
1743 1014 1775 1065 ol
1788 1013 1964 1084 cjornnimoe

1203 1074 1387 1139 curnmgernl
1397 1072 1490 1141 abbas,
1501 1080 1529 1129 ct
1538 1090 1653 1133 centum
1662 1096 1802 1149 annuum,
1810 1084 1874 1153 jam
1885 1086 1939 1157 ipsi
1946 1104 1964 1144 a

1204 1138 1290 1194 Patre
1297 1154 1470 1209 concessam,
1481 1147 1607 1217 recipere
1617 1149 1685 1205 velit
1695 1166 1748 1206 rec
1758 1156 1934 1225 expostulat.

1394 1236 1500 1310 [spicil.
1516 1248 1538 1295 l.
1560 1244 1604 1313 vt,
1619 1261 1648 1316 p.
1665 1246 1737 1319 tib}

1204 1330 1316 1387 Hueonr
1331 1336 1479 1390 venerabili
1494 1344 1521 1392 et
1535 1340 1763 1401 excellentissimo
1779 1346 1871 1403 abbati
1897 1350 1964 1407 Clu-

1167 1417 1345 1491 nincensium,
1364 1423 1490 1479 virtutum
1505 1424 1617 1483 floribus
1642 1430 1725 1496 claro,
1754 1434 1848 1492 fomite
1872 1437 1965 1497 divino

1167 1506 1286 1574 suffulto,
1303 1512 1384 1581 alque
1399 1519 1502 1569 cunetae
1516 1515 1668 1573 dulcedinis
1695 1520 1825 1579 mellifluo
1848 1526 1962 1598 seniori,

1169 1612 1249 1667 quem
1259 1610 1314 1653 suae
1328 1598 1468 1671 diguitatis
1481 1600 1607 1660 clarificat
1617 1608 1728 1677 gradus,
1738 1625 1788 1667 nec
1797 1628 1851 1668 uon
1861 1625 1965 1673 cunotae

1169 1682 1345 1741 nobilissime
1360 1690 1566 1761 congregationi
1582 1697 1769 1765 apostolorum
1778 1700 1848 1755 Petri
1864 1710 1889 1757 et
1901 1705 1967 1760 Pau·

1168 1772 1199 1836 li,
1215 1776 1420 1832 dinannensns
1435 1780 1522 1850 gratia
1536 1780 1585 1836 Dei
1600 1782 1789 1854 Hispaniarum
1817 1804 1876 1857 rex,
1905 1808 1967 1848 curn

1170 1860 1244 1917 omni
1263 1862 1406 1920 devotione
1420 1868 1520 1922 mentis
1547 1876 1572 1925 el
1595 1873 1728 1943 corporis,
1757 1890 1836 1931 suurn
1864 1880 1966 1939 stillare

1171 1950 1282 2019 fascem,
1298 1968 1423 2025 veraque
1437 1956 1744 2032 charitatiscustodiam,
1759 1963 1875 2037 viteque
1885 1975 1966 2024 aeter-

1172 2054 1214 2095 nae
1228 2040 1337 2111 gaudia,
1353 2050 1434 2114 atque
1449 2054 1605 2115 perpetuam
1620 2050 1825 2121 prosperitatem
1841 2062 1868 2110 et
1889 2056 1966 2113 ralu-

1129 2122 1158 2184 B
1171 2136 1236 2191 tem,
1251 2142 1369 2186 necnon
1385 2130 1518 2203 quidquid
1531 2134 1684 2207 sublimius,
1701 2156 1736 2195 ex
1750 2140 1846 2199 intimo
1871 2146 1965 2216 corde,

1169 2210 1339 2281 amplexibili
1354 2213 1511 2277 dilectione,
1526 2218 1554 2272 in
1570 2220 1687 2277 Domino
1700 2224 1765 2279 iesu
1785 2225 1900 2283 Cbristo.

1206 2298 1310 2368 Quanta
1327 2308 1361 2363 le,
1375 2303 1574 2375 gloriosissime
1589 2307 1676 2379 Pater,
1689 2310 1831 2369 devotione
1842 2314 1965 2387 diligam,

1169 2388 1276 2454 melius,
1291 2397 1320 2443 ut
1335 2390 1443 2461 deputo,
1455 2392 1515 2463 ipse
1528 2396 1681 2467 cognoscis,
1697 2415 1778 2471 quam
1791 2400 1888 2473 aliquis
1915 2404 1968 2461 do-

1169 2483 1230 2531 ctor
1242 2476 1271 2531 in
1286 2478 1380 2533 charla
1394 2481 1513 2537 scribere
1531 2485 1627 2555 possit.
1647 2486 1807 2555 ilobertum,
1824 2506 1904 2561 quem
1920 2508 1968 2548 su·

1169 2580 1219 2635 per
1232 2579 1327 2621 omnes
1345 2570 1492 2625 monachos
1505 2578 1584 2628 teneo
1607 2576 1826 2633 excellentiorem
1848 2588 1874 2635 el
1900 2583 1969 2639 cba-

1168 2652 1279 2721 n'orem,
1295 2663 1466 2729 vestmmque
1480 2674 1514 2713 er
1538 2660 1634 2717 intimo
1665 2664 1748 2721 corde
1775 2664 1967 2726 fidelissimum

1170 2742 1345 2813 confratrem,
1364 2744 1492 2803 scientem
1507 2748 1625 2819 qualiter
1640 2759 1699 2807 tuus
1712 2768 1791 2811 amor
1808 2756 1897 2813 fuctus
1925 2767 1968 2815 est

1170 2830 1237 2887 mibi
1251 2830 1324 2887 velut
1338 2832 1409 2905 ignis
1426 2838 1482 2891 lota
1495 2836 1539 2893 die
1557 2845 1585 2893 et
1608 2847 1689 2896 noete
1708 2842 1808 2899 ardens
1831 2844 1858 2901 in
1886 2848 1970 2905 cordo

1169 2934 1242 2987 meo,
1257 2920 1328 2977 unde
1342 2922 1465 2978 siomnia
1485 2925 1553 2980 mibi
1575 2926 1702 2985 dedisses
1732 2948 1793 3003 quae
1814 2933 1841 2989 in
1866 2938 1969 2994 mundo

1169 3006 1272 3064 habere
1290 3017 1376 3081 potes,
1396 3020 1463 3082 puto
1483 3012 1548 3069 nibil
1575 3030 1634 3072 esse
1665 3019 1701 3073 ad
1737 3023 1969 3092 comparationem

1169 3096 1242 3152 illius
1255 3098 1330 3165 boni,
1346 3098 1419 3170 quod
1447 3114 1531 3158 causa
1557 3104 1609 3159 mei
1637 3106 1795 3177 particulam
1808 3111 1845 3166 lui
1867 3116 1969 3186 gregis,

1170 3200 1252 3255 quern
1267 3186 1402 3258 spirituali
1422 3190 1513 3245 fovisti
1538 3208 1630 3261 manu,
1665 3195 1693 3249 in
1722 3198 1819 3253 nostris
1846 3202 1972 3271 partibus

1170 3274 1281 3330 misisti.
1299 3274 1476 3351 Quapropter
1493 3280 1580 3353 gratia
1608 3281 1716 3339 Domini
1743 3292 1768 3341 te
1787 3286 1969 3359 illuminante,

318 3374 409 3423 tamen
424 3369 566 3424 noluimus
581 3370 785 3441 pretermittere
799 3369 864 3443 quin
877 3385 927 3441 per
944 3371 995 3427 bos
1008 3369 1117 3426 nuntios
1170 3379 1329 3438 eg080tvu⁸
1344 3381 1483 3424 8οΓνοΓοῦὶ
1498 3369 1559 3437 Dei,
1570 3371 1893 3446 0m¹¹i¹1⁰iuae⁵ubjecltts
1906 3379 1969 3451 pie·

316 3464 416 3513 uestrae
430 3457 599 3530 paternitatis
614 3458 793 3528 sanctitatem,
809 3466 838 3513 ut
858 3457 1021 3530 publicanus
1046 3475 1114 3530 pec·
1130 3470 1155 3534 c
1171 3453 1228 3517 lali.
1239 3455 1458 3527 mugisacmagis
1466 3465 1537 3512 tuom
1545 3457 1679 3528 deprecor
1687 3464 1889 3534 paternitatem,
1902 3467 1968 3523 utin

314 3551 437 3600 catorum
464 3561 576 3602 suornm
603 3547 750 3621 refugium,
779 3555 805 3602 et
828 3547 994 3618 naufragaris
1020 3547 1115 3602 salutis
1169 3541 1241 3598 bono
1256 3542 1327 3612 quod
1337 3543 1444 3613 coepisti
1459 3561 1625 3615 perseveres,
1637 3555 1774 3617 quatenus
1793 3551 1898 3624 aliquos
1913 3562 1966 3611 tuae

312 3639 431 3702 porrum,
443 3633 698 3690 desiderantissima
713 3635 858 3691 devotione
887 3636 1109 3705 deposceremus,
1168 3628 1348 3686 sanctissimae
1360 3630 1501 3702 religionis
1516 3633 1683 3690 domesticos
1703 3637 1809 3694 mittere
1834 3639 1966 3712 digneris,

312 3721 451 3792 Rogamus
465 3721 556 3794 igilur,
571 3723 728 3779 venerande
742 3723 832 3791 Pater,
849 3731 948 3778 vestrae
963 3723 1113 3778 sanctitatis
1166 3722 1192 3770 ei
1208 3725 1236 3772 ul
1258 3717 1332 3772 illum
1354 3726 1472 3775 noslmm
1498 3727 1523 3777 cl
1551 3729 1672 3778 restrum
1697 3723 1796 3796 locum,
1819 3743 1900 3798 quem
1921 3736 1968 3787 tuo

311 3809 518 3866 memorabilem
533 3811 708 3882 probitatem,
724 3819 866 3883 quatenus,
882 3810 974 3866 audita
989 3810 1112 3866 etintel-
1165 3803 1336 3862 sanetissimo
1365 3807 1440 3866 fonte
1467 3807 1605 3882 incoepisti
1635 3810 1737 3884 rigare,
1767 3817 1891 3888 repleant
1919 3825 1965 3876 tua

311 3897 384 3954 lecta
397 3907 498 3955 nostrae
513 3908 690 3956 monstmosae
701 3899 851 3956 traditionis
859 3898 1010 3956 detestabili
1027 3899 1111 3955 mise-
1166 3893 1322 3964 dulcedine,
1334 3894 1397 3952 dum
1413 3897 1441 3952 in
1454 3899 1508 3954 boc
1522 3898 1612 3973 fragili
1628 3915 1748 3957 moveor.

315 3988 367 4051 ria,
381 3987 420 4043 ita
434 3988 552 4045 ebaritas
566 3989 617 4046 liei
629 4005 689 4060 quae
704 3988 732 4043 in
746 3987 826 4044 vobis
839 3988 1051 4044 estaccendalur
1060 4003 1111 4060 pro
1201 3983 1243 4037 Ad
1251 3984 1302 4039 110⁰
1313 3983 1566 4051 stil⁰.ffl00li⁵⁵iffl0
1578 3987 1668 4058 Ρθῖθῖ,
1677 3991 1965 4066 οθηευῐῐῑ(14ῑ5)’ῐῐυθῐ11

310 4075 372 4132 solo
385 4077 487 4134 Daoad
497 4078 684 4134 defensionem
693 4077 869 4134 exsecrabilis
883 4077 991 4148 injuriae
1001 4084 1110 4148 noslrae,
1164 4078 1244 4142 palor
1258 4087 1333 4127 meus
1347 4071 1652 4134 illosanetissimoloco
1674 4079 1844 4137 cluniacensi
1868 4083 1965 4141 solibus

310 4165 386 4235 quod
400 4165 544 4224 manifeste
559 4175 690 4240 appareat
703 4166 873 4223 sanctitatem
887 4175 983 4224 restrae
1015 4175 1110 4239 pater·
1164 4167 1224 4215 etti
1242 4159 1391 4236 ΜΨ),
1408 4165 1622 4234 θῦΰῡθῦῑθῦθθ,
1639 4166 1666 4221 in
1682 4167 1779 4224 diebus
1806 4170 1867 4228 viiae
1894 4189 1963 4230 11¹0ae

312 4253 405 4309 uitatis
419 4254 478 4311 solo
492 4255 586 4312 divino
601 4265 727 4328 respectu
754 4255 893 4313 sollicitari
906 4270 957 4327 pro
981 4255 1111 4312 inauditis
1163 4247 1323 4320 duplicabo,
1344 4256 1371 4306 cl
1389 4251 1488 4306 seriem
1516 4255 1670 4310 testamenti
1699 4259 1839 4328 composui
1868 4275 1961 4317 coram

310 4340 533 4400 tribulationibus
546 4344 654 4400 nostris.
681 4345 738 4401 nos
766 4343 837 4400 enim
865 4359 958 4400 eoram
987 4344 1109 4401 nomano
1163 4332 1287 4401 testibus,
1302 4341 1333 4388 ut
1346 4333 1521 4408 quisquamst
1535 4338 1586 4393 ¹100
1596 4338 1717 4410 frumen
1733 4350 1794 4412 nost
1817 4357 1961 4400 excessum

311 4429 418 4499 nuntio,
433 4431 467 4487 de
482 4447 565 4488 causa
579 4448 641 4504 quae
656 4438 698 4488 est
712 4432 783 4488 inter
803 4448 853 4488 nos
867 4441 893 4488 et
907 4448 1018 4504 papam,
1038 4447 1108 4489 con·
1162 4420 1226 4477 nitoe
1238 4437 1305 4477 ¹⁰²ae
1316 4430 1476 4522 nlilitum?
1490 4425 1541 4479 ⁰?st
1555 4424 1628 4496 ‘1¹¹0d
1644 4433 1732 4494 teneo,
1749 4431 1886 4500 l¹¹⁰¹¹¹0d⁰
1910 4433 1961 4489 ¹¹⁰⁰

311 4517 374 4575 silio
393 4519 583 4592 religiosorum
597 4520 716 4577 virorum
730 4521 867 4577 voluimus
879 4519 997 4592 pleniter
1010 4536 1106 4592 agere;
1161 4524 1285 4579 cebium,
1301 4509 1726 4614 il1¹⁰d⁸⁸¹1⁰²¹iil³0⁵¹⁰¹i⁵¹²0¹f⁰
1748 4523 1774 4572 ²¹
1792 4517 1886 4589 P⁸u¹02
1905 4535 1958 4576 ΨΟ·

305 4607 486 4681 γθωωψῑα
507 4607 698 4681 disposueram
714 4625 764 4666 „05
787 4608 898 4666 omnino
919 4609 953 4665 (ιθ
976 4609 1030 4666 1130
1052 4607 1108 4665 vim
1160 4597 1204 4652 bis
1218 4605 1244 4653 et
1257 4597 1748 4674 sanctissimerestraecongregattoni
1772 4604 1870 4677 tribuo,
1887 4625 1958 4681 qua-

303 4696 430 4767 ΜΝ,
449 4696 616 4755 „ullomodo
630 4698 778 4756 ,oluerunt
792 4715 843 4755 „03
855 4699 988 4770 recipere,
1004 4698 1106 4754 perum
1161 4689 1240 4742 lenus
1254 4686 1312 4757 ipse
1327 4685 1452 4742 similiter
1465 4687 1511 4759 qui
1526 4687 1578 4744 boc
1592 4705 1705 4763 regnum
1722 4691 1846 4750 habuerit
1863 4695 1958 4753 debito

308 4791 397 4841 gamen
412 4786 634 4860 qualitercunque
655 4788 759 4845 ,ramagi
781 4788 877 4856 simu„
901 4788 1029 4859 ponimus
1053 4803 1144 4886 ⁰⁰⁵1)
1161 4772 1301 4846 persolvat
1312 4774 1358 4832 illo
1372 4776 1544 4832 sanctissimo
1553 4776 1634 4844 loco:
1650 4778 1694 4834 sin
1717 4789 1806 4837 autom
1828 4781 1956 4854 noluerit,

306 4873 336 4928 in
350 4873 466 4932 consilio
480 4883 568 4934 uestro
583 4876 670 4933 Patris
684 4877 778 4946 nostri,
791 4876 960 4951 aliommque
987 4877 1102 4951 religio·
1159 4865 1505 4964 l¹¹0¹1¹⁰d⁰l³⁰¹i⁵¹i¹iDii¹
1523 4873 1551 4966 fi
1572 4867 1700 4936 Poefiblss
1724 4868 1866 4926 b⁰³t0¹¹¹¹¹¹
1886 4889 1955 4945 ³9⁰·

307 4977 402 5018 ,0rum
417 4963 551 5035 viromm,
566 4981 634 5038 quo,
648 4966 683 5021 gd
699 4967 751 5022 hoc
763 4965 865 5023 habere
893 4967 985 5034 vulgis,
1012 4965 1049 5022 113
1076 4973 1105 5022 ug
1158 4953 1288 5010 stolorum
1302 4953 1374 5010 Petri
1390 4959 1417 5010 et
1433 4954 1506 5009 Pauli
1521 4969 1581 5024 ipso
1595 4971 1680 5028 reguo
1709 4966 1812 5058 careat.
1836 4960 1953 5031 idcirco,

305 5051 383 5108 salro
398 5049 503 5110 bonore
517 5061 610 5112 nostro
624 5061 708 5111 tolum
722 5071 804 5126 papae
818 5055 917 5112 faciam
945 5055 1018 5128 quod
1045 5053 1104 5112 dis·
1157 5042 1269 5115 θέΐθὲῑθ
1284 5044 1373 5112 Pater,
1389 5051 1506 5100 Vssilffiffl
1522 5043 1665 5144 'deificis
1692 5043 1898 5118 slilffflstfliffflr
1928 5057 1958 5108 ¹12

304 5140 466 5209 posueritis.
482 5141 638 5200 Deeaetero
652 5142 818 5200 orationibus
832 5143 927 5200 uestris
952 5159 997 5200 mc
1025 5159 1103 5200 eom-
1156 5127 1347 5200 h0000¹¹⁵1¹¹lb
1364 5131 1435 5202 quod
1464 5129 1543 5187 l0b¹³
1570 5131 1672 5202 idffldb
1702 5141 1813 5206 propter
1841 5137 1956 5194 ”ilicum

305 5228 394 5298 millo,
411 5231 564 5287 venerande
579 5231 666 5302 Pater,
688 5241 778 5304 stipe?
791 5248 841 5290 gog
859 5240 960 5289 sanclae
983 5247 1102 5306 congre.
1159 5220 1336 5288 venundetur,
1353 5226 1379 5275 Θῑ
1393 5219 1456 5276 inde
1478 5217 1640 5290 Requifflffll',
1667 5229 1697 5276 Ill
1722 5221 1769 5278 illst
1787 5225 1956 5286 Sflnssbissimfl

303 5315 408 5389 gariofli
422 5327 518 5376 vm
533 5321 691 5394 prmum,
709 5337 848 5396 rogamus,
870 5330 897 5380 02
921 5337 1014 5380 florum
1037 5337 1101 5379 om.
1154 5309 1332 5382 congregatio
1359 5307 1444 5364 rilem
1459 5323 1536 5363 suam
1564 5315 1717 5366 sustentare
1726 5311 1825 5368 valeat.
1841 5313 1876 5370 Et
1892 5317 1954 5386 qui-

302 5404 369 5462 tionl
379 5405 554 5468 depogsgmg
568 5411 765 5468 commem,
1154 5413 1260 5469 cunque
1270 5398 1320 5453 boe
1335 5411 1445 5454 censum
1461 5395 1544 5468 (quod
1558 5395 1675 5453 domnus
1695 5399 1830 5456 liebertus
1859 5411 1954 5460 noster

1154 5486 1268 5557 amicus,
1284 5494 1373 5542 vester
1385 5492 1475 5544 aulem
1490 5485 1581 5542 animo
1605 5489 1633 5542 el
1658 5501 1773 5560 corpore
1798 5488 1949 5560 familiaris,

1153 5575 1220 5630 mibi
1235 5575 1279 5632 die
1293 5589 1324 5632 ao
1338 5583 1417 5632 nocte
1430 5573 1530 5630 addam
1544 5575 1642 5648 suasit)
1659 5575 1685 5631 ln
1710 5576 1764 5633 alio
1782 5577 1842 5636 loeo
1867 5579 1952 5636 mise-

1153 5663 1200 5735 rit,
1215 5663 1278 5734 nisi,
1294 5661 1363 5719 sicut
1375 5661 1561 5736 supradictum
1587 5669 1637 5733 est,
1657 5671 1684 5720 el
1704 5671 1732 5721 ut
1762 5665 1820 5739 ipse
1838 5667 1950 5738 proprio

1152 5753 1290 5812 orerobis
1309 5751 1422 5827 dixerit,
1450 5767 1511 5810 eum
1538 5751 1609 5810 luda
1636 5753 1769 5814 traditore
1792 5754 1820 5812 in
1844 5755 1951 5814 inferno

337 5904 413 5982 (tto)
427 5901 468 5966 lle
483 5903 536 5966 boc
548 5919 631 5966 censu
643 5906 738 5983 agilum
748 5908 777 5967 in
789 5904 851 5968 rm
866 5906 896 5966 tt.
912 5907 997 5985 dag„
1013 5922 1106 5986 supra.

449 6085 572 6146 Ptrsoa.
589 6085 682 6150 m
