<?xml version="1.0" encoding="UTF-8"?>
<!DOCTYPE html PUBLIC "-//W3C//DTD XHTML 1.0 Transitional//EN"
    "http://www.w3.org/TR/xhtml1/DTD/xhtml1-transitional.dtd">
<html xmlns="http://www.w3.org/1999/xhtml" xml:lang="en" lang="en">
 <head>
  <title>
</title>
<meta http-equiv="Content-Type" content="text/html;charset=utf-8" />
  <meta name='ocr-system' content='tesseract 3.04.00' />
  <meta name='ocr-capabilities' content='ocr_page ocr_carea ocr_par ocr_line ocrx_word'/>
</head>
<body>
  <div class='ocr_page' id='page_1' title='image "./patrologiaecurs91unkngoog_0151.png"; bbox 0 0 4750 6725; ppageno 0'>
   <div class='ocr_carea' id='block_1_1' title="bbox 322 577 1970 652">
    <p class='ocr_par' dir='ltr' id='par_1_1' title="bbox 322 577 1970 652">
     <span class='ocr_line' id='line_1_1' title="bbox 322 577 1970 652; baseline 0.003 -7"><span class='ocrx_word' id='word_1_1' title='bbox 322 591 372 646; x_wconf 73' lang='grc' dir='ltr'>ιιι</span> <span class='ocrx_word' id='word_1_2' title='bbox 767 581 899 644; x_wconf 75' lang='lat' dir='ltr'>sedunt.</span> <span class='ocrx_word' id='word_1_3' title='bbox 916 617 951 628; x_wconf 85' lang='lat'>-</span> <span class='ocrx_word' id='word_1_4' title='bbox 966 577 1029 642; x_wconf 80' lang='lat' dir='ltr'>tto.</span> <span class='ocrx_word' id='word_1_5' title='bbox 1046 579 1093 642; x_wconf 82' lang='lat' dir='ltr'>DE</span> <span class='ocrx_word' id='word_1_6' title='bbox 1107 577 1382 644; x_wconf 77' lang='lat' dir='ltr'>tttttlsttlttrtorta</span> <span class='ocrx_word' id='word_1_7' title='bbox 1399 583 1539 646; x_wconf 80' lang='lat' dir='ltr'>caucts.</span> <span class='ocrx_word' id='word_1_8' title='bbox 1919 595 1970 652; x_wconf 71' lang='grc' dir='ltr'>ιιι</span> 
     </span>
    </p>
   </div>
   <div class='ocr_carea' id='block_1_2' title="bbox 320 710 1976 1056">
    <p class='ocr_par' dir='ltr' id='par_1_2' title="bbox 320 710 1976 1056">
     <span class='ocr_line' id='line_1_2' title="bbox 320 710 1961 792; baseline 0.004 -22"><span class='ocrx_word' id='word_1_9' title='bbox 320 731 472 786; x_wconf 78' lang='lat' dir='ltr'>provocare</span> <span class='ocrx_word' id='word_1_10' title='bbox 487 713 608 782; x_wconf 80' lang='lat' dir='ltr'>uolebas,</span> <span class='ocrx_word' id='word_1_11' title='bbox 624 722 653 770; x_wconf 93' lang='lat' dir='ltr'>ul</span> <span class='ocrx_word' id='word_1_12' title='bbox 668 713 731 768; x_wconf 90' lang='lat' dir='ltr'>dnm</span> <span class='ocrx_word' id='word_1_13' title='bbox 746 712 888 768; x_wconf 78' lang='lat' dir='ltr'>visibiliter</span> <span class='ocrx_word' id='word_1_14' title='bbox 903 711 989 766; x_wconf 91' lang='lat' dir='ltr'>Deum</span> <span class='ocrx_word' id='word_1_15' title='bbox 1012 727 1118 784; x_wconf 85' lang='lat' dir='ltr'>cogno·</span> <span class='ocrx_word' id='word_1_16' title='bbox 1134 711 1161 774; x_wconf 83' lang='grc' dir='ltr'><strong>Α</strong></span> <span class='ocrx_word' id='word_1_17' title='bbox 1178 719 1209 766; x_wconf 92' lang='lat' dir='ltr'>ut</span> <span class='ocrx_word' id='word_1_18' title='bbox 1223 710 1324 768; x_wconf 83' lang='lat' dir='ltr'>reficiat</span> <span class='ocrx_word' id='word_1_19' title='bbox 1340 729 1376 770; x_wconf 91' lang='lat' dir='ltr'>ne</span> <span class='ocrx_word' id='word_1_20' title='bbox 1391 713 1524 770; x_wconf 78' lang='lat' dir='ltr'>deliciunt,</span> <span class='ocrx_word' id='word_1_21' title='bbox 1533 715 1654 772; x_wconf 85' lang='lat' dir='ltr'>Tandem</span> <span class='ocrx_word' id='word_1_22' title='bbox 1664 726 1784 774; x_wconf 85' lang='lat' dir='ltr'>assumet</span> <span class='ocrx_word' id='word_1_23' title='bbox 1791 718 1825 774; x_wconf 87' lang='lat' dir='ltr'>ad</span> <span class='ocrx_word' id='word_1_24' title='bbox 1840 719 1961 792; x_wconf 77' lang='lat' dir='ltr'>requiem</span> 
     </span>
     <span class='ocr_line' id='line_1_3' title="bbox 320 780 1974 874; baseline 0.003 -15"><span class='ocrx_word' id='word_1_25' title='bbox 320 807 434 872; x_wconf 86' lang='lat' dir='ltr'>scimus,</span> <span class='ocrx_word' id='word_1_26' title='bbox 452 819 501 874; x_wconf 91' lang='lat' dir='ltr'>per</span> <span class='ocrx_word' id='word_1_27' title='bbox 514 804 585 858; x_wconf 80' lang='lat' dir='ltr'>liune</span> <span class='ocrx_word' id='word_1_28' title='bbox 599 802 626 856; x_wconf 89' lang='lat' dir='ltr'>in</span> <span class='ocrx_word' id='word_1_29' title='bbox 641 800 817 857; x_wconf 78' lang='lat' dir='ltr'>invisibilium</span> <span class='ocrx_word' id='word_1_30' title='bbox 832 816 953 856; x_wconf 87' lang='lat' dir='ltr'>amorem</span> <span class='ocrx_word' id='word_1_31' title='bbox 976 799 1120 870; x_wconf 78' lang='lat' dir='ltr'>rapiamur.</span> <span class='ocrx_word' id='word_1_32' title='bbox 1176 801 1223 856; x_wconf 89' lang='lat' dir='ltr'>ubi</span> <span class='ocrx_word' id='word_1_33' title='bbox 1239 810 1330 858; x_wconf 90' lang='lat' dir='ltr'>tamen</span> <span class='ocrx_word' id='word_1_34' title='bbox 1345 804 1470 874; x_wconf 84' lang='lat' dir='ltr'>requiem</span> <span class='ocrx_word' id='word_1_35' title='bbox 1491 821 1546 860; x_wconf 89' lang='lat' dir='ltr'>non</span> <span class='ocrx_word' id='word_1_36' title='bbox 1567 806 1729 862; x_wconf 90' lang='lat' dir='ltr'>habebimus</span> <span class='ocrx_word' id='word_1_37' title='bbox 1756 816 1835 864; x_wconf 81' lang='lat' dir='ltr'>nocie</span> <span class='ocrx_word' id='word_1_38' title='bbox 1861 824 1894 864; x_wconf 89' lang='lat' dir='ltr'>ac</span> <span class='ocrx_word' id='word_1_39' title='bbox 1920 780 1974 870; x_wconf 57' lang='lat' dir='ltr'>die:</span> 
     </span>
     <span class='ocr_line' id='line_1_4' title="bbox 322 873 1975 966; baseline 0.004 -17"><span class='ocrx_word' id='word_1_40' title='bbox 322 893 390 962; x_wconf 82' lang='lat' dir='ltr'>Quis</span> <span class='ocrx_word' id='word_1_41' title='bbox 406 909 474 965; x_wconf 88' lang='lat' dir='ltr'>ergo</span> <span class='ocrx_word' id='word_1_42' title='bbox 490 894 574 947; x_wconf 90' lang='lat' dir='ltr'>homo</span> <span class='ocrx_word' id='word_1_43' title='bbox 588 891 688 963; x_wconf 89' lang='lat' dir='ltr'>dignus</span> <span class='ocrx_word' id='word_1_44' title='bbox 703 899 761 946; x_wconf 86' lang='lat' dir='ltr'>erat</span> <span class='ocrx_word' id='word_1_45' title='bbox 784 898 811 945; x_wconf 93' lang='lat' dir='ltr'>ut</span> <span class='ocrx_word' id='word_1_46' title='bbox 832 889 916 944; x_wconf 82' lang='lat' dir='ltr'>Filius</span> <span class='ocrx_word' id='word_1_47' title='bbox 940 887 988 943; x_wconf 88' lang='lat' dir='ltr'>Dei</span> <span class='ocrx_word' id='word_1_48' title='bbox 1008 893 1123 944; x_wconf 89' lang='lat' dir='ltr'>mortem</span> <span class='ocrx_word' id='word_1_49' title='bbox 1178 890 1299 946; x_wconf 84' lang='lat' dir='ltr'>dieentes</span> <span class='ocrx_word' id='word_1_50' title='bbox 1310 909 1317 946; x_wconf 93' lang='lat'><strong>:</strong></span> <span class='ocrx_word' id='word_1_51' title='bbox 1330 893 1881 964; x_wconf 65' lang='lat' dir='ltr'>Sanctusmncluaannclua,Dorulaus</span> <span class='ocrx_word' id='word_1_52' title='bbox 1892 873 1975 966; x_wconf 75' lang='lat' dir='ltr'>Deus,</span> 
     </span>
     <span class='ocr_line' id='line_1_5' title="bbox 321 977 1976 1056; baseline 0.004 -18"><span class='ocrx_word' id='word_1_53' title='bbox 321 1000 372 1056; x_wconf 90' lang='lat' dir='ltr'>pro</span> <span class='ocrx_word' id='word_1_54' title='bbox 388 999 423 1039; x_wconf 92' lang='lat' dir='ltr'>eo</span> <span class='ocrx_word' id='word_1_55' title='bbox 438 981 596 1054; x_wconf 83' lang='lat' dir='ltr'>pateretur‘l</span> <span class='ocrx_word' id='word_1_56' title='bbox 609 983 661 1036; x_wconf 87' lang='grc' dir='ltr'>,ιιιι</span> <span class='ocrx_word' id='word_1_57' title='bbox 675 979 736 1050; x_wconf 82' lang='lat' dir='ltr'>quis</span> <span class='ocrx_word' id='word_1_58' title='bbox 750 994 869 1051; x_wconf 84' lang='lat' dir='ltr'>unquam</span> <span class='ocrx_word' id='word_1_59' title='bbox 884 977 980 1034; x_wconf 88' lang='lat' dir='ltr'>meruit</span> <span class='ocrx_word' id='word_1_60' title='bbox 1001 986 1046 1034; x_wconf 93' lang='lat' dir='ltr'>tuo</span> <span class='ocrx_word' id='word_1_61' title='bbox 1061 994 1120 1032; x_wconf 89' lang='lat' dir='ltr'>cor·</span> <span class='ocrx_word' id='word_1_62' title='bbox 1177 979 1386 1050; x_wconf 66' lang='lat' dir='ltr'>baldetildem.</span> <span class='ocrx_word' id='word_1_63' title='bbox 1400 998 1439 1046; x_wconf 83' lang='lat' dir='ltr'>rr,</span> <span class='ocrx_word' id='word_1_64' title='bbox 1454 983 1492 1052; x_wconf 83' lang='grc'>3).</span> <span class='ocrx_word' id='word_1_65' title='bbox 1504 983 1706 1056; x_wconf 83' lang='lat' dir='ltr'>lbiabsterges,</span> <span class='ocrx_word' id='word_1_66' title='bbox 1726 985 1851 1054; x_wconf 86' lang='lat' dir='ltr'>Domine,</span> <span class='ocrx_word' id='word_1_67' title='bbox 1863 1002 1976 1043; x_wconf 83' lang='lat' dir='ltr'>omnem</span> 
     </span>
    </p>
   </div>
   <div class='ocr_carea' id='block_1_3' title="bbox 321 1068 1981 4255">
    <p class='ocr_par' dir='ltr' id='par_1_3' title="bbox 321 1068 1981 4255">
     <span class='ocr_line' id='line_1_6' title="bbox 321 1068 1975 1153; baseline -0.002 -17"><span class='ocrx_word' id='word_1_68' title='bbox 321 1097 391 1153; x_wconf 88' lang='lat' dir='ltr'>pore</span> <span class='ocrx_word' id='word_1_69' title='bbox 407 1089 434 1136; x_wconf 91' lang='lat' dir='ltr'>et</span> <span class='ocrx_word' id='word_1_70' title='bbox 450 1079 584 1153; x_wconf 86' lang='lat' dir='ltr'>sangnine</span> <span class='ocrx_word' id='word_1_71' title='bbox 600 1076 683 1143; x_wconf 83' lang='lat' dir='ltr'>refici,</span> <span class='ocrx_word' id='word_1_72' title='bbox 700 1079 751 1134; x_wconf 87' lang='lat' dir='ltr'>nisi</span> <span class='ocrx_word' id='word_1_73' title='bbox 768 1076 839 1150; x_wconf 89' lang='lat' dir='ltr'>quod</span> <span class='ocrx_word' id='word_1_74' title='bbox 855 1085 892 1142; x_wconf 89' lang='lat' dir='ltr'>tu,</span> <span class='ocrx_word' id='word_1_75' title='bbox 909 1076 983 1132; x_wconf 85' lang='lat' dir='ltr'>Deus</span> <span class='ocrx_word' id='word_1_76' title='bbox 994 1091 1080 1144; x_wconf 84' lang='lat' dir='ltr'>meus,</span> <span class='ocrx_word' id='word_1_77' title='bbox 1097 1075 1124 1130; x_wconf 89' lang='lat' dir='ltr'>in</span> <span class='ocrx_word' id='word_1_78' title='bbox 1180 1068 1975 1148; x_wconf 76' lang='lat' dir='ltr'>lacrymamoborult&#39;adilectorumtuorumquout&#39;umnon</span> 
     </span>
     <span class='ocr_line' id='line_1_7' title="bbox 322 1159 1973 1236; baseline -0.005 -10"><span class='ocrx_word' id='word_1_79' title='bbox 322 1172 376 1227; x_wconf 93' lang='lat' dir='ltr'>hoc</span> <span class='ocrx_word' id='word_1_80' title='bbox 391 1168 536 1226; x_wconf 74' lang='lat' dir='ltr'>ostendisti</span> <span class='ocrx_word' id='word_1_81' title='bbox 550 1166 708 1224; x_wconf 80' lang='lat' dir='ltr'>ariditatem</span> <span class='ocrx_word' id='word_1_82' title='bbox 733 1165 832 1222; x_wconf 87' lang='lat' dir='ltr'>amoris</span> <span class='ocrx_word' id='word_1_83' title='bbox 852 1165 889 1220; x_wconf 88' lang='lat' dir='ltr'>tui</span> <span class='ocrx_word' id='word_1_84' title='bbox 913 1165 985 1222; x_wconf 85' lang='lat' dir='ltr'>circa</span> <span class='ocrx_word' id='word_1_85' title='bbox 1006 1179 1066 1234; x_wconf 85' lang='lat' dir='ltr'>nos,</span> <span class='ocrx_word' id='word_1_86' title='bbox 1095 1172 1125 1218; x_wconf 94' lang='grc' dir='ltr'>ιιι</span> <span class='ocrx_word' id='word_1_87' title='bbox 1178 1159 1973 1236; x_wconf 63' lang='lat' dir='ltr'>erllomplt&#39;usmorsullru,negueluctaalrlpoc.aaut).</span> 
     </span>
     <span class='ocr_line' id='line_1_8' title="bbox 323 1247 1975 1326; baseline -0.004 -12"><span class='ocrx_word' id='word_1_88' title='bbox 323 1261 422 1316; x_wconf 89' lang='lat' dir='ltr'>saltem</span> <span class='ocrx_word' id='word_1_89' title='bbox 438 1275 470 1315; x_wconf 88' lang='lat' dir='ltr'>ex</span> <span class='ocrx_word' id='word_1_90' title='bbox 486 1256 659 1312; x_wconf 88' lang='lat' dir='ltr'>multitudiue</span> <span class='ocrx_word' id='word_1_91' title='bbox 682 1263 708 1312; x_wconf 93' lang='lat' dir='ltr'>el</span> <span class='ocrx_word' id='word_1_92' title='bbox 726 1253 913 1326; x_wconf 80' lang='lat' dir='ltr'>magnitudine</span> <span class='ocrx_word' id='word_1_93' title='bbox 938 1261 990 1310; x_wconf 88' lang='lat' dir='ltr'>tarn</span> <span class='ocrx_word' id='word_1_94' title='bbox 1012 1252 1124 1308; x_wconf 86' lang='lat' dir='ltr'>mirabi·</span> <span class='ocrx_word' id='word_1_95' title='bbox 1179 1247 1277 1302; x_wconf 75' lang='lat' dir='ltr'>eloSc</span> <span class='ocrx_word' id='word_1_96' title='bbox 1289 1249 1316 1316; x_wconf 93' lang='lat' dir='ltr'>d,</span> <span class='ocrx_word' id='word_1_97' title='bbox 1333 1249 1456 1320; x_wconf 91' lang='lat' dir='ltr'>Domine,</span> <span class='ocrx_word' id='word_1_98' title='bbox 1474 1250 1611 1319; x_wconf 89' lang='lat' dir='ltr'>quomodo</span> <span class='ocrx_word' id='word_1_99' title='bbox 1633 1251 1703 1306; x_wconf 91' lang='lat' dir='ltr'>istud</span> <span class='ocrx_word' id='word_1_100' title='bbox 1725 1253 1814 1322; x_wconf 83' lang='lat' dir='ltr'>possit</span> <span class='ocrx_word' id='word_1_101' title='bbox 1827 1269 1901 1322; x_wconf 87' lang='lat' dir='ltr'>esse,</span> <span class='ocrx_word' id='word_1_102' title='bbox 1919 1269 1975 1308; x_wconf 90' lang='lat' dir='ltr'>non</span> 
     </span>
     <span class='ocr_line' id='line_1_9' title="bbox 323 1335 1974 1413; baseline -0.005 -9"><span class='ocrx_word' id='word_1_103' title='bbox 323 1351 389 1404; x_wconf 91' lang='lat' dir='ltr'>lium</span> <span class='ocrx_word' id='word_1_104' title='bbox 405 1345 600 1404; x_wconf 84' lang='lat' dir='ltr'>beneficiorum</span> <span class='ocrx_word' id='word_1_105' title='bbox 617 1355 722 1401; x_wconf 89' lang='lat' dir='ltr'>tuomm</span> <span class='ocrx_word' id='word_1_106' title='bbox 746 1343 782 1399; x_wconf 89' lang='lat' dir='ltr'>ad</span> <span class='ocrx_word' id='word_1_107' title='bbox 806 1351 926 1398; x_wconf 91' lang='lat' dir='ltr'>mutuam</span> <span class='ocrx_word' id='word_1_108' title='bbox 950 1341 1123 1398; x_wconf 90' lang='lat' dir='ltr'>dilectionem</span> <span class='ocrx_word' id='word_1_109' title='bbox 1178 1335 1250 1392; x_wconf 87' lang='lat' dir='ltr'>bene</span> <span class='ocrx_word' id='word_1_110' title='bbox 1264 1343 1355 1406; x_wconf 88' lang='lat' dir='ltr'>potest</span> <span class='ocrx_word' id='word_1_111' title='bbox 1370 1337 1602 1409; x_wconf 80' lang='lat' dir='ltr'>comprehendere</span> <span class='ocrx_word' id='word_1_112' title='bbox 1617 1338 1705 1394; x_wconf 89' lang='lat' dir='ltr'>anima</span> <span class='ocrx_word' id='word_1_113' title='bbox 1721 1356 1792 1409; x_wconf 89' lang='lat' dir='ltr'>mea,</span> <span class='ocrx_word' id='word_1_114' title='bbox 1808 1357 1869 1412; x_wconf 84' lang='lat' dir='ltr'>quae</span> <span class='ocrx_word' id='word_1_115' title='bbox 1882 1341 1974 1413; x_wconf 86' lang='lat' dir='ltr'>aliquo</span> 
     </span>
     <span class='ocr_line' id='line_1_10' title="bbox 321 1425 1975 1504; baseline -0.007 -9"><span class='ocrx_word' id='word_1_116' title='bbox 321 1437 486 1495; x_wconf 78' lang='lat' dir='ltr'>accenderes</span> <span class='ocrx_word' id='word_1_117' title='bbox 499 1451 546 1491; x_wconf 91' lang='lat' dir='ltr'>cor</span> <span class='ocrx_word' id='word_1_118' title='bbox 560 1443 691 1502; x_wconf 88' lang='lat' dir='ltr'>nostrum,</span> <span class='ocrx_word' id='word_1_119' title='bbox 713 1441 740 1488; x_wconf 86' lang='lat' dir='ltr'>et</span> <span class='ocrx_word' id='word_1_120' title='bbox 762 1433 791 1486; x_wconf 91' lang='lat' dir='ltr'>in</span> <span class='ocrx_word' id='word_1_121' title='bbox 814 1431 998 1504; x_wconf 78' lang='lat' dir='ltr'>captiuitatem</span> <span class='ocrx_word' id='word_1_122' title='bbox 1022 1429 1125 1486; x_wconf 85' lang='lat' dir='ltr'>amoris</span> <span class='ocrx_word' id='word_1_123' title='bbox 1178 1425 1262 1480; x_wconf 88' lang='lat' dir='ltr'>modo</span> <span class='ocrx_word' id='word_1_124' title='bbox 1276 1434 1391 1497; x_wconf 84' lang='lat' dir='ltr'>experta</span> <span class='ocrx_word' id='word_1_125' title='bbox 1406 1434 1448 1482; x_wconf 87' lang='lat' dir='ltr'>est</span> <span class='ocrx_word' id='word_1_126' title='bbox 1461 1434 1563 1498; x_wconf 87' lang='lat' dir='ltr'>quanta</span> <span class='ocrx_word' id='word_1_127' title='bbox 1576 1427 1611 1482; x_wconf 87' lang='lat' dir='ltr'>sit</span> <span class='ocrx_word' id='word_1_128' title='bbox 1625 1428 1727 1484; x_wconf 90' lang='lat' dir='ltr'>alllieto</span> <span class='ocrx_word' id='word_1_129' title='bbox 1754 1445 1866 1486; x_wconf 87' lang='lat' dir='ltr'>noscere</span> <span class='ocrx_word' id='word_1_130' title='bbox 1893 1437 1920 1486; x_wconf 91' lang='lat' dir='ltr'>te</span> <span class='ocrx_word' id='word_1_131' title='bbox 1947 1439 1975 1486; x_wconf 90' lang='lat' dir='ltr'>et</span> 
     </span>
     <span class='ocr_line' id='line_1_11' title="bbox 322 1515 1975 1599; baseline -0.005 -16"><span class='ocrx_word' id='word_1_132' title='bbox 322 1527 361 1584; x_wconf 93' lang='lat' dir='ltr'>tui</span> <span class='ocrx_word' id='word_1_133' title='bbox 377 1525 546 1599; x_wconf 66' lang='lat' dir='ltr'>redigeres?</span> <span class='ocrx_word' id='word_1_134' title='bbox 562 1520 774 1578; x_wconf 80' lang='lat' dir='ltr'>Innumerabilia</span> <span class='ocrx_word' id='word_1_135' title='bbox 795 1521 875 1576; x_wconf 87' lang='lat' dir='ltr'>nimis</span> <span class='ocrx_word' id='word_1_136' title='bbox 900 1527 965 1576; x_wconf 87' lang='lat' dir='ltr'>sunl</span> <span class='ocrx_word' id='word_1_137' title='bbox 992 1516 1125 1574; x_wconf 90' lang='lat' dir='ltr'>henelieia</span> <span class='ocrx_word' id='word_1_138' title='bbox 1178 1530 1233 1568; x_wconf 92' lang='lat' dir='ltr'>nou</span> <span class='ocrx_word' id='word_1_139' title='bbox 1248 1531 1329 1585; x_wconf 88' lang='lat' dir='ltr'>posse</span> <span class='ocrx_word' id='word_1_140' title='bbox 1348 1515 1500 1582; x_wconf 87' lang='lat' dir='ltr'>laudarete,</span> <span class='ocrx_word' id='word_1_141' title='bbox 1510 1530 1571 1570; x_wconf 91' lang='lat' dir='ltr'>cum</span> <span class='ocrx_word' id='word_1_142' title='bbox 1579 1515 1672 1586; x_wconf 88' lang='lat' dir='ltr'>etipsa</span> <span class='ocrx_word' id='word_1_143' title='bbox 1680 1517 1853 1573; x_wconf 86' lang='lat' dir='ltr'>afflictionem</span> <span class='ocrx_word' id='word_1_144' title='bbox 1864 1527 1975 1590; x_wconf 86' lang='lat' dir='ltr'>generet</span> 
     </span>
     <span class='ocr_line' id='line_1_12' title="bbox 324 1601 1974 1686; baseline -0.002 -14"><span class='ocrx_word' id='word_1_145' title='bbox 324 1625 379 1682; x_wconf 90' lang='lat' dir='ltr'>tua,</span> <span class='ocrx_word' id='word_1_146' title='bbox 402 1613 528 1678; x_wconf 85' lang='lat' dir='ltr'>Domine,</span> <span class='ocrx_word' id='word_1_147' title='bbox 545 1611 644 1686; x_wconf 82' lang='lat' dir='ltr'>quibus</span> <span class='ocrx_word' id='word_1_148' title='bbox 658 1611 822 1670; x_wconf 81' lang='lat' dir='ltr'>voluntatem</span> <span class='ocrx_word' id='word_1_149' title='bbox 837 1616 956 1666; x_wconf 85' lang='lat' dir='ltr'>nostram</span> <span class='ocrx_word' id='word_1_150' title='bbox 971 1608 1083 1674; x_wconf 84' lang='lat' dir='ltr'>excitas,</span> <span class='ocrx_word' id='word_1_151' title='bbox 1097 1615 1126 1663; x_wconf 91' lang='lat' dir='ltr'>ut</span> <span class='ocrx_word' id='word_1_152' title='bbox 1178 1609 1290 1674; x_wconf 65' lang='lat' dir='ltr'>propior</span> <span class='ocrx_word' id='word_1_153' title='bbox 1298 1601 1501 1674; x_wconf 68' lang='grc' dir='ltr'>ιιιιιὶιυᾶίῠθιη,</span> <span class='ocrx_word' id='word_1_154' title='bbox 1513 1603 1654 1673; x_wconf 70' lang='lat' dir='ltr'>quodlicet</span> <span class='ocrx_word' id='word_1_155' title='bbox 1662 1604 1686 1660; x_wconf 78' lang='lat' dir='ltr'>ei</span> <span class='ocrx_word' id='word_1_156' title='bbox 1696 1605 1850 1677; x_wconf 64' lang='lat' dir='ltr'>tfflissbtlro</span> <span class='ocrx_word' id='word_1_157' title='bbox 1859 1607 1974 1678; x_wconf 75' lang='lat' dir='ltr'>eoquod</span> 
     </span>
     <span class='ocr_line' id='line_1_13' title="bbox 323 1691 1976 1778; baseline -0.007 -18"><span class='ocrx_word' id='word_1_158' title='bbox 323 1707 449 1778; x_wconf 78' lang='lat' dir='ltr'>perfecte</span> <span class='ocrx_word' id='word_1_159' title='bbox 465 1710 490 1759; x_wconf 92' lang='lat' dir='ltr'>et</span> <span class='ocrx_word' id='word_1_160' title='bbox 504 1703 631 1758; x_wconf 86' lang='lat' dir='ltr'>ardenter</span> <span class='ocrx_word' id='word_1_161' title='bbox 646 1708 672 1756; x_wconf 92' lang='lat' dir='ltr'>te</span> <span class='ocrx_word' id='word_1_162' title='bbox 687 1698 765 1770; x_wconf 86' lang='lat' dir='ltr'>aequi</span> <span class='ocrx_word' id='word_1_163' title='bbox 776 1699 898 1764; x_wconf 82' lang='lat' dir='ltr'>uelimus,</span> <span class='ocrx_word' id='word_1_164' title='bbox 911 1698 1124 1754; x_wconf 87' lang='lat' dir='ltr'>maximeautem</span> <span class='ocrx_word' id='word_1_165' title='bbox 1180 1707 1234 1746; x_wconf 89' lang='lat' dir='ltr'>non</span> <span class='ocrx_word' id='word_1_166' title='bbox 1247 1699 1337 1760; x_wconf 87' lang='lat' dir='ltr'>potest</span> <span class='ocrx_word' id='word_1_167' title='bbox 1351 1691 1462 1746; x_wconf 90' lang='lat' dir='ltr'>laudare</span> <span class='ocrx_word' id='word_1_168' title='bbox 1477 1700 1513 1758; x_wconf 90' lang='lat' dir='ltr'>te,</span> <span class='ocrx_word' id='word_1_169' title='bbox 1534 1691 1588 1746; x_wconf 91' lang='lat' dir='ltr'>imo</span> <span class='ocrx_word' id='word_1_170' title='bbox 1602 1691 1697 1747; x_wconf 88' lang='lat' dir='ltr'>omnia</span> <span class='ocrx_word' id='word_1_171' title='bbox 1711 1709 1771 1762; x_wconf 83' lang='lat' dir='ltr'>quae</span> <span class='ocrx_word' id='word_1_172' title='bbox 1799 1709 1919 1766; x_wconf 87' lang='lat' dir='ltr'>nuquam</span> <span class='ocrx_word' id='word_1_173' title='bbox 1940 1695 1976 1749; x_wconf 88' lang='lat' dir='ltr'>nd</span> 
     </span>
     <span class='ocr_line' id='line_1_14' title="bbox 325 1778 1975 1865; baseline -0.007 -16"><span class='ocrx_word' id='word_1_174' title='bbox 325 1809 385 1865; x_wconf 82' lang='lat' dir='ltr'>qtrae</span> <span class='ocrx_word' id='word_1_175' title='bbox 400 1797 579 1863; x_wconf 61' lang='lat' dir='ltr'>provocarem</span> <span class='ocrx_word' id='word_1_176' title='bbox 596 1789 661 1858; x_wconf 92' lang='lat' dir='ltr'>imo,</span> <span class='ocrx_word' id='word_1_177' title='bbox 678 1787 699 1841; x_wconf 90' lang='lat' dir='ltr'>si</span> <span class='ocrx_word' id='word_1_178' title='bbox 715 1785 754 1842; x_wconf 87' lang='lat' dir='ltr'>sie</span> <span class='ocrx_word' id='word_1_179' title='bbox 775 1787 866 1842; x_wconf 86' lang='lat' dir='ltr'>dicere</span> <span class='ocrx_word' id='word_1_180' title='bbox 890 1785 992 1856; x_wconf 89' lang='lat' dir='ltr'>liceret,</span> <span class='ocrx_word' id='word_1_181' title='bbox 1016 1791 1126 1856; x_wconf 84' lang='lat' dir='ltr'>cogeret</span> <span class='ocrx_word' id='word_1_182' title='bbox 1178 1778 1287 1835; x_wconf 87' lang='lat' dir='ltr'>laudem</span> <span class='ocrx_word' id='word_1_183' title='bbox 1304 1787 1375 1834; x_wconf 89' lang='lat' dir='ltr'>tuam</span> <span class='ocrx_word' id='word_1_184' title='bbox 1389 1781 1519 1852; x_wconf 82' lang='lat' dir='ltr'>cogitare,</span> <span class='ocrx_word' id='word_1_185' title='bbox 1536 1779 1621 1850; x_wconf 86' lang='lat' dir='ltr'>loqui,</span> <span class='ocrx_word' id='word_1_186' title='bbox 1636 1781 1680 1836; x_wconf 81' lang='lat' dir='ltr'>rel</span> <span class='ocrx_word' id='word_1_187' title='bbox 1707 1797 1791 1853; x_wconf 87' lang='lat' dir='ltr'>agere</span> <span class='ocrx_word' id='word_1_188' title='bbox 1818 1791 1917 1852; x_wconf 89' lang='lat' dir='ltr'>potest,</span> <span class='ocrx_word' id='word_1_189' title='bbox 1929 1782 1975 1838; x_wconf 89' lang='lat' dir='ltr'>al-</span> 
     </span>
     <span class='ocr_line' id='line_1_15' title="bbox 324 1866 1976 1944; baseline -0.007 -5"><span class='ocrx_word' id='word_1_190' title='bbox 324 1883 494 1940; x_wconf 83' lang='lat' dir='ltr'>roluntatem</span> <span class='ocrx_word' id='word_1_191' title='bbox 509 1885 628 1935; x_wconf 89' lang='lat' dir='ltr'>noslmm</span> <span class='ocrx_word' id='word_1_192' title='bbox 645 1884 698 1934; x_wconf 82' lang='lat' dir='ltr'>tum</span> <span class='ocrx_word' id='word_1_193' title='bbox 726 1874 905 1932; x_wconf 83' lang='lat' dir='ltr'>consideratio</span> <span class='ocrx_word' id='word_1_194' title='bbox 933 1873 1070 1942; x_wconf 85' lang='lat' dir='ltr'>bonitatis,</span> <span class='ocrx_word' id='word_1_195' title='bbox 1091 1889 1126 1928; x_wconf 88' lang='lat' dir='ltr'>ex</span> <span class='ocrx_word' id='word_1_196' title='bbox 1179 1866 1329 1924; x_wconf 83' lang='lat' dir='ltr'>dictionem</span> <span class='ocrx_word' id='word_1_197' title='bbox 1344 1868 1370 1924; x_wconf 93' lang='lat' dir='ltr'>ei</span> <span class='ocrx_word' id='word_1_198' title='bbox 1384 1877 1525 1940; x_wconf 83' lang='lat' dir='ltr'>generunt,</span> <span class='ocrx_word' id='word_1_199' title='bbox 1542 1869 1606 1941; x_wconf 90' lang='lat' dir='ltr'>quia</span> <span class='ocrx_word' id='word_1_200' title='bbox 1619 1868 1662 1924; x_wconf 90' lang='lat' dir='ltr'>bis</span> <span class='ocrx_word' id='word_1_201' title='bbox 1676 1868 1816 1942; x_wconf 87' lang='lat' dir='ltr'>indignam</span> <span class='ocrx_word' id='word_1_202' title='bbox 1837 1886 1867 1926; x_wconf 88' lang='lat' dir='ltr'>se</span> <span class='ocrx_word' id='word_1_203' title='bbox 1889 1881 1976 1944; x_wconf 89' lang='lat' dir='ltr'>putat,</span> 
     </span>
     <span class='ocr_line' id='line_1_16' title="bbox 326 1957 1977 2044; baseline -0.006 -17"><span class='ocrx_word' id='word_1_204' title='bbox 326 1989 379 2044; x_wconf 86' lang='lat' dir='ltr'>qua</span> <span class='ocrx_word' id='word_1_205' title='bbox 391 1968 567 2026; x_wconf 91' lang='lat' dir='ltr'>omniabona</span> <span class='ocrx_word' id='word_1_206' title='bbox 578 1975 667 2022; x_wconf 90' lang='lat' dir='ltr'>creata</span> <span class='ocrx_word' id='word_1_207' title='bbox 681 1963 842 2036; x_wconf 89' lang='lat' dir='ltr'>procedunt.</span> <span class='ocrx_word' id='word_1_208' title='bbox 859 1963 929 2031; x_wconf 82' lang='lat' dir='ltr'>Quia</span> <span class='ocrx_word' id='word_1_209' title='bbox 939 1971 1026 2018; x_wconf 85' lang='lat' dir='ltr'>nutem</span> <span class='ocrx_word' id='word_1_210' title='bbox 1037 1978 1125 2034; x_wconf 90' lang='lat' dir='ltr'>pauca</span> <span class='ocrx_word' id='word_1_211' title='bbox 1179 1966 1206 2012; x_wconf 90' lang='lat' dir='ltr'>et</span> <span class='ocrx_word' id='word_1_212' title='bbox 1221 1957 1285 2027; x_wconf 89' lang='lat' dir='ltr'>quia</span> <span class='ocrx_word' id='word_1_213' title='bbox 1301 1957 1348 2013; x_wconf 92' lang='lat' dir='ltr'>tibi</span> <span class='ocrx_word' id='word_1_214' title='bbox 1373 1958 1400 2012; x_wconf 87' lang='lat' dir='ltr'>in</span> <span class='ocrx_word' id='word_1_215' title='bbox 1415 1958 1489 2013; x_wconf 91' lang='lat' dir='ltr'>nullo</span> <span class='ocrx_word' id='word_1_216' title='bbox 1517 1957 1620 2028; x_wconf 83' lang='lat' dir='ltr'>poterit</span> <span class='ocrx_word' id='word_1_217' title='bbox 1641 1959 1820 2029; x_wconf 87' lang='lat' dir='ltr'>respondere.</span> <span class='ocrx_word' id='word_1_218' title='bbox 1853 1959 1882 2016; x_wconf 89' lang='lat' dir='ltr'>Si</span> <span class='ocrx_word' id='word_1_219' title='bbox 1909 1977 1977 2034; x_wconf 78' lang='lat' dir='ltr'>ergo</span> 
     </span>
     <span class='ocr_line' id='line_1_17' title="bbox 327 2047 1977 2133; baseline -0.005 -16"><span class='ocrx_word' id='word_1_220' title='bbox 327 2069 458 2133; x_wconf 78' lang='lat' dir='ltr'>expertus</span> <span class='ocrx_word' id='word_1_221' title='bbox 467 2065 519 2124; x_wconf 89' lang='lat' dir='ltr'>est,</span> <span class='ocrx_word' id='word_1_222' title='bbox 529 2063 554 2112; x_wconf 89' lang='lat' dir='ltr'>et</span> <span class='ocrx_word' id='word_1_223' title='bbox 563 2057 682 2110; x_wconf 91' lang='lat' dir='ltr'>nondum</span> <span class='ocrx_word' id='word_1_224' title='bbox 692 2053 853 2110; x_wconf 87' lang='lat' dir='ltr'>exercitatus</span> <span class='ocrx_word' id='word_1_225' title='bbox 867 2051 901 2108; x_wconf 91' lang='lat' dir='ltr'>de</span> <span class='ocrx_word' id='word_1_226' title='bbox 914 2059 949 2120; x_wconf 93' lang='lat' dir='ltr'>te,</span> <span class='ocrx_word' id='word_1_227' title='bbox 961 2051 1125 2124; x_wconf 82' lang='lat' dir='ltr'>quispiritus</span> <span class='ocrx_word' id='word_1_228' title='bbox 1139 2069 1166 2128; x_wconf 81' lang='grc' dir='ltr'>Β</span> <span class='ocrx_word' id='word_1_229' title='bbox 1179 2047 1271 2103; x_wconf 89' lang='lat' dir='ltr'>anima</span> <span class='ocrx_word' id='word_1_230' title='bbox 1285 2047 1464 2115; x_wconf 86' lang='lat' dir='ltr'>incarcerata,</span> <span class='ocrx_word' id='word_1_231' title='bbox 1480 2047 1508 2101; x_wconf 89' lang='lat' dir='ltr'>iu</span> <span class='ocrx_word' id='word_1_232' title='bbox 1522 2047 1624 2102; x_wconf 90' lang='lat' dir='ltr'>umbris</span> <span class='ocrx_word' id='word_1_233' title='bbox 1637 2047 1779 2116; x_wconf 85' lang='lat' dir='ltr'>collocata,</span> <span class='ocrx_word' id='word_1_234' title='bbox 1810 2048 1833 2102; x_wconf 89' lang='lat' dir='ltr'>si</span> <span class='ocrx_word' id='word_1_235' title='bbox 1860 2049 1977 2108; x_wconf 85' lang='lat' dir='ltr'>insatia-</span> 
     </span>
     <span class='ocr_line' id='line_1_18' title="bbox 327 2134 1974 2220; baseline -0.007 -13"><span class='ocrx_word' id='word_1_236' title='bbox 327 2167 367 2218; x_wconf 87' lang='lat' dir='ltr'>es,</span> <span class='ocrx_word' id='word_1_237' title='bbox 383 2145 560 2220; x_wconf 86' lang='lat' dir='ltr'>spiritualiter</span> <span class='ocrx_word' id='word_1_238' title='bbox 574 2143 695 2216; x_wconf 81' lang='lat' dir='ltr'>cogitare</span> <span class='ocrx_word' id='word_1_239' title='bbox 709 2141 835 2207; x_wconf 81' lang='lat' dir='ltr'>voluerit,</span> <span class='ocrx_word' id='word_1_240' title='bbox 852 2141 892 2194; x_wconf 87' lang='lat' dir='ltr'>sic</span> <span class='ocrx_word' id='word_1_241' title='bbox 910 2139 1033 2194; x_wconf 83' lang='lat' dir='ltr'>meditari</span> <span class='ocrx_word' id='word_1_242' title='bbox 1049 2139 1083 2194; x_wconf 91' lang='lat' dir='ltr'>de</span> <span class='ocrx_word' id='word_1_243' title='bbox 1099 2147 1125 2194; x_wconf 94' lang='lat' dir='ltr'>te</span> <span class='ocrx_word' id='word_1_244' title='bbox 1179 2135 1272 2191; x_wconf 90' lang='lat' dir='ltr'>biliter</span> <span class='ocrx_word' id='word_1_245' title='bbox 1284 2134 1416 2208; x_wconf 84' lang='lat' dir='ltr'>affligitur</span> <span class='ocrx_word' id='word_1_246' title='bbox 1428 2152 1480 2206; x_wconf 87' lang='lat' dir='ltr'>pro</span> <span class='ocrx_word' id='word_1_247' title='bbox 1494 2135 1573 2190; x_wconf 89' lang='lat' dir='ltr'>laude</span> <span class='ocrx_word' id='word_1_248' title='bbox 1589 2144 1643 2204; x_wconf 92' lang='lat' dir='ltr'>tua,</span> <span class='ocrx_word' id='word_1_249' title='bbox 1660 2138 1796 2206; x_wconf 84' lang='lat' dir='ltr'>quomodo</span> <span class='ocrx_word' id='word_1_250' title='bbox 1822 2138 1974 2207; x_wconf 75' lang='lat' dir='ltr'>satiabitur,</span> 
     </span>
     <span class='ocr_line' id='line_1_19' title="bbox 325 2224 1978 2312; baseline -0.007 -18"><span class='ocrx_word' id='word_1_251' title='bbox 325 2237 430 2312; x_wconf 83' lang='lat' dir='ltr'>poterit</span> <span class='ocrx_word' id='word_1_252' title='bbox 447 2235 586 2292; x_wconf 90' lang='lat' dir='ltr'>inchoare.</span> <span class='ocrx_word' id='word_1_253' title='bbox 606 2232 695 2288; x_wconf 89' lang='lat' dir='ltr'>Primo</span> <span class='ocrx_word' id='word_1_254' title='bbox 711 2237 835 2286; x_wconf 91' lang='lat' dir='ltr'>assumat</span> <span class='ocrx_word' id='word_1_255' title='bbox 862 2229 889 2284; x_wconf 94' lang='lat' dir='ltr'>in</span> <span class='ocrx_word' id='word_1_256' title='bbox 915 2237 1031 2283; x_wconf 85' lang='lat' dir='ltr'>ruentem</span> <span class='ocrx_word' id='word_1_257' title='bbox 1048 2243 1125 2282; x_wconf 87' lang='lat' dir='ltr'>suam</span> <span class='ocrx_word' id='word_1_258' title='bbox 1180 2239 1242 2280; x_wconf 88' lang='lat' dir='ltr'>cum</span> <span class='ocrx_word' id='word_1_259' title='bbox 1258 2225 1286 2278; x_wconf 90' lang='lat' dir='ltr'>in</span> <span class='ocrx_word' id='word_1_260' title='bbox 1300 2224 1415 2280; x_wconf 90' lang='lat' dir='ltr'>meridie</span> <span class='ocrx_word' id='word_1_261' title='bbox 1430 2225 1585 2296; x_wconf 83' lang='lat' dir='ltr'>apparuerit</span> <span class='ocrx_word' id='word_1_262' title='bbox 1599 2225 1624 2280; x_wconf 92' lang='lat' dir='ltr'>ei</span> <span class='ocrx_word' id='word_1_263' title='bbox 1652 2225 1759 2280; x_wconf 89' lang='lat' dir='ltr'>bonitas</span> <span class='ocrx_word' id='word_1_264' title='bbox 1775 2234 1830 2296; x_wconf 93' lang='lat' dir='ltr'>tua,</span> <span class='ocrx_word' id='word_1_265' title='bbox 1846 2242 1908 2283; x_wconf 89' lang='lat' dir='ltr'>cum</span> <span class='ocrx_word' id='word_1_266' title='bbox 1924 2228 1978 2282; x_wconf 89' lang='lat' dir='ltr'>uti·</span> 
     </span>
     <span class='ocr_line' id='line_1_20' title="bbox 327 2313 1979 2400; baseline -0.008 -16"><span class='ocrx_word' id='word_1_267' title='bbox 327 2329 450 2400; x_wconf 86' lang='lat' dir='ltr'>aliquam</span> <span class='ocrx_word' id='word_1_268' title='bbox 466 2325 587 2380; x_wconf 81' lang='lat' dir='ltr'>aniciam</span> <span class='ocrx_word' id='word_1_269' title='bbox 602 2320 747 2378; x_wconf 86' lang='lat' dir='ltr'>virtutibus</span> <span class='ocrx_word' id='word_1_270' title='bbox 763 2318 919 2390; x_wconf 88' lang='lat' dir='ltr'>perlectam,</span> <span class='ocrx_word' id='word_1_271' title='bbox 941 2316 1015 2372; x_wconf 93' lang='lat' dir='ltr'>etde</span> <span class='ocrx_word' id='word_1_272' title='bbox 1030 2316 1076 2371; x_wconf 86' lang='lat' dir='ltr'>illa</span> <span class='ocrx_word' id='word_1_273' title='bbox 1090 2316 1126 2370; x_wconf 91' lang='lat' dir='ltr'>ita</span> <span class='ocrx_word' id='word_1_274' title='bbox 1181 2329 1235 2384; x_wconf 90' lang='lat' dir='ltr'>que</span> <span class='ocrx_word' id='word_1_275' title='bbox 1249 2313 1339 2368; x_wconf 85' lang='lat' dir='ltr'>rideat</span> <span class='ocrx_word' id='word_1_276' title='bbox 1352 2313 1386 2368; x_wconf 91' lang='lat' dir='ltr'>ad</span> <span class='ocrx_word' id='word_1_277' title='bbox 1396 2313 1510 2383; x_wconf 90' lang='lat' dir='ltr'>plenum</span> <span class='ocrx_word' id='word_1_278' title='bbox 1520 2329 1582 2370; x_wconf 89' lang='lat' dir='ltr'>eam</span> <span class='ocrx_word' id='word_1_279' title='bbox 1593 2329 1648 2370; x_wconf 89' lang='lat' dir='ltr'>uon</span> <span class='ocrx_word' id='word_1_280' title='bbox 1657 2330 1737 2384; x_wconf 90' lang='lat' dir='ltr'>posse</span> <span class='ocrx_word' id='word_1_281' title='bbox 1746 2315 1861 2371; x_wconf 89' lang='lat' dir='ltr'>laudari.</span> <span class='ocrx_word' id='word_1_282' title='bbox 1871 2316 1899 2372; x_wconf 88' lang='lat' dir='ltr'>Si</span> <span class='ocrx_word' id='word_1_283' title='bbox 1909 2315 1979 2372; x_wconf 87' lang='lat' dir='ltr'>lorte</span> 
     </span>
     <span class='ocr_line' id='line_1_21' title="bbox 327 2401 1979 2488; baseline -0.007 -16"><span class='ocrx_word' id='word_1_284' title='bbox 327 2415 484 2488; x_wconf 87' lang='lat' dir='ltr'>specialiter</span> <span class='ocrx_word' id='word_1_285' title='bbox 494 2412 607 2484; x_wconf 87' lang='lat' dir='ltr'>cogitet,</span> <span class='ocrx_word' id='word_1_286' title='bbox 623 2408 699 2482; x_wconf 89' lang='lat' dir='ltr'>quasi</span> <span class='ocrx_word' id='word_1_287' title='bbox 714 2407 781 2464; x_wconf 90' lang='lat' dir='ltr'>nulli</span> <span class='ocrx_word' id='word_1_288' title='bbox 797 2407 902 2478; x_wconf 87' lang='lat' dir='ltr'>corpori</span> <span class='ocrx_word' id='word_1_289' title='bbox 915 2405 949 2460; x_wconf 89' lang='lat' dir='ltr'>sit</span> <span class='ocrx_word' id='word_1_290' title='bbox 963 2405 1122 2474; x_wconf 89' lang='lat' dir='ltr'>conjuncta.</span> <span class='ocrx_word' id='word_1_291' title='bbox 1181 2401 1251 2457; x_wconf 89' lang='lat' dir='ltr'>dieis</span> <span class='ocrx_word' id='word_1_292' title='bbox 1265 2401 1343 2470; x_wconf 84' lang='lat' dir='ltr'>utibi,</span> <span class='ocrx_word' id='word_1_293' title='bbox 1353 2401 1478 2470; x_wconf 90' lang='lat' dir='ltr'>Domine,</span> <span class='ocrx_word' id='word_1_294' title='bbox 1490 2403 1622 2472; x_wconf 86' lang='lat' dir='ltr'>qnodhoe</span> <span class='ocrx_word' id='word_1_295' title='bbox 1632 2404 1837 2459; x_wconf 84' lang='lat' dir='ltr'>eritmaximum</span> <span class='ocrx_word' id='word_1_296' title='bbox 1847 2405 1979 2476; x_wconf 86' lang='lat' dir='ltr'>gaudium</span> 
     </span>
     <span class='ocr_line' id='line_1_22' title="bbox 329 2489 1979 2578; baseline -0.008 -16"><span class='ocrx_word' id='word_1_297' title='bbox 329 2505 500 2578; x_wconf 82' lang='lat' dir='ltr'>imaginetur</span> <span class='ocrx_word' id='word_1_298' title='bbox 513 2509 601 2558; x_wconf 88' lang='lat' dir='ltr'>autem</span> <span class='ocrx_word' id='word_1_299' title='bbox 616 2499 644 2554; x_wconf 89' lang='lat' dir='ltr'>in</span> <span class='ocrx_word' id='word_1_300' title='bbox 654 2498 699 2554; x_wconf 90' lang='lat' dir='ltr'>illa</span> <span class='ocrx_word' id='word_1_301' title='bbox 713 2512 821 2553; x_wconf 76' lang='lat' dir='ltr'>onlnem</span> <span class='ocrx_word' id='word_1_302' title='bbox 834 2493 1126 2566; x_wconf 83' lang='lat' dir='ltr'>perlectionemuirtu-</span> <span class='ocrx_word' id='word_1_303' title='bbox 1181 2490 1250 2561; x_wconf 89' lang='lat' dir='ltr'>ejus,</span> <span class='ocrx_word' id='word_1_304' title='bbox 1266 2489 1339 2560; x_wconf 87' lang='lat' dir='ltr'>quod</span> <span class='ocrx_word' id='word_1_305' title='bbox 1354 2490 1472 2561; x_wconf 80' lang='lat' dir='ltr'>perfecte</span> <span class='ocrx_word' id='word_1_306' title='bbox 1485 2499 1636 2564; x_wconf 70' lang='lat' dir='ltr'>cognoscet</span> <span class='ocrx_word' id='word_1_307' title='bbox 1650 2491 1796 2548; x_wconf 87' lang='lat' dir='ltr'>bonitatem</span> <span class='ocrx_word' id='word_1_308' title='bbox 1807 2500 1890 2563; x_wconf 80' lang='lat' dir='ltr'>tuctu,</span> <span class='ocrx_word' id='word_1_309' title='bbox 1907 2501 1935 2549; x_wconf 90' lang='lat' dir='ltr'>et</span> <span class='ocrx_word' id='word_1_310' title='bbox 1947 2494 1979 2548; x_wconf 92' lang='lat' dir='ltr'>il-</span> 
     </span>
     <span class='ocr_line' id='line_1_23' title="bbox 328 2577 1979 2666; baseline -0.008 -15"><span class='ocrx_word' id='word_1_311' title='bbox 328 2604 396 2664; x_wconf 89' lang='lat' dir='ltr'>tum,</span> <span class='ocrx_word' id='word_1_312' title='bbox 413 2609 474 2666; x_wconf 85' lang='lat' dir='ltr'>quae</span> <span class='ocrx_word' id='word_1_313' title='bbox 489 2603 606 2664; x_wconf 84' lang='lat' dir='ltr'>unquam</span> <span class='ocrx_word' id='word_1_314' title='bbox 621 2587 655 2643; x_wconf 91' lang='lat' dir='ltr'>de</span> <span class='ocrx_word' id='word_1_315' title='bbox 670 2586 761 2656; x_wconf 84' lang='lat' dir='ltr'>aliqua</span> <span class='ocrx_word' id='word_1_316' title='bbox 776 2584 867 2640; x_wconf 92' lang='lat' dir='ltr'>anima</span> <span class='ocrx_word' id='word_1_317' title='bbox 888 2583 987 2654; x_wconf 86' lang='lat' dir='ltr'>poterit</span> <span class='ocrx_word' id='word_1_318' title='bbox 1000 2581 1125 2655; x_wconf 86' lang='lat' dir='ltr'>cogitari,</span> <span class='ocrx_word' id='word_1_319' title='bbox 1181 2578 1236 2634; x_wconf 91' lang='lat' dir='ltr'>lam</span> <span class='ocrx_word' id='word_1_320' title='bbox 1252 2586 1307 2634; x_wconf 89' lang='lat' dir='ltr'>tam</span> <span class='ocrx_word' id='word_1_321' title='bbox 1323 2577 1493 2648; x_wconf 89' lang='lat' dir='ltr'>immensam,</span> <span class='ocrx_word' id='word_1_322' title='bbox 1508 2579 1580 2649; x_wconf 85' lang='lat' dir='ltr'>quod</span> <span class='ocrx_word' id='word_1_323' title='bbox 1591 2595 1652 2636; x_wconf 90' lang='lat' dir='ltr'>eam</span> <span class='ocrx_word' id='word_1_324' title='bbox 1680 2596 1733 2636; x_wconf 92' lang='lat' dir='ltr'>uon</span> <span class='ocrx_word' id='word_1_325' title='bbox 1760 2580 1860 2652; x_wconf 90' lang='lat' dir='ltr'>poterit</span> <span class='ocrx_word' id='word_1_326' title='bbox 1887 2583 1979 2652; x_wconf 81' lang='lat' dir='ltr'>aliqua</span> 
     </span>
     <span class='ocr_line' id='line_1_24' title="bbox 328 2667 1979 2752; baseline -0.008 -12"><span class='ocrx_word' id='word_1_327' title='bbox 328 2685 434 2742; x_wconf 90' lang='lat' dir='ltr'>scilicet</span> <span class='ocrx_word' id='word_1_328' title='bbox 449 2695 529 2752; x_wconf 87' lang='lat' dir='ltr'>quam</span> <span class='ocrx_word' id='word_1_329' title='bbox 538 2677 619 2747; x_wconf 88' lang='lat' dir='ltr'>bona,</span> <span class='ocrx_word' id='word_1_330' title='bbox 629 2690 711 2748; x_wconf 86' lang='lat' dir='ltr'>quam</span> <span class='ocrx_word' id='word_1_331' title='bbox 721 2673 817 2740; x_wconf 91' lang='lat' dir='ltr'>dulcis,</span> <span class='ocrx_word' id='word_1_332' title='bbox 826 2687 908 2746; x_wconf 89' lang='lat' dir='ltr'>quam</span> <span class='ocrx_word' id='word_1_333' title='bbox 918 2672 1034 2742; x_wconf 68' lang='lat' dir='ltr'>pratiens,</span> <span class='ocrx_word' id='word_1_334' title='bbox 1045 2686 1126 2744; x_wconf 87' lang='lat' dir='ltr'>quam</span> <span class='ocrx_word' id='word_1_335' title='bbox 1179 2676 1305 2724; x_wconf 89' lang='lat' dir='ltr'>ereatura</span> <span class='ocrx_word' id='word_1_336' title='bbox 1318 2667 1400 2738; x_wconf 91' lang='lat' dir='ltr'>plene</span> <span class='ocrx_word' id='word_1_337' title='bbox 1414 2667 1537 2724; x_wconf 88' lang='lat' dir='ltr'>laudare.</span> <span class='ocrx_word' id='word_1_338' title='bbox 1552 2669 1652 2724; x_wconf 81' lang='lat' dir='ltr'>l&#39;erum</span> <span class='ocrx_word' id='word_1_339' title='bbox 1667 2669 1751 2726; x_wconf 91' lang='lat' dir='ltr'>credo</span> <span class='ocrx_word' id='word_1_340' title='bbox 1765 2669 1838 2738; x_wconf 79' lang='lat' dir='ltr'>quod</span> <span class='ocrx_word' id='word_1_341' title='bbox 1852 2670 1887 2726; x_wconf 88' lang='lat' dir='ltr'>de</span> <span class='ocrx_word' id='word_1_342' title='bbox 1901 2670 1979 2728; x_wconf 92' lang='lat' dir='ltr'>boui-</span> 
     </span>
     <span class='ocr_line' id='line_1_25' title="bbox 329 2757 1977 2841; baseline -0.008 -12"><span class='ocrx_word' id='word_1_343' title='bbox 329 2771 495 2838; x_wconf 84' lang='lat' dir='ltr'>misericors,</span> <span class='ocrx_word' id='word_1_344' title='bbox 510 2783 591 2841; x_wconf 89' lang='lat' dir='ltr'>quum</span> <span class='ocrx_word' id='word_1_345' title='bbox 607 2765 725 2836; x_wconf 83' lang='lat' dir='ltr'>sapiens,</span> <span class='ocrx_word' id='word_1_346' title='bbox 741 2778 822 2834; x_wconf 75' lang='lat' dir='ltr'>qurum</span> <span class='ocrx_word' id='word_1_347' title='bbox 850 2761 1021 2826; x_wconf 86' lang='lat' dir='ltr'>charitativa,</span> <span class='ocrx_word' id='word_1_348' title='bbox 1045 2775 1127 2830; x_wconf 84' lang='lat' dir='ltr'>quam</span> <span class='ocrx_word' id='word_1_349' title='bbox 1182 2757 1244 2812; x_wconf 85' lang='lat' dir='ltr'>tatis</span> <span class='ocrx_word' id='word_1_350' title='bbox 1259 2764 1312 2811; x_wconf 85' lang='lat' dir='ltr'>tuae</span> <span class='ocrx_word' id='word_1_351' title='bbox 1326 2757 1506 2812; x_wconf 83' lang='lat' dir='ltr'>immensitate</span> <span class='ocrx_word' id='word_1_352' title='bbox 1520 2757 1668 2830; x_wconf 78' lang='lat' dir='ltr'>gaudebi13</span> <span class='ocrx_word' id='word_1_353' title='bbox 1684 2766 1774 2814; x_wconf 88' lang='lat' dir='ltr'>tamen</span> <span class='ocrx_word' id='word_1_354' title='bbox 1800 2758 1889 2816; x_wconf 90' lang='lat' dir='ltr'>adhuc</span> <span class='ocrx_word' id='word_1_355' title='bbox 1914 2775 1977 2830; x_wconf 86' lang='lat' dir='ltr'>poe-</span> 
     </span>
     <span class='ocr_line' id='line_1_26' title="bbox 328 2845 1977 2934; baseline -0.007 -16"><span class='ocrx_word' id='word_1_356' title='bbox 328 2861 425 2930; x_wconf 87' lang='lat' dir='ltr'>fidelis,</span> <span class='ocrx_word' id='word_1_357' title='bbox 440 2873 519 2930; x_wconf 87' lang='lat' dir='ltr'>quam</span> <span class='ocrx_word' id='word_1_358' title='bbox 534 2856 590 2926; x_wconf 89' lang='lat' dir='ltr'>pia,</span> <span class='ocrx_word' id='word_1_359' title='bbox 606 2870 686 2927; x_wconf 89' lang='lat' dir='ltr'>quam</span> <span class='ocrx_word' id='word_1_360' title='bbox 698 2854 780 2923; x_wconf 86' lang='lat' dir='ltr'>justa,</span> <span class='ocrx_word' id='word_1_361' title='bbox 797 2867 880 2923; x_wconf 88' lang='lat' dir='ltr'>quam</span> <span class='ocrx_word' id='word_1_362' title='bbox 896 2865 973 2917; x_wconf 82' lang='lat' dir='ltr'>uera,</span> <span class='ocrx_word' id='word_1_363' title='bbox 984 2849 1128 2920; x_wconf 86' lang='lat' dir='ltr'>quamhu·</span> <span class='ocrx_word' id='word_1_364' title='bbox 1181 2846 1320 2902; x_wconf 87' lang='lat' dir='ltr'>niteteam</span> <span class='ocrx_word' id='word_1_365' title='bbox 1337 2845 1456 2934; x_wconf 73' lang='lat' dir='ltr'>perlecto</span> <span class='ocrx_word' id='word_1_366' title='bbox 1469 2861 1525 2902; x_wconf 87' lang='lat' dir='ltr'>uon</span> <span class='ocrx_word' id='word_1_367' title='bbox 1542 2863 1624 2918; x_wconf 90' lang='lat' dir='ltr'>posse</span> <span class='ocrx_word' id='word_1_368' title='bbox 1651 2846 1776 2914; x_wconf 82' lang='lat' dir='ltr'>laudare,</span> <span class='ocrx_word' id='word_1_369' title='bbox 1805 2847 1857 2904; x_wconf 83' lang='lat' dir='ltr'>nisi</span> <span class='ocrx_word' id='word_1_370' title='bbox 1883 2849 1977 2922; x_wconf 89' lang='lat' dir='ltr'>aliquo</span> 
     </span>
     <span class='ocr_line' id='line_1_27' title="bbox 328 2934 1978 3020; baseline -0.009 -13"><span class='ocrx_word' id='word_1_371' title='bbox 328 2949 409 3020; x_wconf 88' lang='lat' dir='ltr'>milis,</span> <span class='ocrx_word' id='word_1_372' title='bbox 426 2957 478 3004; x_wconf 90' lang='lat' dir='ltr'>etc.</span> <span class='ocrx_word' id='word_1_373' title='bbox 494 2945 560 3000; x_wconf 87' lang='lat' dir='ltr'>Cum</span> <span class='ocrx_word' id='word_1_374' title='bbox 575 2951 667 3000; x_wconf 87' lang='lat' dir='ltr'>autem</span> <span class='ocrx_word' id='word_1_375' title='bbox 683 2941 755 3000; x_wconf 87' lang='lat' dir='ltr'>circa</span> <span class='ocrx_word' id='word_1_376' title='bbox 769 2940 887 2997; x_wconf 87' lang='lat' dir='ltr'>animum</span> <span class='ocrx_word' id='word_1_377' title='bbox 910 2939 973 2994; x_wconf 89' lang='lat' dir='ltr'>talia</span> <span class='ocrx_word' id='word_1_378' title='bbox 987 2937 1130 3014; x_wconf 83' lang='lat' dir='ltr'>cogitaue-¹</span> <span class='ocrx_word' id='word_1_379' title='bbox 1181 2934 1265 2991; x_wconf 89' lang='lat' dir='ltr'>modo</span> <span class='ocrx_word' id='word_1_380' title='bbox 1279 2935 1392 2990; x_wconf 76' lang='lat' dir='ltr'>salucra</span> <span class='ocrx_word' id='word_1_381' title='bbox 1405 2935 1466 3005; x_wconf 86' lang='lat' dir='ltr'>ejus</span> <span class='ocrx_word' id='word_1_382' title='bbox 1480 2935 1666 3007; x_wconf 72' lang='lat' dir='ltr'>alligarentur,</span> <span class='ocrx_word' id='word_1_383' title='bbox 1675 2943 1876 3006; x_wconf 77' lang='lat' dir='ltr'>etpercussurae</span> <span class='ocrx_word' id='word_1_384' title='bbox 1889 2937 1978 3011; x_wconf 78' lang='lat' dir='ltr'>plagae</span> 
     </span>
     <span class='ocr_line' id='line_1_28' title="bbox 327 3023 1979 3112; baseline -0.009 -15"><span class='ocrx_word' id='word_1_385' title='bbox 327 3041 370 3110; x_wconf 86' lang='grc' dir='ltr'>ιιι,</span> <span class='ocrx_word' id='word_1_386' title='bbox 386 3038 488 3112; x_wconf 89' lang='lat' dir='ltr'>cogitet</span> <span class='ocrx_word' id='word_1_387' title='bbox 500 3034 574 3107; x_wconf 90' lang='lat' dir='ltr'>quod</span> <span class='ocrx_word' id='word_1_388' title='bbox 589 3035 647 3090; x_wconf 84' lang='lat' dir='ltr'>haec</span> <span class='ocrx_word' id='word_1_389' title='bbox 660 3031 751 3088; x_wconf 87' lang='lat' dir='ltr'>anima</span> <span class='ocrx_word' id='word_1_390' title='bbox 766 3036 807 3085; x_wconf 89' lang='lat' dir='ltr'>est</span> <span class='ocrx_word' id='word_1_391' title='bbox 836 3028 932 3084; x_wconf 90' lang='lat' dir='ltr'>similis</span> <span class='ocrx_word' id='word_1_392' title='bbox 956 3025 1072 3084; x_wconf 85' lang='lat' dir='ltr'>creatori</span> <span class='ocrx_word' id='word_1_393' title='bbox 1100 3026 1128 3082; x_wconf 91' lang='lat' dir='ltr'>in</span> <span class='ocrx_word' id='word_1_394' title='bbox 1182 3024 1242 3094; x_wconf 86' lang='lat' dir='ltr'>ejus</span> <span class='ocrx_word' id='word_1_395' title='bbox 1255 3032 1425 3089; x_wconf 80' lang='lat' dir='ltr'>sanarentur,</span> <span class='ocrx_word' id='word_1_396' title='bbox 1441 3023 1714 3096; x_wconf 82' lang='lat' dir='ltr'>quiatuncprimum</span> <span class='ocrx_word' id='word_1_397' title='bbox 1742 3024 1832 3080; x_wconf 92' lang='lat' dir='ltr'>oleum</span> <span class='ocrx_word' id='word_1_398' title='bbox 1854 3026 1979 3082; x_wconf 88' lang='lat' dir='ltr'>additum</span> 
     </span>
     <span class='ocr_line' id='line_1_29' title="bbox 328 3112 1980 3197; baseline -0.007 -13"><span class='ocrx_word' id='word_1_399' title='bbox 328 3126 475 3186; x_wconf 81' lang='lat' dir='ltr'>virtutibus</span> <span class='ocrx_word' id='word_1_400' title='bbox 489 3125 535 3197; x_wconf 87' lang='lat' dir='ltr'>qui</span> <span class='ocrx_word' id='word_1_401' title='bbox 551 3139 612 3179; x_wconf 92' lang='lat' dir='ltr'>eam</span> <span class='ocrx_word' id='word_1_402' title='bbox 628 3121 655 3176; x_wconf 93' lang='lat' dir='ltr'>in</span> <span class='ocrx_word' id='word_1_403' title='bbox 670 3119 877 3176; x_wconf 88' lang='lat' dir='ltr'>similitudinem</span> <span class='ocrx_word' id='word_1_404' title='bbox 906 3131 983 3173; x_wconf 88' lang='lat' dir='ltr'>suam</span> <span class='ocrx_word' id='word_1_405' title='bbox 1013 3115 1129 3184; x_wconf 86' lang='lat' dir='ltr'>lecit,et</span> <span class='ocrx_word' id='word_1_406' title='bbox 1183 3121 1254 3170; x_wconf 79' lang='lat' dir='ltr'>esset</span> <span class='ocrx_word' id='word_1_407' title='bbox 1268 3113 1386 3169; x_wconf 89' lang='lat' dir='ltr'>camino.</span> <span class='ocrx_word' id='word_1_408' title='bbox 1411 3113 1491 3170; x_wconf 89' lang='lat' dir='ltr'>Unde</span> <span class='ocrx_word' id='word_1_409' title='bbox 1517 3112 1541 3168; x_wconf 88' lang='lat' dir='ltr'>si</span> <span class='ocrx_word' id='word_1_410' title='bbox 1569 3112 1731 3183; x_wconf 88' lang='lat' dir='ltr'>plaeettibi,</span> <span class='ocrx_word' id='word_1_411' title='bbox 1758 3113 1884 3182; x_wconf 89' lang='lat' dir='ltr'>Domine,</span> <span class='ocrx_word' id='word_1_412' title='bbox 1897 3116 1980 3172; x_wconf 88' lang='lat' dir='ltr'>credo</span> 
     </span>
     <span class='ocr_line' id='line_1_30' title="bbox 328 3199 1981 3292; baseline -0.009 -17"><span class='ocrx_word' id='word_1_413' title='bbox 328 3225 421 3292; x_wconf 89' lang='lat' dir='ltr'>postea</span> <span class='ocrx_word' id='word_1_414' title='bbox 438 3213 582 3270; x_wconf 82' lang='lat' dir='ltr'>transferat</span> <span class='ocrx_word' id='word_1_415' title='bbox 601 3226 630 3268; x_wconf 88' lang='lat' dir='ltr'>se</span> <span class='ocrx_word' id='word_1_416' title='bbox 652 3211 687 3266; x_wconf 88' lang='lat' dir='ltr'>ad</span> <span class='ocrx_word' id='word_1_417' title='bbox 704 3209 871 3276; x_wconf 84' lang='lat' dir='ltr'>Creatorem,</span> <span class='ocrx_word' id='word_1_418' title='bbox 898 3215 927 3262; x_wconf 92' lang='lat' dir='ltr'>ut</span> <span class='ocrx_word' id='word_1_419' title='bbox 949 3205 1040 3262; x_wconf 87' lang='lat' dir='ltr'>omnia</span> <span class='ocrx_word' id='word_1_420' title='bbox 1068 3221 1129 3278; x_wconf 84' lang='lat' dir='ltr'>quae</span> <span class='ocrx_word' id='word_1_421' title='bbox 1183 3201 1352 3274; x_wconf 88' lang='lat' dir='ltr'>quodetiam</span> <span class='ocrx_word' id='word_1_422' title='bbox 1367 3199 1795 3272; x_wconf 79' lang='lat' dir='ltr'>poenaetufflietiolaudistnae,</span> <span class='ocrx_word' id='word_1_423' title='bbox 1810 3204 1981 3276; x_wconf 89' lang='lat' dir='ltr'>quambabet</span> 
     </span>
     <span class='ocr_line' id='line_1_31' title="bbox 328 3289 1978 3377; baseline -0.01 -12"><span class='ocrx_word' id='word_1_424' title='bbox 328 3305 461 3365; x_wconf 87' lang='lat' dir='ltr'>inanima</span> <span class='ocrx_word' id='word_1_425' title='bbox 476 3302 597 3377; x_wconf 86' lang='lat' dir='ltr'>prolecta</span> <span class='ocrx_word' id='word_1_426' title='bbox 612 3306 736 3375; x_wconf 91' lang='lat' dir='ltr'>poterant</span> <span class='ocrx_word' id='word_1_427' title='bbox 750 3297 879 3367; x_wconf 81' lang='lat' dir='ltr'>inueniri,</span> <span class='ocrx_word' id='word_1_428' title='bbox 896 3295 922 3350; x_wconf 89' lang='lat' dir='ltr'>lu</span> <span class='ocrx_word' id='word_1_429' title='bbox 943 3296 1072 3352; x_wconf 88' lang='lat' dir='ltr'>Creatore</span> <span class='ocrx_word' id='word_1_430' title='bbox 1090 3295 1129 3349; x_wconf 89' lang='lat' dir='ltr'>in.</span> <span class='ocrx_word' id='word_1_431' title='bbox 1182 3291 1229 3348; x_wconf 87' lang='lat' dir='ltr'>hie</span> <span class='ocrx_word' id='word_1_432' title='bbox 1244 3290 1345 3361; x_wconf 90' lang='lat' dir='ltr'>anima,</span> <span class='ocrx_word' id='word_1_433' title='bbox 1360 3290 1397 3346; x_wconf 92' lang='lat' dir='ltr'>ibi</span> <span class='ocrx_word' id='word_1_434' title='bbox 1412 3289 1555 3346; x_wconf 88' lang='lat' dir='ltr'>satiabitur</span> <span class='ocrx_word' id='word_1_435' title='bbox 1565 3297 1593 3347; x_wconf 92' lang='lat' dir='ltr'>et</span> <span class='ocrx_word' id='word_1_436' title='bbox 1606 3289 1766 3364; x_wconf 72' lang='lat' dir='ltr'>alligabitur</span> <span class='ocrx_word' id='word_1_437' title='bbox 1791 3293 1857 3363; x_wconf 91' lang='lat' dir='ltr'>palo</span> <span class='ocrx_word' id='word_1_438' title='bbox 1880 3291 1978 3364; x_wconf 87' lang='lat' dir='ltr'>laudis,</span> 
     </span>
     <span class='ocr_line' id='line_1_32' title="bbox 328 3379 1979 3469; baseline -0.009 -15"><span class='ocrx_word' id='word_1_439' title='bbox 328 3398 404 3455; x_wconf 86' lang='lat' dir='ltr'>linita</span> <span class='ocrx_word' id='word_1_440' title='bbox 419 3394 523 3469; x_wconf 87' lang='lat' dir='ltr'>cogitet</span> <span class='ocrx_word' id='word_1_441' title='bbox 537 3399 564 3449; x_wconf 92' lang='lat' dir='ltr'>et</span> <span class='ocrx_word' id='word_1_442' title='bbox 578 3391 720 3455; x_wconf 88' lang='lat' dir='ltr'>immensa,</span> <span class='ocrx_word' id='word_1_443' title='bbox 737 3396 763 3444; x_wconf 90' lang='lat' dir='ltr'>et</span> <span class='ocrx_word' id='word_1_444' title='bbox 777 3403 810 3443; x_wconf 87' lang='lat' dir='ltr'>ea</span> <span class='ocrx_word' id='word_1_445' title='bbox 824 3388 883 3457; x_wconf 90' lang='lat' dir='ltr'>ipsa</span> <span class='ocrx_word' id='word_1_446' title='bbox 907 3392 1030 3441; x_wconf 88' lang='lat' dir='ltr'>naturum</span> <span class='ocrx_word' id='word_1_447' title='bbox 1050 3402 1127 3443; x_wconf 86' lang='lat' dir='ltr'>suum</span> <span class='ocrx_word' id='word_1_448' title='bbox 1183 3397 1245 3438; x_wconf 89' lang='lat' dir='ltr'>cum</span> <span class='ocrx_word' id='word_1_449' title='bbox 1261 3389 1289 3437; x_wconf 90' lang='lat' dir='ltr'>tu</span> <span class='ocrx_word' id='word_1_450' title='bbox 1316 3381 1362 3453; x_wconf 80' lang='lat' dir='ltr'>(lui</span> <span class='ocrx_word' id='word_1_451' title='bbox 1385 3382 1476 3453; x_wconf 86' lang='lat' dir='ltr'>reples</span> <span class='ocrx_word' id='word_1_452' title='bbox 1503 3381 1530 3437; x_wconf 91' lang='lat' dir='ltr'>io</span> <span class='ocrx_word' id='word_1_453' title='bbox 1558 3380 1638 3437; x_wconf 89' lang='lat' dir='ltr'>bonis</span> <span class='ocrx_word' id='word_1_454' title='bbox 1665 3379 1834 3439; x_wconf 89' lang='lat' dir='ltr'>desiderium</span> <span class='ocrx_word' id='word_1_455' title='bbox 1859 3390 1979 3439; x_wconf 84' lang='lat' dir='ltr'>nostmm</span> 
     </span>
     <span class='ocr_line' id='line_1_33' title="bbox 328 3470 1981 3555; baseline -0.01 -10"><span class='ocrx_word' id='word_1_456' title='bbox 328 3475 999 3555; x_wconf 74' lang='lat' dir='ltr'>assc‚ersiequotun1m0u0tnruttttcrnctper</span> <span class='ocrx_word' id='word_1_457' title='bbox 1019 3490 1053 3532; x_wconf 83' lang='lat' dir='ltr'>co</span> <span class='ocrx_word' id='word_1_458' title='bbox 1067 3490 1128 3548; x_wconf 71' lang='lat' dir='ltr'>aare</span> <span class='ocrx_word' id='word_1_459' title='bbox 1184 3470 1272 3541; x_wconf 79' lang='lat' dir='ltr'>(Paul.</span> <span class='ocrx_word' id='word_1_460' title='bbox 1289 3486 1335 3537; x_wconf 82' lang='lat' dir='ltr'>ert,</span> <span class='ocrx_word' id='word_1_461' title='bbox 1351 3474 1390 3540; x_wconf 83' lang='lat' dir='ltr'>tt),</span> <span class='ocrx_word' id='word_1_462' title='bbox 1407 3477 1510 3525; x_wconf 83' lang='lat' dir='ltr'>tantum</span> <span class='ocrx_word' id='word_1_463' title='bbox 1523 3470 1633 3525; x_wconf 82' lang='lat' dir='ltr'>dederis</span> <span class='ocrx_word' id='word_1_464' title='bbox 1661 3477 1687 3525; x_wconf 90' lang='lat' dir='ltr'>te</span> <span class='ocrx_word' id='word_1_465' title='bbox 1713 3470 1825 3526; x_wconf 89' lang='lat' dir='ltr'>laudare</span> <span class='ocrx_word' id='word_1_466' title='bbox 1850 3480 1981 3543; x_wconf 81' lang='lat' dir='ltr'>quantum</span> 
     </span>
     <span class='ocr_line' id='line_1_34' title="bbox 326 3557 1979 3651; baseline -0.005 -28"><span class='ocrx_word' id='word_1_467' title='bbox 326 3578 407 3651; x_wconf 66' lang='lat' dir='ltr'>pacta</span> <span class='ocrx_word' id='word_1_468' title='bbox 416 3578 496 3639; x_wconf 73' lang='lat' dir='ltr'>sunt,</span> <span class='ocrx_word' id='word_1_469' title='bbox 506 3568 655 3641; x_wconf 87' lang='lat' dir='ltr'>conspiciat</span> <span class='ocrx_word' id='word_1_470' title='bbox 670 3566 806 3623; x_wconf 86' lang='lat' dir='ltr'>intellecta</span> <span class='ocrx_word' id='word_1_471' title='bbox 820 3567 908 3632; x_wconf 79' lang='lat' dir='ltr'>(hom.</span> <span class='ocrx_word' id='word_1_472' title='bbox 925 3580 945 3633; x_wconf 88' lang='lat' dir='ltr'>r,</span> <span class='ocrx_word' id='word_1_473' title='bbox 957 3565 1011 3635; x_wconf 81' lang='lat'><strong>20).</strong></span> <span class='ocrx_word' id='word_1_474' title='bbox 1024 3564 1074 3621; x_wconf 86' lang='lat' dir='ltr'>llic</span> <span class='ocrx_word' id='word_1_475' title='bbox 1086 3572 1129 3621; x_wconf 84' lang='lat' dir='ltr'>est</span> <span class='ocrx_word' id='word_1_476' title='bbox 1182 3558 1382 3626; x_wconf 89' lang='lat' dir='ltr'>desideramus,</span> <span class='ocrx_word' id='word_1_477' title='bbox 1397 3557 1453 3613; x_wconf 91' lang='lat' dir='ltr'>imo</span> <span class='ocrx_word' id='word_1_478' title='bbox 1462 3558 1545 3630; x_wconf 88' lang='lat' dir='ltr'>longe</span> <span class='ocrx_word' id='word_1_479' title='bbox 1552 3573 1635 3627; x_wconf 85' lang='lat' dir='ltr'>supra</span> <span class='ocrx_word' id='word_1_480' title='bbox 1643 3557 1838 3613; x_wconf 80' lang='lat' dir='ltr'>desideratum.</span> <span class='ocrx_word' id='word_1_481' title='bbox 1850 3558 1896 3616; x_wconf 89' lang='lat' dir='ltr'>Sic</span> <span class='ocrx_word' id='word_1_482' title='bbox 1904 3560 1979 3617; x_wconf 89' lang='lat' dir='ltr'>enirn</span> 
     </span>
     <span class='ocr_line' id='line_1_35' title="bbox 329 3646 1979 3739; baseline -0.008 -19"><span class='ocrx_word' id='word_1_483' title='bbox 329 3664 441 3739; x_wconf 85' lang='lat' dir='ltr'>quidem</span> <span class='ocrx_word' id='word_1_484' title='bbox 455 3660 568 3716; x_wconf 90' lang='lat' dir='ltr'>initialis</span> <span class='ocrx_word' id='word_1_485' title='bbox 582 3657 678 3713; x_wconf 91' lang='lat' dir='ltr'>modus</span> <span class='ocrx_word' id='word_1_486' title='bbox 706 3653 845 3727; x_wconf 84' lang='lat' dir='ltr'>cogitandi</span> <span class='ocrx_word' id='word_1_487' title='bbox 873 3653 908 3708; x_wconf 91' lang='lat' dir='ltr'>de</span> <span class='ocrx_word' id='word_1_488' title='bbox 936 3660 971 3723; x_wconf 90' lang='lat' dir='ltr'>te,</span> <span class='ocrx_word' id='word_1_489' title='bbox 1000 3653 1126 3720; x_wconf 88' lang='lat' dir='ltr'>Domine,</span> <span class='ocrx_word' id='word_1_490' title='bbox 1183 3646 1427 3715; x_wconf 64' lang='lat' dir='ltr'>deambulabas</span> <span class='ocrx_word' id='word_1_491' title='bbox 1441 3646 1626 3718; x_wconf 78' lang='lat' dir='ltr'>plorabitiacl</span> <span class='ocrx_word' id='word_1_492' title='bbox 1641 3646 1746 3714; x_wconf 77' lang='lat' dir='ltr'>tlebltt&#39;a</span> <span class='ocrx_word' id='word_1_493' title='bbox 1762 3663 1843 3713; x_wconf 88' lang='lat' dir='ltr'>nunc,</span> <span class='ocrx_word' id='word_1_494' title='bbox 1855 3648 1979 3707; x_wconf 67' lang='lat' dir='ltr'>mussans</span> 
     </span>
     <span class='ocr_line' id='line_1_36' title="bbox 330 3734 1980 3825; baseline -0.008 -16"><span class='ocrx_word' id='word_1_495' title='bbox 330 3769 411 3825; x_wconf 86' lang='lat' dir='ltr'>quem</span> <span class='ocrx_word' id='word_1_496' title='bbox 439 3749 485 3821; x_wconf 87' lang='lat' dir='ltr'>qui</span> <span class='ocrx_word' id='word_1_497' title='bbox 516 3748 634 3805; x_wconf 88' lang='lat' dir='ltr'>sollicite</span> <span class='ocrx_word' id='word_1_498' title='bbox 648 3744 771 3816; x_wconf 85' lang='lat' dir='ltr'>sequitur</span> <span class='ocrx_word' id='word_1_499' title='bbox 799 3740 955 3798; x_wconf 87' lang='lat' dir='ltr'>meditando</span> <span class='ocrx_word' id='word_1_500' title='bbox 968 3749 1004 3811; x_wconf 89' lang='lat' dir='ltr'>te,</span> <span class='ocrx_word' id='word_1_501' title='bbox 1020 3741 1128 3797; x_wconf 85' lang='lat' dir='ltr'>intrabit</span> <span class='ocrx_word' id='word_1_502' title='bbox 1182 3734 1980 3807; x_wconf 68' lang='lat' dir='ltr'>antempactetttnrettttaveatraverteturtnpanatnm</span> 
     </span>
     <span class='ocr_line' id='line_1_37' title="bbox 329 3821 1981 3901; baseline -0.014 -2"><span class='ocrx_word' id='word_1_503' title='bbox 329 3844 433 3899; x_wconf 85' lang='lat' dir='ltr'>lentem</span> <span class='ocrx_word' id='word_1_504' title='bbox 448 3839 538 3897; x_wconf 81' lang='lat' dir='ltr'>uirum</span> <span class='ocrx_word' id='word_1_505' title='bbox 555 3844 581 3893; x_wconf 88' lang='lat' dir='ltr'>ct</span> <span class='ocrx_word' id='word_1_506' title='bbox 592 3834 762 3891; x_wconf 91' lang='lat' dir='ltr'>dulcedinem</span> <span class='ocrx_word' id='word_1_507' title='bbox 772 3840 824 3887; x_wconf 75' lang='lat' dir='ltr'>tuae</span> <span class='ocrx_word' id='word_1_508' title='bbox 834 3840 948 3899; x_wconf 74' lang='lat' dir='ltr'>natura,</span> <span class='ocrx_word' id='word_1_509' title='bbox 958 3846 1017 3901; x_wconf 76' lang='lat' dir='ltr'>quae</span> <span class='ocrx_word' id='word_1_510' title='bbox 1027 3838 1128 3901; x_wconf 90' lang='lat' dir='ltr'>quanto</span> <span class='ocrx_word' id='word_1_511' title='bbox 1182 3825 1276 3894; x_wconf 68' lang='lat' dir='ltr'>(loeis.</span> <span class='ocrx_word' id='word_1_512' title='bbox 1294 3838 1351 3891; x_wconf 74' lang='lat' dir='ltr'>xer,</span> <span class='ocrx_word' id='word_1_513' title='bbox 1368 3822 1426 3893; x_wconf 73' lang='grc' dir='ltr'>ιο).</span> <span class='ocrx_word' id='word_1_514' title='bbox 1459 3821 1560 3877; x_wconf 91' lang='lat' dir='ltr'>Sanata</span> <span class='ocrx_word' id='word_1_515' title='bbox 1587 3828 1676 3877; x_wconf 85' lang='lat' dir='ltr'>antem</span> <span class='ocrx_word' id='word_1_516' title='bbox 1705 3838 1797 3892; x_wconf 85' lang='lat' dir='ltr'>poena,</span> <span class='ocrx_word' id='word_1_517' title='bbox 1826 3839 1909 3895; x_wconf 86' lang='lat' dir='ltr'>quam</span> <span class='ocrx_word' id='word_1_518' title='bbox 1936 3824 1981 3882; x_wconf 81' lang='lat' dir='ltr'>bic</span> 
     </span>
     <span class='ocr_line' id='line_1_38' title="bbox 329 3910 1980 4002; baseline -0.011 -14"><span class='ocrx_word' id='word_1_519' title='bbox 329 3930 420 4002; x_wconf 87' lang='lat' dir='ltr'>major</span> <span class='ocrx_word' id='word_1_520' title='bbox 432 3936 474 3985; x_wconf 89' lang='lat' dir='ltr'>est</span> <span class='ocrx_word' id='word_1_521' title='bbox 487 3926 616 3984; x_wconf 86' lang='lat' dir='ltr'>omuibus</span> <span class='ocrx_word' id='word_1_522' title='bbox 630 3922 771 3979; x_wconf 81' lang='lat' dir='ltr'>beneficiis</span> <span class='ocrx_word' id='word_1_523' title='bbox 785 3920 845 3989; x_wconf 90' lang='lat' dir='ltr'>tuis,</span> <span class='ocrx_word' id='word_1_524' title='bbox 862 3926 936 3975; x_wconf 87' lang='lat' dir='ltr'>tauto</span> <span class='ocrx_word' id='word_1_525' title='bbox 958 3918 1046 3991; x_wconf 89' lang='lat' dir='ltr'>magis</span> <span class='ocrx_word' id='word_1_526' title='bbox 1066 3916 1127 3975; x_wconf 84' lang='lat' dir='ltr'>ulli-</span> <span class='ocrx_word' id='word_1_527' title='bbox 1181 3911 1290 3979; x_wconf 88' lang='lat' dir='ltr'>babuit,</span> <span class='ocrx_word' id='word_1_528' title='bbox 1306 3920 1333 3966; x_wconf 90' lang='lat' dir='ltr'>et</span> <span class='ocrx_word' id='word_1_529' title='bbox 1347 3910 1861 3982; x_wconf 84' lang='lat' dir='ltr'>impletoquodhicdesiderarit,aliam</span> <span class='ocrx_word' id='word_1_530' title='bbox 1871 3928 1980 3983; x_wconf 86' lang='lat' dir='ltr'>poenam</span> 
     </span>
     <span class='ocr_line' id='line_1_39' title="bbox 329 3998 1981 4083; baseline -0.006 -6"><span class='ocrx_word' id='word_1_531' title='bbox 329 4020 366 4079; x_wconf 89' lang='lat' dir='ltr'>eit</span> <span class='ocrx_word' id='word_1_532' title='bbox 381 4026 502 4075; x_wconf 88' lang='lat' dir='ltr'>nostram</span> <span class='ocrx_word' id='word_1_533' title='bbox 517 4015 695 4083; x_wconf 83' lang='lat' dir='ltr'>voluntatem,</span> <span class='ocrx_word' id='word_1_534' title='bbox 707 4018 734 4067; x_wconf 91' lang='lat' dir='ltr'>ut</span> <span class='ocrx_word' id='word_1_535' title='bbox 744 4008 1023 4081; x_wconf 87' lang='lat' dir='ltr'>sequamurardeuter</span> <span class='ocrx_word' id='word_1_536' title='bbox 1036 4008 1127 4063; x_wconf 87' lang='lat' dir='ltr'>lesum</span> <span class='ocrx_word' id='word_1_537' title='bbox 1183 4016 1233 4072; x_wconf 72' lang='grc' dir='ltr'>1)ῐο</span> <span class='ocrx_word' id='word_1_538' title='bbox 1248 4000 1344 4070; x_wconf 71' lang='lat' dir='ltr'>mnl&#39;0ri</span> <span class='ocrx_word' id='word_1_539' title='bbox 1358 3999 1515 4055; x_wconf 61' lang='lat' dir='ltr'>laudallfflle</span> <span class='ocrx_word' id='word_1_540' title='bbox 1530 3999 1578 4067; x_wconf 67' lang='lat' dir='ltr'>lbi·</span> <span class='ocrx_word' id='word_1_541' title='bbox 1594 3998 1663 4055; x_wconf 67' lang='lat' dir='ltr'>⁵50¹ss</span> <span class='ocrx_word' id='word_1_542' title='bbox 1676 4000 1789 4067; x_wconf 66' lang='lat' dir='ltr'>flelhit&#39;.</span> <span class='ocrx_word' id='word_1_543' title='bbox 1805 4017 1822 4056; x_wconf 71' lang='lat'><em>8</em></span> <span class='ocrx_word' id='word_1_544' title='bbox 1836 4018 1866 4057; x_wconf 71' lang='lat'>⁸0</span> <span class='ocrx_word' id='word_1_545' title='bbox 1881 4002 1981 4059; x_wconf 68' lang='lat' dir='ltr'>blbete</span> 
     </span>
     <span class='ocr_line' id='line_1_40' title="bbox 328 4088 1981 4165; baseline -0.01 -1"><span class='ocrx_word' id='word_1_546' title='bbox 328 4108 413 4165; x_wconf 87' lang='lat' dir='ltr'>lilium</span> <span class='ocrx_word' id='word_1_547' title='bbox 429 4115 504 4162; x_wconf 91' lang='lat' dir='ltr'>tunrn</span> <span class='ocrx_word' id='word_1_548' title='bbox 520 4105 554 4161; x_wconf 89' lang='lat' dir='ltr'>ad</span> <span class='ocrx_word' id='word_1_549' title='bbox 570 4102 676 4161; x_wconf 86' lang='lat' dir='ltr'>laudem</span> <span class='ocrx_word' id='word_1_550' title='bbox 690 4100 821 4157; x_wconf 88' lang='lat' dir='ltr'>bonitatis</span> <span class='ocrx_word' id='word_1_551' title='bbox 837 4106 890 4155; x_wconf 86' lang='lat' dir='ltr'>tuae</span> <span class='ocrx_word' id='word_1_552' title='bbox 907 4112 956 4152; x_wconf 91' lang='lat' dir='ltr'>nos</span> <span class='ocrx_word' id='word_1_553' title='bbox 973 4095 1126 4153; x_wconf 85' lang='lat' dir='ltr'>informen·</span> <span class='ocrx_word' id='word_1_554' title='bbox 1181 4105 1237 4147; x_wconf 90' lang='lat' dir='ltr'>non</span> <span class='ocrx_word' id='word_1_555' title='bbox 1251 4094 1352 4160; x_wconf 91' lang='lat' dir='ltr'>potest.</span> <span class='ocrx_word' id='word_1_556' title='bbox 1368 4089 1408 4145; x_wconf 90' lang='lat' dir='ltr'>Tu</span> <span class='ocrx_word' id='word_1_557' title='bbox 1423 4088 1506 4145; x_wconf 89' lang='lat' dir='ltr'>etiam</span> <span class='ocrx_word' id='word_1_558' title='bbox 1520 4104 1576 4145; x_wconf 89' lang='lat' dir='ltr'>uon</span> <span class='ocrx_word' id='word_1_559' title='bbox 1589 4088 1669 4143; x_wconf 85' lang='lat' dir='ltr'>dabis</span> <span class='ocrx_word' id='word_1_560' title='bbox 1682 4088 1718 4157; x_wconf 89' lang='lat' dir='ltr'>ei,</span> <span class='ocrx_word' id='word_1_561' title='bbox 1734 4088 1981 4165; x_wconf 80' lang='lat' dir='ltr'>quiomaiodispo·</span> 
     </span>
     <span class='ocr_line' id='line_1_41' title="bbox 330 4177 1978 4255; baseline 0 -18"><span class='ocrx_word' id='word_1_562' title='bbox 330 4206 394 4255; x_wconf 58' lang='lat' dir='ltr'>pem,</span> <span class='ocrx_word' id='word_1_563' title='bbox 1181 4182 1229 4237; x_wconf 83' lang='lat' dir='ltr'>nis</span> <span class='ocrx_word' id='word_1_564' title='bbox 1244 4181 1413 4245; x_wconf 81' lang='lat' dir='ltr'>innantem,</span> <span class='ocrx_word' id='word_1_565' title='bbox 1423 4177 1559 4250; x_wconf 79' lang='lat' dir='ltr'>pondere,</span> <span class='ocrx_word' id='word_1_566' title='bbox 1572 4181 1603 4235; x_wconf 81' lang='lat' dir='ltr'>et</span> <span class='ocrx_word' id='word_1_567' title='bbox 1616 4193 1749 4235; x_wconf 83' lang='lat' dir='ltr'>mensura</span> <span class='ocrx_word' id='word_1_568' title='bbox 1764 4179 1840 4252; x_wconf 83' lang='lat' dir='ltr'>(Sap.</span> <span class='ocrx_word' id='word_1_569' title='bbox 1863 4194 1904 4247; x_wconf 76' lang='grc' dir='ltr'>ιι,</span> <span class='ocrx_word' id='word_1_570' title='bbox 1922 4182 1978 4253; x_wconf 78' lang='grc' dir='ltr'>ιι),</span> 
     </span>
    </p>
   </div>
   <div class='ocr_carea' id='block_1_4' title="bbox 639 4266 1981 4341">
    <p class='ocr_par' dir='ltr' id='par_1_4' title="bbox 639 4266 1981 4341">
     <span class='ocr_line' id='line_1_42' title="bbox 639 4266 1981 4341; baseline -0.001 -13"><span class='ocrx_word' id='word_1_571' title='bbox 639 4282 751 4338; x_wconf 70' lang='lat' dir='ltr'><strong>CAPUT</strong></span> <span class='ocrx_word' id='word_1_572' title='bbox 766 4280 813 4337; x_wconf 83' lang='lat'>111,</span> <span class='ocrx_word' id='word_1_573' title='bbox 1182 4270 1245 4341; x_wconf 82' lang='lat' dir='ltr'>quia</span> <span class='ocrx_word' id='word_1_574' title='bbox 1257 4276 1321 4324; x_wconf 90' lang='lat' dir='ltr'>tunc</span> <span class='ocrx_word' id='word_1_575' title='bbox 1337 4284 1392 4323; x_wconf 89' lang='lat' dir='ltr'>non</span> <span class='ocrx_word' id='word_1_576' title='bbox 1405 4266 1457 4323; x_wconf 90' lang='lat' dir='ltr'>erit</span> <span class='ocrx_word' id='word_1_577' title='bbox 1471 4274 1577 4339; x_wconf 89' lang='lat' dir='ltr'>tempus</span> <span class='ocrx_word' id='word_1_578' title='bbox 1589 4267 1682 4336; x_wconf 92' lang='lat' dir='ltr'>llendi,</span> <span class='ocrx_word' id='word_1_579' title='bbox 1697 4268 1747 4324; x_wconf 85' lang='lat' dir='ltr'>sed</span> <span class='ocrx_word' id='word_1_580' title='bbox 1774 4268 1892 4336; x_wconf 90' lang='lat' dir='ltr'>ridendi,</span> <span class='ocrx_word' id='word_1_581' title='bbox 1917 4285 1981 4327; x_wconf 89' lang='lat' dir='ltr'>cum</span> 
     </span>
    </p>
   </div>
   <div class='ocr_carea' id='block_1_5' title="bbox 401 4368 1060 4447">
    <p class='ocr_par' dir='ltr' id='par_1_5' title="bbox 401 4368 1060 4447">
     <span class='ocr_line' id='line_1_43' title="bbox 401 4368 1060 4447; baseline -0.017 -14"><span class='ocrx_word' id='word_1_582' title='bbox 401 4376 440 4433; x_wconf 84' lang='lat' dir='ltr'>De</span> <span class='ocrx_word' id='word_1_583' title='bbox 456 4372 634 4447; x_wconf 80' lang='lat' dir='ltr'>sequentibus</span> <span class='ocrx_word' id='word_1_584' title='bbox 647 4368 812 4445; x_wconf 81' lang='lat' dir='ltr'>particulis,</span> <span class='ocrx_word' id='word_1_585' title='bbox 828 4369 921 4427; x_wconf 77' lang='lat' dir='ltr'>tenire</span> <span class='ocrx_word' id='word_1_586' title='bbox 933 4375 993 4443; x_wconf 91' lang='lat' dir='ltr'>post</span> <span class='ocrx_word' id='word_1_587' title='bbox 1007 4382 1060 4423; x_wconf 92' lang='lat' dir='ltr'>me.</span> 
     </span>
    </p>
   </div>
   <div class='ocr_carea' id='block_1_6' title="bbox 331 4474 1133 5801">
    <p class='ocr_par' dir='ltr' id='par_1_6' title="bbox 331 4474 1133 5801">
     <span class='ocr_line' id='line_1_44' title="bbox 365 4474 1129 4539; baseline -0.013 -1"><span class='ocrx_word' id='word_1_588' title='bbox 365 4483 455 4539; x_wconf 88' lang='lat' dir='ltr'>Tertio</span> <span class='ocrx_word' id='word_1_589' title='bbox 469 4480 542 4537; x_wconf 91' lang='lat' dir='ltr'>enirn</span> <span class='ocrx_word' id='word_1_590' title='bbox 556 4496 587 4536; x_wconf 87' lang='lat' dir='ltr'>se</span> <span class='ocrx_word' id='word_1_591' title='bbox 601 4478 676 4535; x_wconf 89' lang='lat' dir='ltr'>dedit</span> <span class='ocrx_word' id='word_1_592' title='bbox 689 4486 810 4534; x_wconf 89' lang='lat' dir='ltr'>nostrum</span> <span class='ocrx_word' id='word_1_593' title='bbox 825 4478 964 4534; x_wconf 90' lang='lat' dir='ltr'>ductorem</span> <span class='ocrx_word' id='word_1_594' title='bbox 980 4482 1007 4532; x_wconf 91' lang='lat' dir='ltr'>cl</span> <span class='ocrx_word' id='word_1_595' title='bbox 1027 4474 1129 4529; x_wconf 89' lang='lat' dir='ltr'>iustru-</span> 
     </span>
     <span class='ocr_line' id='line_1_45' title="bbox 331 4564 1129 4641; baseline -0.016 -10"><span class='ocrx_word' id='word_1_596' title='bbox 331 4569 631 4641; x_wconf 86' lang='lat' dir='ltr'>olorem,eumsubdit:</span> <span class='ocrx_word' id='word_1_597' title='bbox 652 4564 1129 4640; x_wconf 80' lang='lat' dir='ltr'>leullepostme.Quautumcuuque</span> 
     </span>
     <span class='ocr_line' id='line_1_46' title="bbox 331 4652 1131 4729; baseline -0.014 -10"><span class='ocrx_word' id='word_1_598' title='bbox 331 4676 471 4719; x_wconf 80' lang='lat' dir='ltr'>nummus</span> <span class='ocrx_word' id='word_1_599' title='bbox 490 4658 627 4715; x_wconf 77' lang='lat' dir='ltr'>ferventer</span> <span class='ocrx_word' id='word_1_600' title='bbox 640 4657 790 4729; x_wconf 74' lang='lat' dir='ltr'>mouendo,</span> <span class='ocrx_word' id='word_1_601' title='bbox 806 4656 897 4711; x_wconf 89' lang='lat' dir='ltr'>nullus</span> <span class='ocrx_word' id='word_1_602' title='bbox 913 4652 1040 4727; x_wconf 79' lang='lat' dir='ltr'>precedit</span> <span class='ocrx_word' id='word_1_603' title='bbox 1051 4661 1086 4721; x_wconf 89' lang='lat' dir='ltr'>te,</span> <span class='ocrx_word' id='word_1_604' title='bbox 1103 4668 1131 4722; x_wconf 63' lang='lat' dir='ltr'>eg</span> 
     </span>
     <span class='ocr_line' id='line_1_47' title="bbox 332 4744 1130 4819; baseline -0.014 -12"><span class='ocrx_word' id='word_1_605' title='bbox 332 4751 424 4807; x_wconf 88' lang='lat' dir='ltr'>nullus</span> <span class='ocrx_word' id='word_1_606' title='bbox 438 4748 513 4805; x_wconf 80' lang='lat' dir='ltr'>vadit</span> <span class='ocrx_word' id='word_1_607' title='bbox 525 4749 606 4819; x_wconf 82' lang='lat' dir='ltr'>juxta</span> <span class='ocrx_word' id='word_1_608' title='bbox 621 4754 646 4803; x_wconf 90' lang='lat' dir='ltr'>lc</span> <span class='ocrx_word' id='word_1_609' title='bbox 662 4764 669 4801; x_wconf 87' lang='grc' dir='ltr'>ι</span> <span class='ocrx_word' id='word_1_610' title='bbox 685 4745 788 4802; x_wconf 85' lang='lat' dir='ltr'>Omnes</span> <span class='ocrx_word' id='word_1_611' title='bbox 803 4761 853 4801; x_wconf 89' lang='lat' dir='ltr'>nos</span> <span class='ocrx_word' id='word_1_612' title='bbox 867 4752 973 4815; x_wconf 90' lang='lat' dir='ltr'>oportet</span> <span class='ocrx_word' id='word_1_613' title='bbox 1000 4744 1039 4798; x_wconf 91' lang='lat' dir='ltr'>ire</span> <span class='ocrx_word' id='word_1_614' title='bbox 1067 4748 1130 4812; x_wconf 84' lang='lat' dir='ltr'>post</span> 
     </span>
     <span class='ocr_line' id='line_1_48' title="bbox 333 4832 1130 4911; baseline -0.014 -15"><span class='ocrx_word' id='word_1_615' title='bbox 333 4832 1130 4911; x_wconf 73' lang='lat' dir='ltr'>te,quintucaprimogeuiluainmulllrsrnlribustllm.</span> 
     </span>
     <span class='ocr_line' id='line_1_49' title="bbox 335 4920 1129 4999; baseline -0.008 -16"><span class='ocrx_word' id='word_1_616' title='bbox 335 4946 396 4997; x_wconf 78' lang='lat' dir='ltr'>vrri,</span> <span class='ocrx_word' id='word_1_617' title='bbox 412 4930 470 4999; x_wconf 70' lang='grc' dir='ltr'>ιι).</span> <span class='ocrx_word' id='word_1_618' title='bbox 486 4927 576 4983; x_wconf 84' lang='lat' dir='ltr'>Primo</span> <span class='ocrx_word' id='word_1_619' title='bbox 597 4925 676 4993; x_wconf 87' lang='lat' dir='ltr'>dicis,</span> <span class='ocrx_word' id='word_1_620' title='bbox 692 4924 817 4993; x_wconf 84' lang='lat' dir='ltr'>Domine,</span> <span class='ocrx_word' id='word_1_621' title='bbox 833 4922 974 4993; x_wconf 85' lang='lat' dir='ltr'>discipulis</span> <span class='ocrx_word' id='word_1_622' title='bbox 990 4938 996 4976; x_wconf 78' lang='grc' dir='ltr'>ι</span> <span class='ocrx_word' id='word_1_623' title='bbox 1021 4920 1129 4989; x_wconf 78' lang='lat' dir='ltr'>Venite,</span> 
     </span>
     <span class='ocr_line' id='line_1_50' title="bbox 334 5011 1130 5087; baseline -0.01 -12"><span class='ocrx_word' id='word_1_624' title='bbox 334 5023 362 5075; x_wconf 83' lang='lat' dir='ltr'>el</span> <span class='ocrx_word' id='word_1_625' title='bbox 377 5018 568 5087; x_wconf 80' lang='lat' dir='ltr'>uidelc(lonn.</span> <span class='ocrx_word' id='word_1_626' title='bbox 584 5032 603 5084; x_wconf 94' lang='grc' dir='ltr'>ι,</span> <span class='ocrx_word' id='word_1_627' title='bbox 620 5018 676 5085; x_wconf 83' lang='grc'>39).</span> <span class='ocrx_word' id='word_1_628' title='bbox 690 5014 787 5069; x_wconf 88' lang='lat' dir='ltr'>Postea</span> <span class='ocrx_word' id='word_1_629' title='bbox 800 5011 881 5081; x_wconf 86' lang='lat' dir='ltr'>dicis,</span> <span class='ocrx_word' id='word_1_630' title='bbox 897 5012 1063 5083; x_wconf 84' lang='lat' dir='ltr'>Vanileposl</span> <span class='ocrx_word' id='word_1_631' title='bbox 1075 5026 1130 5079; x_wconf 83' lang='lat' dir='ltr'>me,</span> 
     </span>
     <span class='ocr_line' id='line_1_51' title="bbox 334 5100 1130 5179; baseline -0.009 -17"><span class='ocrx_word' id='word_1_632' title='bbox 334 5115 363 5163; x_wconf 92' lang='lat' dir='ltr'>nt</span> <span class='ocrx_word' id='word_1_633' title='bbox 376 5106 449 5179; x_wconf 86' lang='lat' dir='ltr'>qnod</span> <span class='ocrx_word' id='word_1_634' title='bbox 462 5109 491 5161; x_wconf 86' lang='lat' dir='ltr'>in</span> <span class='ocrx_word' id='word_1_635' title='bbox 507 5113 532 5161; x_wconf 89' lang='lat' dir='ltr'>te</span> <span class='ocrx_word' id='word_1_636' title='bbox 546 5104 673 5160; x_wconf 81' lang='lat' dir='ltr'>viderunt</span> <span class='ocrx_word' id='word_1_637' title='bbox 688 5103 834 5171; x_wconf 86' lang='lat' dir='ltr'>imitentur,</span> <span class='ocrx_word' id='word_1_638' title='bbox 849 5100 953 5155; x_wconf 88' lang='lat' dir='ltr'>Deinde</span> <span class='ocrx_word' id='word_1_639' title='bbox 968 5100 1036 5155; x_wconf 89' lang='lat' dir='ltr'>dieis</span> <span class='ocrx_word' id='word_1_640' title='bbox 1051 5116 1058 5154; x_wconf 77' lang='grc' dir='ltr'>ι</span> <span class='ocrx_word' id='word_1_641' title='bbox 1079 5103 1130 5155; x_wconf 80' lang='lat' dir='ltr'>Ve-</span> 
     </span>
     <span class='ocr_line' id='line_1_52' title="bbox 335 5190 1131 5265; baseline -0.015 -10"><span class='ocrx_word' id='word_1_642' title='bbox 335 5194 439 5255; x_wconf 78' lang='lat' dir='ltr'>attend</span> <span class='ocrx_word' id='word_1_643' title='bbox 447 5194 663 5265; x_wconf 61' lang='lat' dir='ltr'>memmenni</span> <span class='ocrx_word' id='word_1_644' title='bbox 672 5192 839 5248; x_wconf 84' lang='lat' dir='ltr'>laboratisel</span> <span class='ocrx_word' id='word_1_645' title='bbox 848 5190 1131 5259; x_wconf 63' lang='lat' dir='ltr'>sacramentaneus</span> 
     </span>
     <span class='ocr_line' id='line_1_53' title="bbox 334 5280 1130 5357; baseline -0.014 -14"><span class='ocrx_word' id='word_1_646' title='bbox 334 5280 1130 5357; x_wconf 73' lang='lat' dir='ltr'>reficiamvos(llattlt.xr,28),etc.,utJugumtuumsunua,</span> 
     </span>
     <span class='ocr_line' id='line_1_54' title="bbox 335 5366 1132 5441; baseline -0.015 -8"><span class='ocrx_word' id='word_1_647' title='bbox 335 5378 363 5433; x_wconf 81' lang='lat' dir='ltr'>ct</span> <span class='ocrx_word' id='word_1_648' title='bbox 383 5390 456 5431; x_wconf 77' lang='lat' dir='ltr'>onus</span> <span class='ocrx_word' id='word_1_649' title='bbox 473 5380 547 5428; x_wconf 91' lang='lat' dir='ltr'>tuum</span> <span class='ocrx_word' id='word_1_650' title='bbox 564 5371 622 5427; x_wconf 80' lang='lat' dir='ltr'>leue</span> <span class='ocrx_word' id='word_1_651' title='bbox 637 5369 728 5441; x_wconf 72' lang='lat' dir='ltr'>(ibid,</span> <span class='ocrx_word' id='word_1_652' title='bbox 740 5370 796 5437; x_wconf 84' lang='grc'>30),</span> <span class='ocrx_word' id='word_1_653' title='bbox 812 5368 886 5440; x_wconf 89' lang='lat' dir='ltr'>quod</span> <span class='ocrx_word' id='word_1_654' title='bbox 901 5368 947 5439; x_wconf 86' lang='lat' dir='ltr'>qui</span> <span class='ocrx_word' id='word_1_655' title='bbox 963 5366 1132 5437; x_wconf 86' lang='lat' dir='ltr'>susceperint</span> 
     </span>
     <span class='ocr_line' id='line_1_55' title="bbox 335 5454 1132 5532; baseline -0.014 -13"><span class='ocrx_word' id='word_1_656' title='bbox 335 5462 460 5521; x_wconf 86' lang='lat' dir='ltr'>hilariter</span> <span class='ocrx_word' id='word_1_657' title='bbox 477 5460 580 5532; x_wconf 89' lang='lat' dir='ltr'>possint</span> <span class='ocrx_word' id='word_1_658' title='bbox 595 5466 702 5531; x_wconf 85' lang='lat' dir='ltr'>portare</span> <span class='ocrx_word' id='word_1_659' title='bbox 713 5456 746 5513; x_wconf 87' lang='lat' dir='ltr'>ad</span> <span class='ocrx_word' id='word_1_660' title='bbox 762 5456 878 5529; x_wconf 85' lang='lat' dir='ltr'>gloriam</span> <span class='ocrx_word' id='word_1_661' title='bbox 894 5455 980 5511; x_wconf 82' lang='lat' dir='ltr'>Patria</span> <span class='ocrx_word' id='word_1_662' title='bbox 995 5455 1046 5511; x_wconf 92' lang='lat' dir='ltr'>tui.</span> <span class='ocrx_word' id='word_1_663' title='bbox 1060 5454 1132 5509; x_wconf 88' lang='lat' dir='ltr'>Tan·</span> 
     </span>
     <span class='ocr_line' id='line_1_56' title="bbox 333 5545 1132 5617; baseline -0.013 -7"><span class='ocrx_word' id='word_1_664' title='bbox 333 5553 396 5610; x_wconf 88' lang='lat' dir='ltr'>dem</span> <span class='ocrx_word' id='word_1_665' title='bbox 410 5550 478 5607; x_wconf 89' lang='lat' dir='ltr'>dicis</span> <span class='ocrx_word' id='word_1_666' title='bbox 493 5566 500 5605; x_wconf 86' lang='grc' dir='ltr'>ι</span> <span class='ocrx_word' id='word_1_667' title='bbox 523 5550 628 5617; x_wconf 82' lang='lat' dir='ltr'>Venite,</span> <span class='ocrx_word' id='word_1_668' title='bbox 639 5545 778 5605; x_wconf 82' lang='lat' dir='ltr'>benedlcti</span> <span class='ocrx_word' id='word_1_669' title='bbox 791 5547 885 5602; x_wconf 79' lang='lat' dir='ltr'>Putria</span> <span class='ocrx_word' id='word_1_670' title='bbox 901 5545 978 5609; x_wconf 84' lang='lat' dir='ltr'>mel,·</span> <span class='ocrx_word' id='word_1_671' title='bbox 994 5545 1132 5617; x_wconf 80' lang='lat' dir='ltr'>percipile</span> 
     </span>
     <span class='ocr_line' id='line_1_57' title="bbox 335 5632 1133 5716; baseline -0.013 -17"><span class='ocrx_word' id='word_1_672' title='bbox 335 5656 454 5716; x_wconf 66' lang='lat' dir='ltr'>reanum</span> <span class='ocrx_word' id='word_1_673' title='bbox 470 5639 580 5709; x_wconf 82' lang='grc' dir='ltr'>(ιιιιιιι.</span> <span class='ocrx_word' id='word_1_674' title='bbox 593 5637 723 5707; x_wconf 58' lang='grc' dir='ltr'>ιιιιι).</span> <span class='ocrx_word' id='word_1_675' title='bbox 735 5635 790 5705; x_wconf 91' lang='lat' dir='ltr'>Sic,</span> <span class='ocrx_word' id='word_1_676' title='bbox 800 5635 926 5702; x_wconf 89' lang='lat' dir='ltr'>Domine,</span> <span class='ocrx_word' id='word_1_677' title='bbox 942 5634 991 5690; x_wconf 89' lang='lat' dir='ltr'>iste</span> <span class='ocrx_word' id='word_1_678' title='bbox 1006 5640 1047 5689; x_wconf 86' lang='lat' dir='ltr'>est</span> <span class='ocrx_word' id='word_1_679' title='bbox 1062 5632 1133 5689; x_wconf 87' lang='lat' dir='ltr'>lide·</span> 
     </span>
     <span class='ocr_line' id='line_1_58' title="bbox 336 5722 1133 5801; baseline -0.014 -13"><span class='ocrx_word' id='word_1_680' title='bbox 336 5730 456 5789; x_wconf 88' lang='lat' dir='ltr'>lissimus</span> <span class='ocrx_word' id='word_1_681' title='bbox 467 5728 575 5801; x_wconf 86' lang='lat' dir='ltr'>legatus</span> <span class='ocrx_word' id='word_1_682' title='bbox 590 5735 664 5793; x_wconf 87' lang='lat' dir='ltr'>tuus,</span> <span class='ocrx_word' id='word_1_683' title='bbox 680 5724 727 5797; x_wconf 87' lang='lat' dir='ltr'>qui</span> <span class='ocrx_word' id='word_1_684' title='bbox 747 5724 838 5797; x_wconf 90' lang='lat' dir='ltr'>primo</span> <span class='ocrx_word' id='word_1_685' title='bbox 853 5724 929 5797; x_wconf 92' lang='lat' dir='ltr'>ponit</span> <span class='ocrx_word' id='word_1_686' title='bbox 956 5738 986 5779; x_wconf 90' lang='lat' dir='ltr'>se</span> <span class='ocrx_word' id='word_1_687' title='bbox 1011 5722 1091 5779; x_wconf 85' lang='lat' dir='ltr'>nohis</span> <span class='ocrx_word' id='word_1_688' title='bbox 1104 5722 1133 5779; x_wconf 90' lang='lat' dir='ltr'>in</span> 
     </span>
    </p>
   </div>
   <div class='ocr_carea' id='block_1_7' title="bbox 1183 4356 1981 4519">
    <p class='ocr_par' dir='ltr' id='par_1_7' title="bbox 1183 4356 1981 4519">
     <span class='ocr_line' id='line_1_59' title="bbox 1183 4356 1981 4431; baseline 0.003 -18"><span class='ocrx_word' id='word_1_689' title='bbox 1183 4356 1338 4429; x_wconf 90' lang='lat' dir='ltr'>apparuerit</span> <span class='ocrx_word' id='word_1_690' title='bbox 1353 4356 1435 4411; x_wconf 86' lang='lat' dir='ltr'>nobis</span> <span class='ocrx_word' id='word_1_691' title='bbox 1450 4364 1512 4413; x_wconf 87' lang='lat' dir='ltr'>tuus</span> <span class='ocrx_word' id='word_1_692' title='bbox 1526 4356 1622 4413; x_wconf 87' lang='lat' dir='ltr'>unicus</span> <span class='ocrx_word' id='word_1_693' title='bbox 1635 4356 1730 4426; x_wconf 84' lang='lat' dir='ltr'>Filius,</span> <span class='ocrx_word' id='word_1_694' title='bbox 1739 4356 1763 4413; x_wconf 88' lang='lat' dir='ltr'>si</span> <span class='ocrx_word' id='word_1_695' title='bbox 1778 4357 1903 4414; x_wconf 81' lang='lat' dir='ltr'>volumus</span> <span class='ocrx_word' id='word_1_696' title='bbox 1917 4366 1981 4431; x_wconf 86' lang='lat' dir='ltr'>post</span> 
     </span>
     <span class='ocr_line' id='line_1_60' title="bbox 1183 4444 1388 4519; baseline -0.005 -19"><span class='ocrx_word' id='word_1_697' title='bbox 1183 4445 1271 4519; x_wconf 89' lang='lat' dir='ltr'>ipsum</span> <span class='ocrx_word' id='word_1_698' title='bbox 1285 4444 1388 4502; x_wconf 76' lang='lat' dir='ltr'>tenire.</span> 
     </span>
    </p>
   </div>
   <div class='ocr_carea' id='block_1_8' title="bbox 1222 4550 1923 4802">
    <p class='ocr_par' dir='ltr' id='par_1_8' title="bbox 1222 4550 1923 4802">
     <span class='ocr_line' id='line_1_61' title="bbox 1312 4550 1674 4627; baseline 0.006 -22"><span class='ocrx_word' id='word_1_699' title='bbox 1312 4612 1322 4627; x_wconf 21' lang='grc' dir='ltr'><strong>ἧ</strong></span> <span class='ocrx_word' id='word_1_700' title='bbox 1486 4550 1599 4608; x_wconf 77' lang='lat' dir='ltr'>carot</span> <span class='ocrx_word' id='word_1_701' title='bbox 1625 4551 1674 4607; x_wconf 89' lang='lat' dir='ltr'>lV.</span> 
     </span>
     <span class='ocr_line' id='line_1_62' title="bbox 1222 4637 1923 4709; baseline 0.004 -12"><span class='ocrx_word' id='word_1_702' title='bbox 1222 4672 1225 4677; x_wconf 92' lang='lat'><em>·</em></span> <span class='ocrx_word' id='word_1_703' title='bbox 1239 4639 1319 4707; x_wconf 86' lang='lat' dir='ltr'>Quod</span> <span class='ocrx_word' id='word_1_704' title='bbox 1345 4655 1404 4697; x_wconf 81' lang='lat' dir='ltr'>nott</span> <span class='ocrx_word' id='word_1_705' title='bbox 1418 4640 1509 4697; x_wconf 80' lang='lat' dir='ltr'>aimm</span> <span class='ocrx_word' id='word_1_706' title='bbox 1522 4637 1626 4708; x_wconf 80' lang='lat' dir='ltr'>nostri,</span> <span class='ocrx_word' id='word_1_707' title='bbox 1642 4638 1694 4697; x_wconf 83' lang='lat' dir='ltr'>aed</span> <span class='ocrx_word' id='word_1_708' title='bbox 1707 4640 1776 4705; x_wconf 72' lang='lat' dir='ltr'>bele</span> <span class='ocrx_word' id='word_1_709' title='bbox 1789 4640 1827 4698; x_wconf 87' lang='lat' dir='ltr'>ud</span> <span class='ocrx_word' id='word_1_710' title='bbox 1839 4640 1923 4709; x_wconf 83' lang='lat' dir='ltr'>lllttd,</span> 
     </span>
     <span class='ocr_line' id='line_1_63' title="bbox 1417 4729 1748 4802; baseline 0 -17"><span class='ocrx_word' id='word_1_711' title='bbox 1417 4729 1535 4802; x_wconf 86' lang='lat' dir='ltr'>abneget</span> <span class='ocrx_word' id='word_1_712' title='bbox 1560 4730 1748 4801; x_wconf 89' lang='lat' dir='ltr'>semetipsum.</span> 
     </span>
    </p>
   </div>
   <div class='ocr_carea' id='block_1_9' title="bbox 1185 4835 1986 5799">
    <p class='ocr_par' dir='ltr' id='par_1_9' title="bbox 1185 4835 1986 5799">
     <span class='ocr_line' id='line_1_64' title="bbox 1221 4835 1980 4911; baseline 0.003 -18"><span class='ocrx_word' id='word_1_713' title='bbox 1221 4839 1323 4908; x_wconf 88' lang='lat' dir='ltr'>Quarto</span> <span class='ocrx_word' id='word_1_714' title='bbox 1340 4853 1405 4911; x_wconf 85' lang='lat' dir='ltr'>ergo</span> <span class='ocrx_word' id='word_1_715' title='bbox 1420 4836 1536 4893; x_wconf 80' lang='lat' dir='ltr'>ostendit</span> <span class='ocrx_word' id='word_1_716' title='bbox 1550 4836 1630 4892; x_wconf 90' lang='lat' dir='ltr'>nobis</span> <span class='ocrx_word' id='word_1_717' title='bbox 1644 4835 1749 4891; x_wconf 89' lang='lat' dir='ltr'>initium</span> <span class='ocrx_word' id='word_1_718' title='bbox 1764 4836 1824 4906; x_wconf 80' lang='lat' dir='ltr'>rire,</span> <span class='ocrx_word' id='word_1_719' title='bbox 1855 4854 1906 4908; x_wconf 82' lang='lat' dir='ltr'>qua</span> <span class='ocrx_word' id='word_1_720' title='bbox 1929 4839 1980 4897; x_wconf 87' lang='lat' dir='ltr'>de-</span> 
     </span>
     <span class='ocr_line' id='line_1_65' title="bbox 1185 4925 1982 5001; baseline 0.001 -17"><span class='ocrx_word' id='word_1_721' title='bbox 1185 4928 1281 4985; x_wconf 86' lang='lat' dir='ltr'>bemus</span> <span class='ocrx_word' id='word_1_722' title='bbox 1295 4936 1354 5001; x_wconf 90' lang='lat' dir='ltr'>post</span> <span class='ocrx_word' id='word_1_723' title='bbox 1369 4926 1507 4983; x_wconf 88' lang='lat' dir='ltr'>Christum</span> <span class='ocrx_word' id='word_1_724' title='bbox 1521 4925 1623 4993; x_wconf 85' lang='lat' dir='ltr'>venire,</span> <span class='ocrx_word' id='word_1_725' title='bbox 1639 4942 1700 4981; x_wconf 93' lang='lat' dir='ltr'>eum</span> <span class='ocrx_word' id='word_1_726' title='bbox 1715 4925 1794 4981; x_wconf 91' lang='lat' dir='ltr'>dicit:</span> <span class='ocrx_word' id='word_1_727' title='bbox 1804 4925 1921 5000; x_wconf 80' lang='lat' dir='ltr'>abneget</span> <span class='ocrx_word' id='word_1_728' title='bbox 1935 4944 1982 4985; x_wconf 84' lang='lat' dir='ltr'>se-</span> 
     </span>
     <span class='ocr_line' id='line_1_66' title="bbox 1185 5014 1982 5089; baseline 0 -15"><span class='ocrx_word' id='word_1_729' title='bbox 1185 5018 1350 5089; x_wconf 80' lang='lat' dir='ltr'>metipsum.</span> <span class='ocrx_word' id='word_1_730' title='bbox 1367 5014 1419 5085; x_wconf 83' lang='lat' dir='ltr'>Qui</span> <span class='ocrx_word' id='word_1_731' title='bbox 1434 5030 1500 5087; x_wconf 89' lang='lat' dir='ltr'>ergo</span> <span class='ocrx_word' id='word_1_732' title='bbox 1515 5014 1543 5070; x_wconf 90' lang='lat' dir='ltr'>in</span> <span class='ocrx_word' id='word_1_733' title='bbox 1557 5017 1603 5070; x_wconf 83' lang='lat' dir='ltr'>ria</span> <span class='ocrx_word' id='word_1_734' title='bbox 1618 5014 1793 5085; x_wconf 83' lang='lat' dir='ltr'>perfectionis</span> <span class='ocrx_word' id='word_1_735' title='bbox 1818 5016 1876 5072; x_wconf 85' lang='lat' dir='ltr'>rult</span> <span class='ocrx_word' id='word_1_736' title='bbox 1904 5018 1982 5088; x_wconf 86' lang='lat' dir='ltr'>sequi</span> 
     </span>
     <span class='ocr_line' id='line_1_67' title="bbox 1186 5103 1981 5177; baseline -0.001 -14"><span class='ocrx_word' id='word_1_737' title='bbox 1186 5106 1321 5163; x_wconf 85' lang='lat' dir='ltr'>Christum</span> <span class='ocrx_word' id='word_1_738' title='bbox 1335 5106 1438 5173; x_wconf 88' lang='lat' dir='ltr'>lesum,</span> <span class='ocrx_word' id='word_1_739' title='bbox 1454 5104 1559 5160; x_wconf 91' lang='lat' dir='ltr'>laboret</span> <span class='ocrx_word' id='word_1_740' title='bbox 1572 5103 1661 5173; x_wconf 91' lang='lat' dir='ltr'>primo</span> <span class='ocrx_word' id='word_1_741' title='bbox 1675 5112 1703 5159; x_wconf 92' lang='lat' dir='ltr'>ut</span> <span class='ocrx_word' id='word_1_742' title='bbox 1730 5103 1848 5177; x_wconf 79' lang='lat' dir='ltr'>abneget</span> <span class='ocrx_word' id='word_1_743' title='bbox 1875 5111 1981 5165; x_wconf 80' lang='lat' dir='ltr'>semet-</span> 
     </span>
     <span class='ocr_line' id='line_1_68' title="bbox 1185 5191 1983 5267; baseline 0 -16"><span class='ocrx_word' id='word_1_744' title='bbox 1185 5196 1290 5267; x_wconf 84' lang='lat' dir='ltr'>t&#39;paum.</span> <span class='ocrx_word' id='word_1_745' title='bbox 1308 5192 1401 5249; x_wconf 77' lang='lat' dir='ltr'>Merito</span> <span class='ocrx_word' id='word_1_746' title='bbox 1416 5207 1482 5265; x_wconf 89' lang='lat' dir='ltr'>ergo</span> <span class='ocrx_word' id='word_1_747' title='bbox 1509 5191 1640 5247; x_wconf 86' lang='lat' dir='ltr'>debemus</span> <span class='ocrx_word' id='word_1_748' title='bbox 1666 5208 1717 5248; x_wconf 91' lang='lat' dir='ltr'>noa</span> <span class='ocrx_word' id='word_1_749' title='bbox 1745 5192 1892 5267; x_wconf 84' lang='lat' dir='ltr'>abnegare,</span> <span class='ocrx_word' id='word_1_750' title='bbox 1921 5212 1983 5251; x_wconf 92' lang='lat' dir='ltr'>eum</span> 
     </span>
     <span class='ocr_line' id='line_1_69' title="bbox 1185 5280 1984 5357; baseline 0.003 -19"><span class='ocrx_word' id='word_1_751' title='bbox 1185 5282 1253 5338; x_wconf 90' lang='lat' dir='ltr'>nihil</span> <span class='ocrx_word' id='word_1_752' title='bbox 1264 5280 1335 5351; x_wconf 85' lang='lat' dir='ltr'>jnris</span> <span class='ocrx_word' id='word_1_753' title='bbox 1349 5280 1499 5337; x_wconf 86' lang='lat' dir='ltr'>habeamus</span> <span class='ocrx_word' id='word_1_754' title='bbox 1514 5280 1540 5336; x_wconf 92' lang='lat' dir='ltr'>in</span> <span class='ocrx_word' id='word_1_755' title='bbox 1560 5280 1647 5337; x_wconf 91' lang='lat' dir='ltr'>nobis.</span> <span class='ocrx_word' id='word_1_756' title='bbox 1675 5280 1742 5339; x_wconf 83' lang='lat' dir='ltr'>Sunt</span> <span class='ocrx_word' id='word_1_757' title='bbox 1761 5290 1852 5338; x_wconf 92' lang='lat' dir='ltr'>aulem</span> <span class='ocrx_word' id='word_1_758' title='bbox 1879 5292 1984 5357; x_wconf 91' lang='lat' dir='ltr'>septem</span> 
     </span>
     <span class='ocr_line' id='line_1_70' title="bbox 1187 5368 1984 5442; baseline 0.001 -15"><span class='ocrx_word' id='word_1_759' title='bbox 1187 5387 1286 5439; x_wconf 77' lang='lat' dir='ltr'>cause,</span> <span class='ocrx_word' id='word_1_760' title='bbox 1302 5386 1420 5442; x_wconf 86' lang='lat' dir='ltr'>quarum</span> <span class='ocrx_word' id='word_1_761' title='bbox 1436 5368 1564 5442; x_wconf 81' lang='lat' dir='ltr'>quaelibet</span> <span class='ocrx_word' id='word_1_762' title='bbox 1578 5368 1713 5426; x_wconf 86' lang='lat' dir='ltr'>sufficeret</span> <span class='ocrx_word' id='word_1_763' title='bbox 1738 5369 1875 5426; x_wconf 88' lang='lat' dir='ltr'>hominem</span> <span class='ocrx_word' id='word_1_764' title='bbox 1904 5388 1984 5428; x_wconf 92' lang='lat' dir='ltr'>com·</span> 
     </span>
     <span class='ocr_line' id='line_1_71' title="bbox 1186 5458 1984 5533; baseline 0.003 -18"><span class='ocrx_word' id='word_1_765' title='bbox 1186 5460 1289 5531; x_wconf 87' lang='lat' dir='ltr'>pellere</span> <span class='ocrx_word' id='word_1_766' title='bbox 1303 5466 1332 5515; x_wconf 92' lang='lat' dir='ltr'>ut</span> <span class='ocrx_word' id='word_1_767' title='bbox 1346 5458 1461 5514; x_wconf 84' lang='lat' dir='ltr'>latentur</span> <span class='ocrx_word' id='word_1_768' title='bbox 1474 5458 1501 5513; x_wconf 92' lang='grc' dir='ltr'>ιιι</span> <span class='ocrx_word' id='word_1_769' title='bbox 1516 5473 1545 5514; x_wconf 92' lang='lat' dir='ltr'>se</span> <span class='ocrx_word' id='word_1_770' title='bbox 1560 5458 1626 5513; x_wconf 87' lang='lat' dir='ltr'>nihil</span> <span class='ocrx_word' id='word_1_771' title='bbox 1652 5458 1721 5529; x_wconf 81' lang='lat' dir='ltr'>juris</span> <span class='ocrx_word' id='word_1_772' title='bbox 1750 5458 1864 5518; x_wconf 88' lang='lat' dir='ltr'>hahere.</span> <span class='ocrx_word' id='word_1_773' title='bbox 1883 5462 1984 5533; x_wconf 85' lang='lat' dir='ltr'>Prima,</span> 
     </span>
     <span class='ocr_line' id='line_1_72' title="bbox 1186 5545 1983 5621; baseline 0.001 -17"><span class='ocrx_word' id='word_1_774' title='bbox 1186 5549 1250 5620; x_wconf 89' lang='lat' dir='ltr'>quia</span> <span class='ocrx_word' id='word_1_775' title='bbox 1263 5555 1302 5615; x_wconf 90' lang='grc' dir='ltr'>ιιι,</span> <span class='ocrx_word' id='word_1_776' title='bbox 1319 5547 1444 5614; x_wconf 91' lang='lat' dir='ltr'>Domine,</span> <span class='ocrx_word' id='word_1_777' title='bbox 1460 5562 1510 5603; x_wconf 91' lang='lat' dir='ltr'>nos</span> <span class='ocrx_word' id='word_1_778' title='bbox 1524 5545 1620 5604; x_wconf 88' lang='lat' dir='ltr'>creasti</span> <span class='ocrx_word' id='word_1_779' title='bbox 1634 5548 1794 5621; x_wconf 88' lang='lat' dir='ltr'>;aicutergo</span> <span class='ocrx_word' id='word_1_780' title='bbox 1810 5548 1878 5604; x_wconf 89' lang='lat' dir='ltr'>nihil</span> <span class='ocrx_word' id='word_1_781' title='bbox 1893 5550 1920 5605; x_wconf 91' lang='lat' dir='ltr'>in</span> <span class='ocrx_word' id='word_1_782' title='bbox 1934 5565 1983 5605; x_wconf 89' lang='lat' dir='ltr'>uo·</span> 
     </span>
     <span class='ocr_line' id='line_1_73' title="bbox 1188 5635 1986 5710; baseline 0.001 -17"><span class='ocrx_word' id='word_1_783' title='bbox 1188 5638 1231 5694; x_wconf 90' lang='lat' dir='ltr'>bia</span> <span class='ocrx_word' id='word_1_784' title='bbox 1246 5635 1325 5693; x_wconf 85' lang='lat' dir='ltr'>bonis</span> <span class='ocrx_word' id='word_1_785' title='bbox 1338 5644 1388 5702; x_wconf 88' lang='lat' dir='ltr'>est,</span> <span class='ocrx_word' id='word_1_786' title='bbox 1405 5636 1479 5710; x_wconf 82' lang='lat' dir='ltr'>qttod</span> <span class='ocrx_word' id='word_1_787' title='bbox 1492 5644 1520 5692; x_wconf 91' lang='grc' dir='ltr'>ιιι</span> <span class='ocrx_word' id='word_1_788' title='bbox 1533 5652 1589 5693; x_wconf 89' lang='lat' dir='ltr'>non</span> <span class='ocrx_word' id='word_1_789' title='bbox 1601 5637 1753 5708; x_wconf 85' lang='lat' dir='ltr'>creaveris,</span> <span class='ocrx_word' id='word_1_790' title='bbox 1769 5636 1807 5693; x_wconf 85' lang='lat' dir='ltr'>ila</span> <span class='ocrx_word' id='word_1_791' title='bbox 1819 5637 1933 5710; x_wconf 87' lang='lat' dir='ltr'>dignum</span> <span class='ocrx_word' id='word_1_792' title='bbox 1943 5645 1986 5694; x_wconf 82' lang='lat' dir='ltr'>eat</span> 
     </span>
     <span class='ocr_line' id='line_1_74' title="bbox 1188 5725 1984 5799; baseline 0.003 -18"><span class='ocrx_word' id='word_1_793' title='bbox 1188 5725 1263 5799; x_wconf 88' lang='lat' dir='ltr'>qnod</span> <span class='ocrx_word' id='word_1_794' title='bbox 1277 5726 1372 5782; x_wconf 88' lang='lat' dir='ltr'>omnia</span> <span class='ocrx_word' id='word_1_795' title='bbox 1386 5726 1460 5782; x_wconf 89' lang='lat' dir='ltr'>boua</span> <span class='ocrx_word' id='word_1_796' title='bbox 1473 5734 1566 5781; x_wconf 87' lang='lat' dir='ltr'>nostra</span> <span class='ocrx_word' id='word_1_797' title='bbox 1580 5725 1634 5781; x_wconf 89' lang='lat' dir='ltr'>sint</span> <span class='ocrx_word' id='word_1_798' title='bbox 1649 5732 1705 5794; x_wconf 87' lang='lat' dir='ltr'>tua,</span> <span class='ocrx_word' id='word_1_799' title='bbox 1719 5740 1781 5799; x_wconf 83' lang='lat' dir='ltr'>quae</span> <span class='ocrx_word' id='word_1_800' title='bbox 1807 5726 1882 5783; x_wconf 85' lang='lat' dir='ltr'>ntrllo</span> <span class='ocrx_word' id='word_1_801' title='bbox 1901 5725 1984 5783; x_wconf 91' lang='lat' dir='ltr'>modo</span> 
     </span>
    </p>
   </div>
   <div class='ocr_carea' id='block_1_10' title="bbox 335 5810 1985 5983">
    <p class='ocr_par' dir='ltr' id='par_1_10' title="bbox 335 5810 1985 5983">
     <span class='ocr_line' id='line_1_75' title="bbox 335 5810 1984 5893; baseline -0.004 -14"><span class='ocrx_word' id='word_1_802' title='bbox 335 5819 503 5893; x_wconf 83' lang='lat' dir='ltr'>exemplum,</span> <span class='ocrx_word' id='word_1_803' title='bbox 519 5832 580 5873; x_wconf 90' lang='lat' dir='ltr'>cum</span> <span class='ocrx_word' id='word_1_804' title='bbox 596 5813 660 5873; x_wconf 89' lang='lat' dir='ltr'>dicit</span> <span class='ocrx_word' id='word_1_805' title='bbox 676 5831 682 5873; x_wconf 85' lang='grc' dir='ltr'>ι</span> <span class='ocrx_word' id='word_1_806' title='bbox 703 5814 798 5873; x_wconf 80' lang='lat' dir='ltr'>lenite</span> <span class='ocrx_word' id='word_1_807' title='bbox 821 5818 850 5873; x_wconf 84' lang='lat' dir='ltr'>et</span> <span class='ocrx_word' id='word_1_808' title='bbox 876 5810 983 5883; x_wconf 61' lang='lat' dir='ltr'>radetu-</span> <span class='ocrx_word' id='word_1_809' title='bbox 998 5819 1024 5870; x_wconf 88' lang='lat' dir='ltr'>et</span> <span class='ocrx_word' id='word_1_810' title='bbox 1038 5820 1134 5886; x_wconf 86' lang='lat' dir='ltr'>postea</span> <span class='ocrx_word' id='word_1_811' title='bbox 1187 5815 1253 5875; x_wconf 82' lang='lat' dir='ltr'>licat</span> <span class='ocrx_word' id='word_1_812' title='bbox 1265 5814 1366 5876; x_wconf 78' lang='lat' dir='ltr'>auferri</span> <span class='ocrx_word' id='word_1_813' title='bbox 1380 5830 1397 5873; x_wconf 86' lang='lat' dir='ltr'>a</span> <span class='ocrx_word' id='word_1_814' title='bbox 1412 5823 1438 5872; x_wconf 90' lang='lat' dir='ltr'>ta</span> <span class='ocrx_word' id='word_1_815' title='bbox 1451 5816 1552 5873; x_wconf 67' lang='lat' dir='ltr'>&amp;neto</span> <span class='ocrx_word' id='word_1_816' title='bbox 1567 5824 1732 5885; x_wconf 80' lang='lat' dir='ltr'>sanctorum,</span> <span class='ocrx_word' id='word_1_817' title='bbox 1748 5828 1785 5871; x_wconf 91' lang='lat' dir='ltr'>ne</span> <span class='ocrx_word' id='word_1_818' title='bbox 1808 5814 1984 5888; x_wconf 86' lang='lat' dir='ltr'>saerilegium</span> 
     </span>
     <span class='ocr_line' id='line_1_76' title="bbox 335 5901 1985 5983; baseline -0.003 -14"><span class='ocrx_word' id='word_1_819' title='bbox 335 5908 430 5977; x_wconf 73' lang='lat' dir='ltr'>uelut</span> <span class='ocrx_word' id='word_1_820' title='bbox 444 5906 478 5970; x_wconf 88' lang='lat' dir='ltr'>ad</span> <span class='ocrx_word' id='word_1_821' title='bbox 493 5903 661 5969; x_wconf 77' lang='lat' dir='ltr'>ueniendum</span> <span class='ocrx_word' id='word_1_822' title='bbox 675 5912 740 5983; x_wconf 84' lang='lat' dir='ltr'>post</span> <span class='ocrx_word' id='word_1_823' title='bbox 750 5920 790 5965; x_wconf 87' lang='lat' dir='ltr'>ae.</span> <span class='ocrx_word' id='word_1_824' title='bbox 802 5902 949 5965; x_wconf 81' lang='lat' dir='ltr'>l&#39;anientos</span> <span class='ocrx_word' id='word_1_825' title='bbox 959 5901 1033 5965; x_wconf 84' lang='lat' dir='ltr'>adae</span> <span class='ocrx_word' id='word_1_826' title='bbox 1043 5908 1133 5977; x_wconf 81' lang='lat' dir='ltr'>rorat,</span> <span class='ocrx_word' id='word_1_827' title='bbox 1188 5904 1401 5972; x_wconf 82' lang='lat' dir='ltr'>committamus.</span> <span class='ocrx_word' id='word_1_828' title='bbox 1417 5902 1472 5965; x_wconf 85' lang='lat' dir='ltr'>Cur</span> <span class='ocrx_word' id='word_1_829' title='bbox 1485 5919 1552 5983; x_wconf 86' lang='lat' dir='ltr'>ergo</span> <span class='ocrx_word' id='word_1_830' title='bbox 1565 5919 1622 5966; x_wconf 90' lang='lat' dir='ltr'>noa</span> <span class='ocrx_word' id='word_1_831' title='bbox 1634 5902 1835 5981; x_wconf 76' lang='lat' dir='ltr'>abnegaremus</span> <span class='ocrx_word' id='word_1_832' title='bbox 1860 5916 1922 5977; x_wconf 87' lang='lat' dir='ltr'>noa,</span> <span class='ocrx_word' id='word_1_833' title='bbox 1939 5904 1985 5983; x_wconf 85' lang='lat' dir='ltr'>qui</span> 
     </span>
    </p>
   </div>
   <div class='ocr_carea' id='block_1_11' title="bbox 0 0 2395 6724">
    <p class='ocr_par' dir='ltr' id='par_1_11' title="bbox 0 0 2395 6724">
     <span class='ocr_line' id='line_1_77' title="bbox 0 0 2395 6724; baseline 0 0"><span class='ocrx_word' id='word_1_834' title='bbox 0 0 2395 6724; x_wconf 95' lang='lat' dir='ltr'> </span> 
     </span>
    </p>
   </div>
  </div>
 </body>
</html>
