4750 6725
196 601 199 822 l

196 935 198 1036 t

288 645 348 700 20⁹
569 677 572 684 ·
933 649 997 706 Llli.
1017 648 1068 706 lv.
1089 648 1203 710 belsa.
1220 652 1307 712 lell.
1889 660 1943 718 ιιιι

326 769 416 827 Nimis
429 771 525 844 palam
538 781 589 845 est,
601 789 651 830 nec
665 774 828 832 dissimulari
844 776 977 834 ullatenus
995 783 1084 848 potest
1102 775 1130 838 Α
1144 785 1232 835 restro
1246 787 1273 836 et
1286 764 1400 840 aliomnr
1414 788 1605 864 episcopomm
1619 795 1665 868 qui
1679 795 1708 851 iu
1721 795 1837 852 concilio
1846 795 1942 854 adfue-
1979 864 1984 872 ,

286 861 429 930 quomodo
443 862 557 936 ingressi
568 864 633 920 estis
647 864 802 922 caenobium
827 865 918 926 Sancti
937 867 1085 935 lldmuudi,

284 957 313 1003 et
330 965 385 1022 qua
396 949 525 1008 violentia
540 961 698 1026 extorquere
710 953 845 1012 conamini
860 955 1019 1012 electionem
1029 956 1087 1010 fra·

285 1037 375 1093 tribus
390 1039 512 1110 ejusdem
523 1039 653 1099 Ecclesia
677 1052 703 1099 et
729 1060 868 1100 assensum
896 1051 993 1100 vestrae
1019 1043 1087 1100 inor·

283 1125 390 1184 dinatae
413 1130 569 1186 voluntatis.
596 1131 676 1201 Quod
705 1149 786 1204 quam
813 1133 974 1208 irreligiose,
1004 1150 1085 1206 quam

282 1225 382 1272 contm
398 1220 588 1276 monachicum
612 1223 791 1293 propositum,
804 1231 830 1279 et
844 1231 936 1279 contra
961 1223 1084 1296 regulam

281 1307 370 1362 sancti
387 1307 535 1377 Benedicti,
552 1327 633 1381 quam
652 1312 767 1382 professi
783 1313 856 1380 estis,
869 1319 896 1368 et
923 1319 1016 1368 contra
1043 1328 1084 1366 sa·

280 1410 360 1450 cram
377 1396 616 1470 scripturamque
633 1400 723 1456 dicet:
751 1402 836 1460 Nemo
851 1399 1006 1458 rr‘bisumft
1029 1399 1080 1458 ho-

196 1497 197 1506 *
280 1500 395 1551 aorem,
411 1485 460 1544 sed
474 1489 523 1560 qui
533 1491 649 1546 vocatur
663 1507 680 1546 a
692 1491 745 1547 Dec
756 1489 879 1562 (uetur,
892 1489 931 1562 l),
948 1497 974 1546 et
990 1498 1083 1546 contra

279 1573 374 1644 ipsum
390 1575 477 1630 Deum
489 1577 604 1646 faciatis,
620 1577 695 1636 videt
709 1579 768 1650 ipse
786 1581 858 1634 Deus
881 1579 925 1650 qni
955 1579 1083 1634 discernit

278 1661 352 1717 inter·
366 1671 505 1734 pastorem
520 1674 546 1721 ct
562 1666 656 1738 lupum
670 1683 806 1738 rapacem.
823 1668 857 1724 Et
871 1668 980 1740 quidem
995 1667 1081 1722 dorni·

279 1767 348 1806 nuru
370 1769 462 1808 meum
477 1770 572 1827 regem
595 1755 742 1827 prohibere
755 1773 859 1827 nequeo
875 1757 939 1828 quin
953 1773 1002 1812 vos
1014 1773 1082 1813 con·

278 1840 467 1913 stituatsuper
482 1851 596 1914 terrena,
611 1845 659 1900 sed
674 1862 756 1916 super
768 1846 872 1901 animas
886 1854 997 1916 propter
1016 1861 1083 1916 quas

279 1929 370 1985 abbas
384 1939 411 1986 et
422 1931 521 1988 dicitur
534 1941 561 1988 et
575 1934 754 2003 constituitur,
770 1950 849 1991 nemo
878 1943 966 2006 potest
989 1951 1083 2006 quem·

279 2035 365 2088 quam
382 2019 554 2089 constituere,
570 2023 621 2077 nisi
636 2023 735 2094 quibus
744 2025 817 2079 Deus
831 2024 907 2079 dedit
919 2031 1081 2094 potestatem

280 2104 388 2179 ligandi
404 2115 485 2179 atque
496 2109 630 2165 solvendi.
645 2113 676 2166 ln
691 2127 751 2168 meo
766 2112 883 2182 primatu
898 2120 924 2168 et
948 2111 1083 2182 archiepi-

279 2203 398 2266 scopatu
412 2204 452 2252 est
466 2197 515 2253 illa
529 2199 660 2269 Ecclesia,
685 2209 711 2256 et
733 2201 843 2272 proprie
862 2201 996 2272 pertinent
1024 2201 1083 2270 ejus

279 2286 502 2342 consecrationes
521 2287 557 2342 ad
571 2288 804 2360 archiepiscopum
819 2290 980 2358 cantuarie,
1001 2305 1082 2362 quem

279 2389 324 2428 me
339 2389 468 2430 essenon
483 2375 623 2450 ignoratis.
630 2377 706 2432 Nihil
720 2378 803 2450 igitur
817 2393 910 2434 eorum
925 2395 985 2449 quae
995 2379 1083 2433 adme

279 2463 420 2532 pertinent
434 2462 515 2519 alicui
530 2474 648 2520 vestrum
664 2483 782 2538 unquam
802 2467 920 2523 concessi
943 2475 988 2522 aut
1020 2483 1083 2523 con·

280 2551 369 2612 cedo;
386 2550 442 2608 imo
457 2567 506 2609 oro
521 2554 608 2609 Deum
622 2563 649 2612 et
663 2555 791 2625 conabor,
800 2564 928 2628 quantum
937 2556 1083 2626 adjuvante

281 2639 339 2694 Deo
352 2647 461 2710 potero,
477 2650 507 2697 ut
523 2643 593 2698 Deus
604 2653 742 2701 convertat
756 2661 803 2702 cor
817 2645 919 2701 domini
940 2644 993 2700 mei
1011 2661 1084 2716 regrs

282 2729 380 2784 adhoc
395 2731 469 2800 quod
484 2731 639 2802 Dcomaqis
647 2733 776 2805 placet‚et
790 2733 888 2790 animae
899 2733 1081 2806 ejusexpedit;

281 2825 307 2870 et
323 2817 408 2873 faciet
421 2834 484 2874 eum
499 2821 635 2894 corripere
654 2822 801 2878 secundum
810 2824 976 2880 voluntatem
996 2838 1082 2889 suam,

282 2905 386 2976 siquid
403 2915 497 2964 contra
512 2925 572 2965 eam
599 2911 673 2967 facit.
690 2912 832 2968 Christiani
846 2913 910 2968 estis
925 2913 976 2968 sub
1004 2909 1083 2966 Chri·

281 2995 372 3050 stiana
385 2996 460 3068 lege,
476 3007 503 3054 et
516 2999 567 3054 sud
582 3002 731 3057 monastica
745 3002 914 3072 professione
929 3017 978 3056 vos
993 2999 1084 3055 vivero

279 3081 459 3153 profitemini.
476 3085 504 3143 Si
519 3094 611 3144 contra
623 3089 674 3144 lroc
688 3089 786 3157 facitis,
795 3105 845 3146 nec
857 3089 1021 3146 Christianos
1034 3103 1084 3142 nec

280 3173 436 3230 monachos
446 3191 496 3230 vos
510 3191 568 3232 esse
583 3187 675 3246 aperte
687 3177 748 3248 ipso
758 3194 840 3249 opere
860 3177 992 3234 fatemini.
1015 3176 1082 3232 Cer-

280 3261 418 3318 tissimum
433 3273 523 3320 autem
540 3274 579 3322 est
594 3266 693 3337 quiesi
709 3267 736 3322 in
750 3267 800 3324 hoc
811 3267 999 3338 perseveratis,
1020 3282 1083 3322 corr·

279 3354 319 3403 tra
343 3348 508 3419 praedictam
540 3351 736 3422 professionem
765 3351 863 3409 facitis.
879 3347 978 3409 ιιοιιιοΙ
1001 3352 1084 3427 igrtur

277 3452 341 3505 roa,
357 3446 386 3492 ut
402 3438 569 3495 Christianos
582 3449 608 3495 et
623 3442 779 3509 monachos,
796 3449 926 3512 quatenus
947 3458 996 3499 vos
1021 3442 1083 3513 plus

277 3526 457 3583 Deustimere
472 3544 553 3599 quarn
574 3529 711 3587 hominem
739 3530 895 3599 ostendatis,
924 3539 951 3586 et
973 3530 1009 3585 ab
1036 3531 1082 3585 in-

277 3622 373 3686 empta
394 3616 571 3687 perversitate
594 3626 747 3674 constanter
779 3618 921 3674 desistatis.
950 3617 1030 3688 Quod
1058 3622 1080 3675 si

277 3705 370 3777 magis
385 3704 524 3761 adversari
537 3707 594 3763 Deo
622 3706 703 3762 vultis
731 3722 813 3778 quam
838 3708 1002 3776 hominibus,
1028 3724 1080 3763 an-

276 3794 374 3851 nuntio
389 3794 469 3850 vobis
483 3795 546 3865 quia
561 3796 633 3851 Deus
654 3796 841 3852 adversabitur
864 3796 1007 3853 animabus
1032 3812 1080 3853 ve·

277 3885 351 3938 suis.
368 3884 443 3939 Deus
457 3884 500 3939 cui
516 3884 629 3941 dicitur:
648 3886 706 3942 fibi
720 3886 872 3943 derelictus
886 3890 928 3943 ert
951 3902 1076 3959 ponpam

276 3972 448 4047 orphanata
460 3974 519 4030 cris
528 3973 642 4047 adjutor
657 3974 744 4044 (Psal.
758 3976 852 4046 x,ll),
868 3974 927 4046 ipse
947 3974 1039 4030 videat
1053 3981 1079 4030 et

276 4064 423 4131 intueatur,
447 4064 469 4117 si
498 4078 566 4133 quas
593 4062 777 4120 tribulationes
804 4063 932 4119 fratribus
956 4063 1078 4136 ejusdem

278 4152 410 4208 Ecclesiae
425 4152 554 4223 deinceps
567 4152 694 4208 feceritis.

557 4258 727 4316 bristout
741 4259 801 4316 XV.

276 4372 1075 4417 sussurancaaasnurrnaoarcansstrsacrrrarrscormr.

312 4462 477 4523 luamus,
493 4456 624 4515 Ecclesiae
638 4457 844 4515 Cantuariensis
858 4473 966 4529 servus,
995 4474 1077 4515 reve-

277 4550 366 4607 rendo
382 4545 590 4619 archiepiscopo
606 4546 742 4603 Garunna
757 4546 935 4617 Eboracerrsi,
950 4547 1076 4604 salutem.

313 4638 393 4696 Sciat
402 4636 521 4695 charitas
535 4643 628 4693 restra
643 4636 706 4709 quia
720 4636 825 4693 litteras
839 4635 900 4691 illas
914 4652 983 4708 quas
1007 4653 1078 4710 que-

278 4735 348 4791 ritur·
362 4734 419 4807 legi
433 4739 461 4790 et
476 4733 630 4803 transcribi,
649 4749 702 4791 nec
720 4750 773 4807 eqo
784 4734 865 4791 alicui
894 4734 1012 4804 ostendi,
1027 4750 1079 4791 nec

1141 876 1204 923 runt
1217 871 1403 942 approbentur
1414 877 1527 948 judicio.

1406 973 1577 1034 lfPlSTOLh
1600 979 1675 1038 XVI.

1382 1085 1503 1128 ιιιιιιιιι
1516 1091 1553 1129 an
1565 1091 1692 1135 suanam

1175 1163 1336 1235 bassanus,
1348 1184 1443 1224 servus
1464 1173 1592 1230 Ecclesia
1615 1176 1827 1248 cantuariensis,
1860 1197 1933 1237 reve

1138 1253 1223 1310 rendo
1234 1255 1439 1329 archiepiscopo
1457 1259 1591 1319 Gaurano
1609 1265 1785 1337 Eboracensi,
1811 1270 1937 1327 salutern.

1175 1343 1263 1400 laetor
1276 1345 1412 1402 devestro
1426 1349 1497 1406 hono
1512 1359 1538 1406 et
1551 1352 1678 1426 religiose
1692 1358 1782 1414 studio
1793 1359 1867 1414 cirea
1884 1359 1927 1416 cle

1137 1433 1256 1488 ricorum
1284 1443 1435 1492 vestrorum
1470 1439 1668 1514 integritatem.
1699 1446 1740 1500 Ad
1755 1462 1788 1502 ea
1811 1464 1879 1504 vero
1899 1449 1934 1504 de

1137 1522 1236 1593 quihus
1256 1532 1346 1580 vestra
1368 1527 1513 1596 prudentia
1530 1539 1655 1587 nostmm
1683 1535 1750 1604 petit
1779 1536 1935 1592 consilium,

1136 1611 1291 1684 respondeo
1313 1613 1377 1684 quia
1404 1614 1439 1671 de
1466 1616 1501 1672 iis
1523 1620 1626 1690 quaein
1649 1622 1765 1678 concilio
1793 1632 1885 1680 nostm
1910 1633 1937 1682 et

1136 1701 1359 1772 coepiscopomrn
1369 1711 1526 1761 nostrorum
1540 1710 1678 1764 communi
1693 1726 1828 1767 consensu
1838 1720 1939 1770 statuta

1136 1796 1209 1856 sunt,
1236 1791 1305 1845 nihil
1327 1792 1504 1848 relaxandum
1526 1797 1648 1854 consulo.
1674 1798 1715 1854 De
1734 1799 1767 1854 iis
1790 1804 1880 1857 autem
1902 1802 1937 1860 de

1136 1879 1235 1949 quihus
1247 1880 1275 1933 in
1289 1881 1386 1937 eodem
1401 1883 1516 1940 concilio
1530 1901 1585 1941 non
1600 1888 1782 1957 tractavimus,
1794 1904 1849 1946 non
1864 1891 1935 1946 enim

1135 1966 1216 2021 simul
1237 1969 1329 2024 omnia
1357 1971 1510 2027 necessaria
1528 1975 1675 2045 potuimus,
1698 1984 1728 2032 ut
1751 1977 1785 2032 de
1800 1977 1936 2038 ablatione

1135 2055 1343 2124 prebendarum
1358 2067 1420 2114 aute
1433 2060 1506 2115 idem
1527 2063 1673 2118 concilium
1700 2065 1881 2135 venditarum,
1910 2077 1939 2124 et

1094 2126 1122 2188 Β
1137 2143 1171 2200 de
1186 2144 1459 2217 similibus,quuaiam
1474 2165 1529 2206 uon
1543 2152 1630 2207 solum
1646 2153 1935 2211 admeametvestram

1135 2249 1292 2304 personam,
1308 2243 1336 2292 et
1349 2236 1480 2293 ecclesias
1495 2248 1600 2295 nostras
1613 2242 1757 2310 pertinent,
1779 2244 1827 2298 sed
1852 2245 1934 2299 etiam

1136 2322 1170 2378 ad
1185 2322 1284 2379 multas
1295 2325 1424 2381 ecclesias
1437 2335 1464 2382 ct
1477 2343 1616 2399 personas,
1633 2337 1660 2385 et
1674 2331 1702 2385 in
1716 2332 1749 2387 iis
1779 2332 1857 2387 multi
1885 2333 1935 2388 dis

1135 2413 1263 2482 sentiunt,
1293 2415 1457 2470 conveniens
1479 2416 1548 2471 mihi
1573 2419 1682 2474 ridetur
1701 2429 1730 2475 ut
1755 2421 1783 2475 in
1812 2422 1936 2494 pmxima

1135 2502 1284 2558 Nativitate
1299 2503 1406 2559 borbini
1420 2512 1514 2560 nostro
1528 2513 1556 2562 et
1575 2507 1798 2581 coepiscopomm
1825 2517 1934 2566 nostro·

1062 2644 1067 2653 ,
1135 2607 1196 2646 rum
1215 2593 1350 2647 communi
1364 2593 1478 2649 consilio
1493 2595 1551 2650 Deo
1564 2596 1682 2652 dictante
1702 2599 1862 2654 sententiam
1880 2614 1934 2655 cer·

1136 2686 1193 2736 tam
1207 2687 1365 2736 statuamus.

1404 2751 1571 2810 ar1stots
1590 2755 1677 2810 xvu.

1191 2863 1315 2905 aucoms
1329 2862 1444 2906 ARMIS
1458 2865 1657 2908 moutacauats
1670 2868 1707 2908 Λι)
1720 2869 1878 2911 ANSELUUH.

1138 3009 1141 3014 ¹
1173 2947 1337 3002 Dulcissimo
1351 2963 1384 3003 ac
1399 2949 1559 3019 venerabili,
1576 2951 1672 3007 merito
1698 2953 1816 3010 amando
1844 2970 1932 3011 vene·

1137 3037 1277 3108 randoque
1293 3037 1366 3092 Patri
1391 3037 1502 3095 domino
1517 3041 1663 3109 lusanae,
1692 3050 1792 3098 sancta
1820 3045 1935 3103 cantua-

1137 3127 1235 3182 riensis
1246 3127 1376 3184 Ecclesia
1389 3142 1496 3184 summo
1507 3127 1638 3200 pontifrci,
1657 3130 1742 3186 frater
1755 3132 1835 3186 lluoo
1850 3133 1936 3188 abbas

1137 3215 1332 3284 Cluniacensis,
1362 3231 1425 3271 oum
1439 3232 1487 3273 suo
1501 3218 1602 3288 pusillo
1614 3235 1710 3292 grege,
1739 3221 1814 3292 quod
1834 3238 1929 3294 praepa

1032 3351 1037 3364 .
1136 3305 1207 3361 ravit
1220 3306 1293 3362 Deus
1302 3304 1479 3378 diligentibus
1492 3321 1523 3364 se
1536 3307 1565 3363 in
1574 3307 1696 3365 veritate.

1172 3393 1318 3464 Quoniam,
1333 3393 1376 3451 vir
1389 3396 1566 3467 sanctissime,
1587 3397 1697 3455 difficile
1711 3405 1751 3455 est
1764 3407 1858 3471 optata
1884 3417 1935 3459 nos
1949 3368 1952 3377 Ι

1096 3483 1122 3548 G
1136 3482 1302 3539 adinvicem
1316 3484 1407 3539 satiari
1421 3486 1575 3555 praesentia,
1590 3486 1636 3542 vel
1650 3495 1742 3543 mutua
1756 3497 1783 3544 ct
1802 3488 1934 3560 frequenti

1135 3571 1282 3628 collatione
1308 3573 1392 3628 corda
1410 3581 1502 3629 nostra
1525 3575 1667 3644 delectari,
1696 3576 1799 3633 bonum
1822 3578 1937 3634 arbitra·

1133 3676 1206 3729 mur,
1226 3660 1247 3715 si
1275 3661 1371 3717 saltem
1399 3661 1506 3717 litterali
1530 3662 1684 3719 visitatione
1706 3664 1813 3720 animos
1826 3673 1933 3723 nostros

1133 3766 1184 3821 pro
1207 3757 1329 3820 tempore
1349 3766 1502 3822 pascamus.
1527 3748 1594 3821 Quis
1611 3752 1682 3807 enim
1706 3760 1760 3808 tam
1781 3754 1932 3826 gloriosum

1134 3846 1244 3912 tamque
1253 3839 1424 3911 spiritualem
1438 3838 1542 3895 habens
1554 3840 1582 3894 in
1598 3840 1704 3898 Christo
1722 3842 1851 3912 amicum,
1868 3858 1932 3914 qua·

1134 3933 1188 3989 lem
1204 3946 1254 3987 vos
1269 3928 1360 3985 divina
1373 3928 1454 3985 nobis
1459 3929 1592 3985 concessit
1605 3930 1759 4002 gratia,non
1766 3932 1932 3989 omnimodis

1133 4028 1209 4095 optet
1236 4018 1417 4076 saluberrima
1445 4018 1519 4073 illius
1546 4019 1736 4077 recordatione
1762 4022 1878 4079 recreari
1904 4030 1932 4078 et

1132 4108 1247 4167 relevari
1259 4116 1353 4164 sancta
1376 4107 1582 4165 renuntiatione.
1613 4109 1688 4165 Prius
1713 4110 1824 4181 quidem
1847 4127 1930 4183 quam

1133 4200 1233 4257 faciam
1260 4205 1377 4254 vestram
1402 4197 1566 4267 videremus,
1590 4198 1638 4255 ille
1664 4200 1839 4255 suavissimus
1861 4200 1931 4256 odor

1132 4289 1211 4346 honre
1225 4288 1317 4355 famae,
1332 4302 1411 4342 aures
1424 4295 1535 4343 nostras
1555 4287 1743 4355 reverberans,
1755 4290 1813 4360 jam
1840 4289 1929 4345 dulce

1132 4378 1196 4434 dine
1209 4392 1257 4432 sua
1270 4382 1392 4432 nostmm
1404 4375 1558 4431 interiorem
1569 4376 1707 4432 hominem
1722 4377 1924 4450 impinguabat.

1132 4468 1171 4523 Αι
1184 4473 1329 4538 postquam
1343 4470 1463 4521 vestram
1477 4463 1592 4519 hilarem
1617 4465 1789 4535 presentiam
1817 4481 1928 4522 cernere

1131 4558 1189 4615 Deo
1204 4555 1312 4612 volente
1322 4552 1478 4618 meruimus,
1493 4568 1548 4608 non
1563 4560 1602 4608 est
1619 4552 1700 4610 facile
1722 4554 1795 4609 dictu
1813 4554 1928 4624 qualiter

1132 4654 1205 4705 totus
1215 4644 1296 4701 robis
1309 4641 1632 4713 adhesimusvastroque
1646 4641 1720 4697 cordi
1734 4642 1809 4712 quasi
1818 4649 1927 4713 partem

1132 4734 1217 4791 nostri
1231 4732 1375 4789 univimus.
1387 4732 1488 4788 Verum
1506 4745 1560 4786 non
1573 4731 1633 4787 haec
1658 4735 1752 4788 nostra
1778 4738 1849 4799 sunt,
1879 4730 1929 4787 sed

278 4824 340 4881 dedi
356 4823 401 4880 vel
415 4823 488 4891 misi,
502 4838 553 4881 nec
567 4822 664 4895 aliquis
678 4838 727 4895 per
740 4839 853 4892 nre,uec
866 4822 924 4880 scio
938 4824 1076 4896 quomodo
1091 4836 1117 4899 1)
1134 4824 1208 4880 illius
1222 4822 1267 4893 qui
1280 4821 1366 4892 spirat
1376 4820 1423 4875 ubi
1442 4818 1506 4886 vult
1528 4820 1620 4890 (loon.
1636 4834 1678 4889 ru,
1689 4819 1726 4890 8).
1756 4820 1812 4891 lpsi
1824 4820 1928 4892 gratias

277 4912 380 4970 factum
394 4912 431 4969 sit
444 4912 519 4983 quod
529 4912 627 4983 aliquis
642 4928 688 4969 eas
701 4916 731 4967 ut
756 4912 1000 4969 transcriberentur
1026 4914 1074 4969 ha·
1129 4914 1248 4989 agimus,
1264 4910 1355 4981 ipsum
1368 4924 1515 4966 exoramus
1527 4916 1558 4965 ut
1582 4924 1651 4979 quos
1662 4907 1701 4964 ita
1713 4908 1806 4980 junxit
1830 4909 1858 4965 in
1877 4910 1929 4965 bac

276 5002 354 5065 hnit;
370 5010 474 5057 etcum
489 5002 541 5058 boc
555 5000 609 5075 legi
624 5001 652 5057 iu
667 5000 762 5057 litteris
776 5000 874 5058 vestris
887 5002 988 5057 factum
1003 5015 1075 5067 esse,
1130 5004 1197 5069 rita,
1212 5016 1267 5057 uon
1281 4995 1420 5070 permittat
1432 4997 1553 5069 separari
1572 4998 1601 5052 in
1627 4996 1730 5054 coelesti
1746 4997 1844 5070 gloria.
1869 4999 1932 5054 l’er·

277 5092 346 5147 mihi
361 5089 514 5163 displicuit.
532 5090 564 5146 ιιι
578 5090 703 5161 quamvis
717 5096 809 5145 restra
833 5090 983 5161 prudentia
1010 5090 1079 5145 nihil
1131 5091 1278 5165 pendimus
1296 5087 1362 5145 satis
1383 5104 1434 5145 vos
1457 5087 1556 5144 multas
1576 5096 1604 5147 et
1626 5104 1726 5161 mares
1745 5098 1891 5163 postquam
1914 5105 1932 5144 a

278 5179 524 5252 suspicaturdame
533 5179 845 5251 quoddedeceat,meum
855 5178 1083 5237 tamenestconfi·
1132 5182 1212 5238 nobis
1226 5178 1387 5235 discessistis
1403 5176 1545 5250 pertulisse
1558 5177 1720 5235 anxietates.
1735 5178 1771 5234 ιιι
1784 5178 1808 5233 ιι
1835 5178 1935 5238 voluu-

279 5270 329 5327 leri
342 5277 371 5326 et
384 5268 589 5341 asserere,quia
599 5283 654 5324 nou
665 5284 728 5325 amo
742 5267 934 5325 contumeliam
944 5277 1077 5337 vestram,
1134 5278 1175 5326 tas
1187 5275 1259 5325 esset
1271 5266 1369 5323 summi
1384 5265 1562 5338 dispositoris,
1577 5266 1679 5323 scimus
1697 5283 1748 5323 vos
1762 5266 1936 5325 desiderasse

279 5368 327 5415 aut
350 5358 468 5429 alicujus
490 5356 720 5429 coepiscoporum
743 5372 877 5423 meorum,
901 5372 952 5414 nec
969 5373 1080 5430 quoquo
1135 5358 1221 5414 multo
1245 5356 1335 5427 magis
1351 5370 1414 5411 cum
1429 5354 1514 5411 baria
1540 5355 1636 5411 sedere
1649 5356 1685 5411 ad
1708 5356 1795 5427 pedes
1823 5354 1935 5413 Domini

278 5448 426 5505 madores
443 5445 589 5503 schabest
614 5446 649 5501 ds
672 5444 768 5502 litteris
785 5444 850 5516 illis,
873 5445 1011 5503 mendacit
1034 5462 1082 5503 vos
1135 5447 1215 5519 (tac.
1230 5461 1257 5513 x,
1274 5446 1318 5516 ιι)
1330 5443 1442 5517 ejusque
1454 5445 1559 5500 vultum
1572 5444 1845 5515 contemplari,quam
1855 5444 1934 5501 labo·

282 5535 442 5609 arguendos
456 5534 599 5592 existimo.
615 5534 683 5591 Cum
698 5542 792 5591 autern
807 5535 905 5608 loquar
913 5535 1001 5603 vohis,
1018 5552 1081 5591 curu
1135 5552 1198 5594 rare
1211 5533 1391 5589 ministrando
1418 5548 1480 5589 cum
1506 5532 1613 5589 lluuha
1637 5534 1728 5605 (tata,
1743 5536 1800 5605 ιι).
1824 5534 1935 5591 Verum·

281 5625 305 5681 si
321 5624 386 5697 quid
401 5624 525 5681 rescribo
538 5638 593 5680 uon
621 5622 729 5689 sufficit,
753 5623 814 5681 riva
836 5640 905 5679 voce
926 5639 1009 5695 spero
1037 5640 1081 5682 ma
1136 5634 1227 5681 tamen
1241 5622 1305 5694 quia
1318 5621 1564 5692 potestasbominis
1578 5636 1634 5679 non
1649 5623 1732 5678 estin
1746 5622 1934 5693 manuipsius,

282 5713 484 5771 satisfactnmm
498 5712 639 5785 esse,qnia
653 5728 704 5768 nec
717 5727 771 5784 eqo
785 5712 814 5767 in
828 5711 880 5768 hae
893 5728 925 5769 rs
939 5712 1083 5785 culpabilis
1137 5714 1200 5769 date
1213 5728 1325 5767 manum
1340 5710 1473 5768 voluntati
1487 5711 1571 5781 illius,
1586 5712 1629 5767 cui
1643 5720 1685 5769 est
1698 5727 1763 5767 cura
1787 5712 1822 5768 de
1845 5712 1943 5782 robis,

280 5820 354 5874 snm,
370 5818 450 5859 noca
466 5800 564 5874 legatis
578 5798 778 5871 nostrisaliqua
788 5799 908 5857 immissa
922 5808 962 5857 est
968 5800 1081 5858 falsitas.
1137 5802 1238 5873 quique
1251 5801 1311 5857 luce
1325 5800 1426 5857 clarius
1440 5800 1516 5857 novit
1544 5799 1608 5871 quid
1621 5800 1657 5855 sit
1682 5800 1761 5858 vobis
1788 5800 1934 5857 salubrius.

282 5890 524 5965 Capitulaconcilii
533 5888 703 5947 solummodo
711 5888 798 5958 mitto,
810 5888 875 5961 quia
888 5891 1083 5946 sententiarum
1138 5892 1169 5948 ln
1183 5906 1216 5947 eo
1231 5898 1315 5947 totam
1329 5906 1407 5962 spem
1421 5898 1538 5945 vestram
1554 5890 1686 5960 reponite,
1703 5889 1738 5945 ab
1765 5889 1825 5961 ipso
1848 5889 1936 5945 virtu-

284 5998 378 6041 eomm
396 5978 589 6055 expositiones
602 5978 671 6036 nulli
692 5977 755 6035 volo
779 5977 970 6049 transcribere,
997 5979 1084 6037 donec
1141 5988 1196 6039 tem
1211 5987 1239 6037 et
1253 5976 1483 6055 perseverantiam
1500 5976 1752 6051 quaeriteqnantum
1767 5976 1825 6032 lieri
1838 5984 1937 6047 potest,
