4750 6725
334 618 384 673 ror
1114 612 1205 671 vrri.
1940 636 1992 691 „8

333 749 362 795 et
377 740 416 796 sic
430 755 516 811 aeger,
528 739 632 795 viribus
645 747 674 796 et
689 757 757 797 roce
771 740 909 813 paulisper
922 742 1059 811 mstitntis,
1076 742 1179 805 cul-A
1195 740 1394 813 frequentiora3
1413 745 1511 817 quibus
1531 747 1623 803 taman'
1637 758 1690 805 tam
1709 760 1818 809 cautum
1834 772 1863 811 se
1877 758 1992 815 exhibe·
2068 820 2070 825 ,

333 843 395 898 pam
422 827 575 895 condetur,
596 828 774 887 temeritatem
802 837 921 899 accusat,
949 830 1058 886 reniam
1084 830 1136 884 im·
1189 830 1235 885 bat
1250 838 1279 885 ut
1293 846 1402 904 semper
1417 834 1518 891 sanetis
1534 835 1670 906 imputare
1685 840 1817 911 quidquid
1829 859 1863 900 eo
1877 845 1992 903 admini-

333 917 424 989 plorat
438 921 467 972 et
480 916 594 984 obtinet,
610 923 638 971 et
650 917 692 974 sic
712 918 823 973 demum
844 918 881 974 eb
900 918 1073 975 incommodo
1087 919 1136 975 illo
1189 926 1292 977 strante
1307 921 1447 991 sospitetis
1462 939 1478 977 a
1492 924 1549 979 Deo
1565 925 1645 980 alicui
1657 912 1871 998 impenderetur.

335 1005 514 1062 θθῦνὸῑθθθὶῑ·
1225 1007 1272 1061 11.
1292 1008 1357 1065 item
1380 1009 1525 1082 aliquando
1554 1012 1703 1069 Valentiam
1724 1014 1821 1075 Galliae
1835 1019 1990 1091 intraturus,

369 1094 399 1148 8.
413 1094 487 1148 alter
500 1108 567 1148 vcro
587 1109 650 1148 rum
669 1094 706 1149 ab
728 1094 783 1150 boc
805 1094 908 1151 saeculo
930 1095 1084 1170 migrasset,
1108 1102 1137 1152 et
1190 1093 1299 1149 obviam
1327 1096 1410 1153 babet
1432 1114 1586 1169 pauperum
1608 1101 1820 1174 multitudinem,
1837 1124 1897 1177 quae
1921 1112 1993 1167 alec·

335 1181 394 1251 ejus
413 1197 512 1251 corpus
534 1182 563 1235 in
576 1180 698 1237 oratorio
717 1182 888 1238 cluniacensi
910 1184 1078 1240 inhumatum
1099 1200 1136 1241 ex
1189 1197 1361 1253 mosynama
1381 1192 1435 1240 tam
1451 1186 1556 1244 famoso
1571 1205 1621 1259 per
1634 1191 1728 1247 orbem
1744 1193 1932 1263 dispensatore
1947 1214 1993 1255 ex-

335 1285 411 1326 more
431 1273 596 1339 servaretur,
612 1270 719 1327 duobus
734 1271 861 1327 lmtribus
879 1271 942 1343 ipsa
966 1273 1135 1329 dormitionis
1189 1270 1309 1340 petebat.
1328 1272 1410 1329 tuber
1434 1290 1577 1331 oeconomo
1602 1294 1651 1333 suo
1674 1280 1822 1349 iammoni,
1845 1282 1920 1339 tratri
1942 1301 1992 1358 per

334 1376 392 1414 sum
413 1367 491 1416 nocte
513 1358 657 1429 apparuit;
682 1358 782 1430 quibus
803 1360 908 1415 crimen
933 1360 1047 1417 duorum
1069 1361 1136 1417 soli·
1189 1358 1283 1415 omnia
1298 1361 1498 1430 strenuissimo,
1515 1365 1646 1434 impertiri
1666 1382 1742 1423 more
1765 1369 1846 1427 solito
1871 1388 1920 1443 per
1934 1388 1993 1428 cm·
2036 1365 2038 1376 ’

334 1446 444 1515 dorum,
460 1462 529 1518 quos
551 1447 611 1503 sine
630 1446 740 1502 licentia
762 1447 872 1503 cuidam
887 1449 990 1505 bomini
1005 1450 1133 1516 dedisset,
1189 1462 1253 1502 nem
1269 1448 1375 1503 turbam
1395 1459 1556 1522 argenteos;
1574 1461 1601 1508 at
1623 1452 1669 1509 illo
1693 1466 1763 1527 post,
1790 1458 1875 1515 ferme
1897 1461 1992 1517 decem

334 1535 524 1602 confitebatur,
540 1539 569 1591 et
591 1534 656 1606 quia
673 1534 735 1591 sine
755 1536 930 1593 confessione
951 1537 1031 1605 buius
1045 1546 1137 1593 reatus
1189 1534 1291 1592 solidos
1305 1552 1360 1592 nco
1375 1538 1426 1593 sibi
1446 1540 1620 1609 remansisse,
1641 1542 1752 1615 reliquis
1766 1546 1794 1600 in
1813 1563 1882 1617 opus
1902 1549 1993 1607 simile

334 1624 457 1690 ῡδῑῖδδθῑι
471 1640 487 1678 ³
500 1627 597 1679 ⁸⁸110¹0
612 1624 688 1678 [²³th
706 1624 906 1680 obsolutionem
930 1625 1070 1696 poscebat,
1087 1642 1135 1681 an·
1190 1624 1370 1695 consumptis,
1386 1635 1412 1682 et
1422 1627 1472 1683 bos
1486 1628 1546 1683 fore
1560 1628 1588 1683 in
1603 1628 1699 1700 majori
1711 1632 1821 1688 forsitan
1831 1638 1993 1695 necessitate

333 1721 439 1786 tequam
467 1711 616 1782 sepulturae
643 1710 806 1769 traderetur.
824 1715 905 1769 Mane
932 1723 1022 1770 autern
1051 1715 1134 1783 lacto,
1190 1712 1340 1769 servandos
1350 1712 1480 1770 affirmat.
1509 1717 1610 1785 «Noli,
1625 1716 1721 1791 inquit,
1737 1722 1883 1793 trepidare,
1896 1726 1991 1795 irater,

332 1801 465 1857 visionem
480 1800 555 1870 quasi
569 1816 624 1855 uno
638 1814 686 1855 cre
699 1800 779 1855 ambo
794 1815 887 1857 coram
911 1802 986 1857 omni
1000 1811 1135 1859 conventu
1189 1798 1278 1855 fidelis
1299 1809 1340 1857 est
1368 1802 1450 1869 Dens,
1473 1812 1499 1859 et
1524 1804 1629 1861 conlido
1651 1807 1723 1877 quia,
1754 1809 1813 1865 istis
1831 1811 1992 1881 distributis,

332 1889 415 1945 beato
438 1888 496 1945 viro
519 1896 717 1958 exposuerunt.
737 1889 813 1945 Tunc
827 1890 966 1960 requisita,
983 1907 1064 1961 quam
1087 1893 1136 1948 de·
1188 1887 1278 1944 bonus
1292 1898 1483 1947 remunerator
1503 1900 1595 1948 noster
1618 1894 1696 1951 lesus
1717 1896 1784 1952 setis
1806 1896 1923 1955 fideliter
1943 1918 1992 1957 rc-

333 1977 442 2033 lunctus
467 1977 656 2033 nominaverat
677 1991 809 2046 persona,
824 1977 976 2033 secundum
998 1996 1135 2049 praemon·
1189 1977 1378 2047 compensabit
1401 1978 1429 2033 in
1451 1981 1590 2049 praesenti,
1606 1981 1627 2036 si
1652 1982 1761 2039 datores
1785 1986 1885 2043 hilares
1906 1988 1993 2044 lueri-

333 2073 445 2121 stratam
460 2065 595 2121 visionem
609 2072 718 2136 reperta
738 2080 783 2121 res
801 2073 853 2122 est.
873 2066 935 2123 llox
953 2066 1055 2124 indicta
1070 2084 1136 2125 cun·
1149 2093 1176 2155 B
1191 2080 1264 2119 mus.
1286 2086 1297 2115 n
1324 2064 1500 2137 complentur
1519 2068 1598 2138 jussa
1621 2070 1718 2138 Patris,
1741 2076 1769 2127 et
1792 2081 1936 2146 antequam
1958 2077 1994 2133 ad

332 2155 385 2210 ctis
410 2168 460 2225 pro
487 2154 571 2209 fratre
598 2152 770 2222 poenitentia,
806 2153 984 2221 orationibus,
1010 2156 1135 2227 psalmis,
1191 2152 1328 2209 civitatem
1348 2154 1493 2221 veniretur,
1514 2171 1577 2212 ecce
1598 2158 1709 2227 quidam
1728 2160 1762 2215 de
1787 2161 1896 2219 civitate
1917 2164 1994 2219 obtu-

333 2242 515 2314 eleamosynis
527 2251 609 2313 atque
623 2240 715 2297 missis
728 2241 875 2311 adjunctis,
890 2243 1026 2300 absolutio
1044 2253 1139 2301 secuta
1191 2239 1223 2295 lit
1237 2240 1260 2295 ei
1276 2258 1381 2310 nomm,
1401 2243 1474 2313 quod
1489 2243 1638 2301 solidorum
1653 2247 1769 2318 pretium
1794 2248 1885 2306 decies
1910 2267 1990 2309 cace-

336 2339 389 2387 est.
401 2331 447 2387 Sic
461 2331 601 2399 nimirum,
616 2331 725 2387 aionon
738 2330 829 2387 solum
844 2331 871 2385 in
887 2332 974 2399 terris,
991 2332 1137 2389 sedetiam
1191 2329 1283 2385 debat.
1317 2332 1391 2387 Tunc
1424 2346 1569 2388 conversus
1601 2334 1635 2389 ad
1663 2336 1826 2405 praedictum
1860 2339 1992 2396 fratrem:

334 2420 363 2475 in
381 2420 459 2477 coelis
481 2419 550 2477 fides
573 2418 637 2489 ejus
650 2419 788 2486 virtutem,
802 2418 887 2475 virtus
899 2428 1074 2491 potestatem,
1089 2438 1138 2492 po
1193 2438 1204 2465 ι
1226 2418 1336 2488 Accipe,
1352 2418 1452 2491 inquit,
1480 2428 1508 2477 et
1533 2437 1566 2477 ne
1594 2421 1664 2477 ultra
1685 2423 1720 2479 de
1739 2423 1812 2480 bono
1836 2425 1991 2485 feneratore

335 2516 419 2565 testas
427 2507 555 2580 gloriam,
571 2506 660 2580 gloria
673 2507 719 2564 bic
733 2505 992 2576 humilitatem,illio
1006 2524 1137 2567 coronam
1191 2502 1311 2561 diffidas.
1330 2529 1341 2555 n
1359 2506 1510 2580 Singularis
1524 2508 1551 2563 in
1565 2510 1651 2565 Deum
1673 2509 1777 2567 iiduciae
1792 2512 1834 2569 vir
1849 2513 1910 2583 iste,
1928 2529 1994 2587 quo

338 2597 367 2651 in
381 2597 442 2653 dies
453 2596 585 2669 patiebat.
1192 2594 1243 2649 ties
1258 2610 1292 2649 ex
1306 2610 1408 2667 magna
1422 2604 1449 2651 et
1463 2596 1624 2653 intolerabili
1639 2600 1752 2669 penuria
1775 2617 1806 2657 se
1827 2605 1853 2659 et
1868 2602 1990 2673 domum,

370 2690 396 2740 9.
412 2684 539 2753 Quodam
554 2683 637 2741 etiem
660 2693 791 2754 tempore,
808 2684 873 2741 dum
887 2685 940 2743 iter
955 2702 1005 2758 per
1017 2687 1138 2743 Wasco·
1192 2680 1236 2739 oui
1247 2691 1374 2753 praerat,
1390 2682 1454 2753 lide,
1471 2700 1525 2755 qna
1546 2693 1617 2741 totus
1639 2687 1667 2742 in
1691 2688 1749 2745 Deo
1770 2696 1837 2759 erat,
1853 2691 1989 2763 liberavit,

335 2772 392 2828 niae
409 2782 500 2844 partes
517 2781 622 2847 ageret,
637 2772 783 2829 comitante
801 2789 896 2829 secum
927 2775 1054 2831 Hnnaldo
1069 2776 1136 2845 (86),
1193 2784 1356 2827 enumerare
1369 2772 1531 2845 perlongum
1547 2782 1597 2830 est.

336 2861 552 2932 prudentissimo
565 2861 625 2919 viro
639 2868 719 2931 atque
741 2876 789 2917 sno
812 2862 958 2929 monacbo,
974 2877 1030 2918 non
1043 2863 1138 2933 procul
1228 2862 1272 2915 lt.
1294 2858 1349 2915 Sed
1377 2860 1450 2931 quod
1478 2860 1564 2917 beatis
1592 2864 1721 2934 apostolis
1749 2866 1827 2923 Petro
1855 2876 1882 2923 et
1909 2870 1992 2943 Paulo

334 2950 414 3007 avia
426 2949 717 3022 prospexitqnandam
736 2949 836 3007 cellam
849 2950 878 3005 in
892 2965 948 3022 qua
960 2950 1004 3006 vir
1017 2951 1138 3021 quidam,
1192 2948 1312 3018 scripsit,
1328 2964 1412 3005 unum
1428 2948 1462 3005 de
1477 2950 1568 3006 multis
1584 2951 1702 3009 sufficiet
1721 2954 1839 3011 breviter
1856 2964 1991 3015 retexere.

333 3037 436 3095 nobilis
458 3039 570 3110 quidem
593 3054 704 3111 genere,
719 3038 767 3094 sed
790 3038 865 3109 lepra
885 3054 1041 3109 percussus,
1055 3039 1139 3113 dege.
1192 3034 1317 3105 Quadam
1331 3035 1402 3104 vice,
1419 3046 1533 3109 urgente
1556 3039 1658 3109 inopie,
1674 3040 1787 3097 missae
1809 3043 1937 3101 iratribus
1958 3046 1994 3101 ad

336 3126 405 3191 bat;
422 3127 500 3196 cujus
515 3142 605 3183 mores
618 3142 679 3183 com
697 3126 851 3197 inquisisset
864 3135 891 3182 et
904 3126 1063 3198 patientiam
1077 3128 1138 3197 ejus
1191 3139 1252 3179 eum
1268 3124 1367 3196 legatio
1382 3134 1422 3181 ost
1436 3126 1505 3195 (erat
1519 3127 1592 3183 enim
1609 3130 1834 3187 tnncliaroiniaoi
1845 3132 1902 3203 (87)
1918 3149 1994 3189 oran-

337 3215 479 3286 imbibim
513 3216 683 3289 ⁸tt⁰0li⁵⁸ei2
701 3214 745 3272 vir
770 3215 870 3287 insigni
889 3215 989 3287 pietate
1016 3217 1051 3271 ed
1074 3232 1138 3273 eum
1189 3212 1270 3281 tibus,
1286 3212 1357 3269 utin
1376 3220 1450 3269 tanta
1463 3214 1624 3271 amessitate
1638 3216 1678 3272 eis
1691 3217 1851 3275 consuleret.
1867 3221 1987 3277 Conver-

309 3304 501 3362 ,visitandum
521 3303 641 3373 divertit,
674 3311 704 3359 et
733 3320 784 3375 per
812 3303 1007 3362 consolationis
1024 3304 1136 3361 umbem
1189 3300 1255 3357 titur
1269 3316 1336 3375 ergo
1350 3302 1386 3357 ad
1398 3302 1534 3375 singulare
1552 3303 1736 3374 presidium3
1753 3307 1833 3363 mittit
1858 3310 1988 3380 apostolis

335 3393 477 3450 charitatis
504 3394 626 3451 osticium
659 3393 821 3464 adimplens,
860 3399 963 3452 restem
992 3394 1138 3464 pelliceam
1191 3389 1345 3461 epistolam,
1361 3406 1462 3463 rogans
1477 3399 1502 3448 et
1521 3392 1668 3449 obsecrans
1681 3403 1710 3450 ut
1724 3410 1864 3452 servornm
1879 3413 1990 3452 suorum

336 3482 420 3551 exuit,
433 3489 461 3538 et
474 3497 537 3539 cum
549 3483 654 3553 aliquot
668 3482 804 3556 argenteis
817 3481 925 3538 infirmo
939 3481 1059 3538 donavit.
1076 3481 1137 3550 Quo
1189 3477 1399 3546 misererentur;
1410 3487 1437 3534 et
1450 3479 1496 3551 qui
1511 3487 1624 3536 eatenus
1643 3481 1732 3538 locum
1752 3483 1828 3538 illurn
1848 3484 1988 3550 rexissent,

332 3569 457 3642 &mesen
469 3585 553 3643 eger,
568 3570 615 3626 ubi
629 3577 734 3626 restem
748 3568 845 3638 induit,
859 3584 878 3624 a
899 3569 982 3641 plaga
999 3568 1082 3640 leprae
1105 3584 1136 3625 se
1189 3566 1261 3620 etde
1275 3581 1361 3635 parvo
1375 3565 1403 3621 in
1422 3581 1552 3638 magnum
1572 3568 1769 3637 provexissent,
1785 3585 1857 3626 nunc
1881 3587 1991 3644 quoque

332 3666 454 3714 curatum
466 3659 591 3729 protinus
605 3659 727 3731 agnovit.
1189 3653 1224 3708 ab
1248 3653 1290 3707 bis
1313 3652 1444 3725 angustiis
1471 3669 1534 3708 eum
1561 3655 1707 3727 eriperent,
1742 3672 1792 3713 nec
1820 3658 1854 3713 ad
1880 3667 1992 3730 peccata

370 3747 413 3802 10.
429 3748 534 3804 Rursus
552 3747 624 3803 idem
638 3747 681 3804 rir
703 3746 907 3811 sancdssimns,
922 3744 1042 3801 Parisios
1063 3744 1135 3801 lorte
1189 3740 1258 3810 ejus,
1274 3741 1321 3797 sed
1336 3741 1371 3794 ed
1389 3740 1578 3797 miserationes
1601 3757 1665 3800 suas
1688 3744 1795 3815 multas,
1811 3747 1990 3817 respicerent.

334 3835 490 3903 advenerat,
516 3843 544 3892 et
565 3837 595 3890 Β.
620 3833 771 3892 Genoreiae
801 3831 956 3901 ecclesiam,
972 3849 1033 3905 quae
1060 3839 1137 3889 eaba
1187 3827 1318 3885 Defertur
1342 3829 1434 3900 itaque
1457 3836 1519 3885 ante
1541 3830 1661 3902 ipsorum
1687 3833 1774 3889 altare
1796 3834 1897 3908 legatio
1911 3835 1987 3894 fidei.

333 3924 511 3981 murosurbis
524 3924 578 3980 sita
592 3932 644 3991 est,
656 3931 712 3979 tum
728 3937 777 3994 pro
791 3920 937 3978 devotione
957 3919 1134 3977 sacratissimi
1188 3916 1261 3987 Quid
1288 3917 1395 3974 multa‘l
1424 3919 1510 3974 Tanta
1538 3934 1593 3976 non
1620 3919 1711 3976 multis
1739 3921 1857 3978 evolutis
1884 3923 1991 3996 diebus,

334 4013 457 4083 corporis
484 4014 554 4084 ejus,
579 4021 636 4072 turn
662 4028 713 4084 pro
740 4009 914 4067 veneratione
946 4009 1135 4080 apostolorum
1192 4021 1282 4061 renim
1307 4006 1387 4076 copia
1409 4007 1576 4077 supervenit,
1591 4015 1620 4064 ut
1638 4025 1693 4064 non
1714 4010 1804 4066 solum
1827 4010 1899 4067 illius
1920 4016 1994 4071 tem-

335 4100 564 4174 principis,cu1'us
578 4101 617 4156 ibi
632 4101 743 4172 planeta
756 4115 817 4156 esse
831 4096 1140 4170 creditur,pioreligio·
1193 4094 1279 4165 poris,
1295 4096 1344 4151 sed
1358 4103 1385 4152 et
1406 4095 1487 4152 totius
1507 4095 1572 4152 enni
1594 4097 1697 4154 levaret
1720 4099 1851 4170 inopiam.
1876 4101 1912 4157 Et
1932 4101 1996 4174 quia

334 4190 377 4245 nis
401 4191 474 4247 culta
496 4189 669 4254 visitaveram
686 4205 743 4261 qno
766 4197 830 4244 tunc
850 4185 959 4257 quidam
983 4187 1073 4255 miles,
1092 4201 1139 4242 no
1194 4183 1335 4239 occasione
1352 4199 1383 4240 se
1407 4183 1545 4255 prebente
1565 4184 1599 4240 de
1621 4185 1709 4241 beatis
1733 4187 1863 4258 apostolis
1883 4188 1996 4246 lecimus

338 4277 412 4334 mine
426 4278 582 4350 lietbertus,
598 4276 646 4352 qui
659 4295 695 4336 ex
708 4279 793 4351 plaga
808 4277 878 4334 iotns
887 4273 980 4332 bellici
992 4273 1138 4346 paralysim
1193 4271 1369 4341 mentionem,
1399 4271 1513 4343 dignum
1541 4277 1582 4327 est
1596 4273 1700 4330 referre
1728 4275 1844 4347 qualiter
1870 4292 1921 4347 per
1948 4293 1995 4332 eos

334 4365 493 4437 insument,
514 4369 643 4426 clientum
661 4367 787 4423 manibus
808 4364 951 4430 advectus,
969 4363 1094 4434 rogabat,
1110 4371 1141 4419 ut
1193 4355 1229 4411 de
1254 4369 1331 4412 norae
1359 4355 1478 4412 basilicae
1499 4355 1655 4413 fundatione
1676 4357 1831 4430 virbeatus
1846 4359 1994 4416 commoni·

334 4470 387 4527 pro
403 4455 585 4526 ipsiussaluto
598 4456 717 4512 Domino
731 4453 905 4527 supplicaret.
926 4451 984 4519 lile,
1000 4460 1140 4521 assumpta
1193 4446 1237 4498 tus
1250 4445 1293 4500 sit.

337 4542 490 4612 apostolica
502 4543 599 4610 insula,
610 4542 803 4616 languentibus
816 4540 947 4598 membris
967 4539 1098 4608 admovit,
1114 4545 1141 4597 et
1230 4532 1274 4590 13.
1291 4532 1408 4602 Quidam
1425 4533 1510 4589 abbas
1524 4533 1691 4602 monasterii,
1706 4535 1749 4590 cni
1772 4533 1865 4590 Bolma
1876 4535 1933 4608 (88)
1949 4551 1995 4594 vo

334 4630 467 4704 imposita
486 4630 535 4687 illa
555 4632 714 4703 antiphona,
745 4647 806 4703 quoe
826 4630 861 4685 de
882 4628 1024 4700 paralytici
1046 4627 1139 4684 dineae
1195 4620 1322 4676 nabulum
1340 4629 1391 4688 est,
1408 4620 1502 4678 Gnnzo
1522 4622 1642 4692 nomine,
1657 4621 1700 4679 rir
1722 4637 1829 4694 magnae
1850 4625 1996 4680 honestatis

340 4717 492 4774 salvatione
522 4717 550 4773 in
577 4717 715 4774 Ecclesia*
728 4724 861 4782 canatur,
886 4722 989 4770 mutato
1020 4714 1139 4782 nomine,
1195 4715 1220 4763 et
1235 4707 1425 4779 simplicitatis,
1441 4709 1506 4764 dum
1530 4709 1676 4782 aliquando
1691 4709 1769 4782 gravi
1792 4709 1921 4784 languore
1941 4727 1994 4782 pa-

338 4803 407 4861 diait
431 4822 437 4859 :
462 4806 600 4876 ltotberte,
621 4808 746 4864 recutite
761 4805 905 4864 Dorulaus
918 4801 987 4859 Jcen
1007 4801 1137 4860 ditrictae
1153 4787 1291 4867 Dralysis
1308 4795 1430 4853 Cloniaci
1446 4796 1583 4865 deficeret,
1597 4797 1634 4852 ita
1651 4801 1680 4852 ut
1697 4797 1732 4853 ud
1754 4806 1874 4854 extreme
1893 4799 1949 4868 jam
1964 4816 1995 4856 se

338 4895 410 4962 (Act.
421 4894 628 4964 smalstertin
642 4897 750 4952 cunctis
764 4893 920 4951 videntibus
933 4896 960 4948 et
978 4890 1141 4947 mirantibus
1194 4883 1337 4940 devenisse
1351 4885 1484 4953 crederet.
1500 4886 1623 4958 quadem
1648 4893 1737 4953 nocte,
1759 4886 1829 4940 vidit
1843 4887 1896 4942 sibi
1920 4888 1993 4944 assi-

337 4997 394 5051 prae
408 4983 522 5055 gaudio,
534 4999 617 5038 sanus
630 4991 657 5040 et
671 4983 814 5040 incolumis
827 4982 863 5037 ad
879 4981 988 5054 propria
997 4979 1138 5035 remearit·
1194 4979 1266 5028 stere
1280 4973 1352 5044 ipsos
1373 4972 1513 5045 apostolos
1535 4974 1641 5029 Petrum
1657 4980 1683 5029 et
1698 4973 1809 5028 Paulum
1824 4991 1885 5030 cunr
1900 4984 1993 5046 proto-

340 5070 394 5125 Sed
427 5087 488 5142 quae
519 5071 633 5128 obtentu
665 5080 818 5129 sanctorum
840 5070 986 5143 pignorum
1011 5067 1140 5124 miracola
1194 5069 1312 5132 martyre
1339 5062 1487 5133 Stephano,
1503 5077 1617 5132 quorum
1633 5061 1737 5132 primus
1751 5069 1832 5135 atque
1854 5063 1994 5135 princeps,

339 5159 465 5230 gesserit,
495 5167 569 5216 tanto
602 5159 683 5218 nobis
712 5158 919 5216 innumerabilia
950 5167 1012 5213 sunt
1039 5163 1139 5227 quanto
1193 5148 1320 5206 videlicet
1336 5149 1704 5221 beatusPetrus,postquam
1720 5150 1828 5220 abipso
1844 5151 1997 5222 quiessent

375 5355 433 5426 186)
446 5354 529 5428 Hugo
543 5355 731 5414 monachusin
745 5355 823 5413 vin:
850 5378 861 5404 ι
878 5351 1083 5424 Assumptisqne
1096 5365 1138 5405 se·
1194 5343 1296 5418 allegat
1322 5345 1422 5418 Hugo:
1451 5367 1461 5394 r
1478 5344 1617 5426 lleligioso
1641 5347 1703 5402 viro
1717 5347 1841 5404 vicentio
1861 5347 1994 5408 referente

339 5439 400 5479 com
432 5425 540 5482 duobus
563 5429 702 5484 monacbis
717 5429 786 5494 suis,
814 5426 945 5482 Duranno
976 5422 1080 5479 scilicet
1092 5421 1138 5490 qui
1193 5415 1277 5497 didici
1306 5433 1365 5486 quae
1387 5430 1515 5497 camarti
1531 5417 1592 5487 ipse
1615 5417 1687 5475 lacto
1711 5415 1845 5490 interluit,
1861 5422 1937 5490 vidit,
1967 5427 1994 5478 et

339 5493 391 5549 suit
403 5495 553 5554 Tolosanus
567 5499 728 5568 episcopus;
744 5503 771 5553 et
785 5496 912 5553 flnneldo
930 5494 978 5568 qui
990 5492 1040 5548 luit
1054 5491 1140 5547 abbas
1195 5489 1373 5542 testimonium
1390 5485 1537 5569 perhibuit.
1558 5511 1568 5535 υ
1600 5557 1606 5570 ·
1922 5561 1928 5571 ι

339 5564 542 5637 dorcacensis,
559 5571 602 5625 vir
624 5567 871 5640 eloquentissimus,
890 5590 901 5616 i
919 5564 1035 5622 Centulli
1054 5562 1139 5619 comi·
1229 5559 1285 5623 (87)
1295 5559 1335 5613 De
1343 5558 1396 5613 boo
1404 5559 1608 5616 Marcrnracensr
1623 5562 1790 5619 monasterio
1804 5561 1870 5618 sotis
1885 5577 1991 5634 egimus

339 5635 375 5688 tis
399 5637 557 5695 &arnensis
578 5639 672 5708 trater,
695 5638 741 5709 qui
764 5638 878 5694 cluniaci
900 5637 949 5692 snb
972 5636 1002 5692 S.
1023 5636 1139 5706 lingone
1193 5645 1284 5698 supra,
1658 5700 1662 5710 Ι
1740 5701 1745 5714 ¹
1880 5701 1885 5712 ι
1957 5701 1963 5712 .

340 5722 410 5762 anne
439 5712 507 5766 11162
535 5709 714 5766 monasticam
743 5709 827 5764 vitam
859 5707 1008 5772 amplexus,
1042 5705 1139 5760 eodem
1229 5699 1391 5781 (88tBalma
1409 5696 1989 5782 vulgoBoume,·dureesrsVesontmcnsrs,

339 5787 432 5834 sancto
453 5781 542 5836 adbuc
563 5781 706 5849 superstite
724 5778 951 5850 Moysiacensibus
964 5776 1086 5847 praeluit;
1103 5774 1138 5828 de
1193 5785 1270 5849 curos
1293 5770 1418 5826 conditor
1443 5770 1494 5826 suit
1512 5770 1549 5827 S.
1569 5771 1705 5840 Ruricius,
1728 5781 1757 5827 ut
1777 5773 1804 5826 in
1833 5774 1913 5836 buJus
1929 5772 1990 5826 lita

338 5848 468 5904 Duranno
496 5859 586 5906 actum
610 5851 644 5906 ad
670 5849 838 5922 superiorem
857 5849 954 5917 Vitam,
968 5854 1066 5916 praeter
1088 5845 1139 5900 bos
1192 5840 1293 5913 legitur
1305 5839 1341 5900 od
1353 5845 1384 5898 ld
1399 5839 1459 5896 lan.

337 5917 461 5975 miraculi
484 5929 579 5979 testem
602 5921 697 5994 alium,
716 5920 843 5978 clericum
871 5917 941 5975 lonc
967 5916 1137 5983 secutarem,
