4750 6725
415 582 467 639 nna
921 568 1079 629 Ennnnttt
1097 564 1254 623 nonnettt
1275 558 1552 618 atstandantnrtsts
2015 556 2071 611 ant

413 709 499 766 riatur
512 711 538 764 el
553 707 677 780 putridus
691 708 790 762 bomar
811 703 983 775 exprimatur,
1002 714 1053 754 nec
1076 713 1093 753 a
1120 696 1214 755 dolore
1228 691 1256 753 A
1270 688 1373 752 milem,
1390 686 1548 757 patientem.
1564 700 1613 741 sun
1636 682 1820 759 indigentibus
1841 681 2013 753 largientem,
2045 678 2074 735 iu

417 798 539 867 liberari,
555 814 604 853 nee
619 798 673 853 ullo
687 796 759 852 salet
771 793 853 851 modu
867 792 992 848 liberari.
1020 790 1066 847 Sic
1086 788 1132 859 qui
1158 788 1213 843 sibi

415 888 520 961 peccati
530 886 709 943 vnlnrrsdolet
723 884 864 951 inlliclum,
877 898 928 953 per
942 898 1037 937 ueram
1059 880 1212 937 confessio-

415 994 478 1034 nem
493 977 582 1048 ipsum
597 975 706 1046 detegat
719 988 750 1028 ac
765 971 814 1042 sie,
834 986 965 1043 expresso
990 970 1134 1025 mertilero
1162 970 1212 1023 ιιιι-

415 1082 491 1121 more
515 1064 559 1135 qui
588 1062 697 1130 latebat,
714 1078 763 1133 pcc
789 1060 930 1117 consilium
958 1060 1142 1130 praesidentis,
1159 1073 1214 1130 quo

415 1160 524 1209 curetur
538 1151 706 1223 poenitentiae
720 1150 890 1205 medicamen
905 1156 1032 1203 assumat.
1043 1148 1105 1203 Non
1122 1163 1215 1202 verea-

416 1250 458 1298 tur
484 1241 592 1312 linguas
620 1240 771 1309 homiuum,
801 1255 856 1295 noe
885 1246 1019 1310 proponat
1050 1236 1215 1308 penitencie

415 1331 529 1387 cultum.
545 1330 603 1386 lmo
618 1330 691 1401 apud
705 1345 735 1385 ae
750 1330 802 1385 boc
816 1329 844 1384 in
868 1336 956 1384 mente
977 1326 1090 1382 firmiter
1117 1326 1215 1381 habeat

414 1420 486 1493 quia,
500 1419 523 1475 si
538 1419 598 1474 aliis
612 1420 715 1489 peceati
731 1417 892 1475 scandalum
907 1418 971 1472 inde
993 1416 1141 1486 subrepere
1157 1431 1210 1471 noo

413 1510 530 1578 timeret,
545 1508 624 1563 talem
638 1524 668 1564 se
687 1508 790 1564 cunetis
806 1508 986 1563 innotesceret
1001 1506 1110 1576 qualem
1129 1521 1157 1559 se
1186 1504 1213 1559 in

412 1606 560 1669 conspectu
575 1598 625 1652 Dei
637 1614 716 1667 quem
732 1596 844 1652 ollcndit
856 1612 915 1652 esse
942 1596 1027 1651 videt.
1056 1596 1114 1651 liae
1140 1592 1214 1649 enim

412 1688 528 1742 multum
543 1687 615 1742 velet
628 1686 663 1741 ad
678 1687 790 1757 dignum
805 1685 970 1756 paenitentiae
985 1684 1112 1751 fructum,
1124 1698 1213 1753 quan-

414 1776 450 1831 do
464 1776 547 1831 homo
563 1783 664 1830 tanturn
678 1774 753 1831 dolet
767 1776 802 1831 de
830 1782 942 1846 peccato
968 1789 1028 1841 suo,
1044 1788 1098 1845 quo
1127 1772 1214 1828 Deum

413 1863 538 1935 offendit,
553 1871 582 1919 ut
597 1880 651 1920 nou
679 1864 795 1935 relngiat
820 1864 855 1919 ab
882 1863 942 1919 aliis
972 1860 1128 1918 hominibus
1152 1860 1213 1916 talis

414 1953 524 2026 agnosci
539 1954 646 2025 qualern
661 1970 689 2009 sc
705 1954 731 2009 in
747 1954 832 2009 oculis
842 1954 882 2008 sui
898 1953 1033 2007 Creatoris
1048 1967 1107 2005 esse
1122 1966 1211 2023 agno·

1268 778 1318 833 Dei
1332 776 1441 833 servitio
1456 776 1618 844 sedulum,et
1633 790 1694 847 que
1708 773 1762 829 sibi
1775 770 1832 827 lieri
1846 771 1904 825 rult
1917 770 1979 825 aliis
1993 768 2075 825 beni-

1268 882 1322 936 gna
1336 874 1427 921 mente
1443 864 1598 931 facientem,
1613 862 1785 934 plurimaque
1800 862 1828 915 in
1849 861 1921 917 bunc
1947 856 2072 921 modum,

1269 964 1295 1010 aa
1309 955 1351 1011 hic
1367 954 1428 1009 talis
1439 953 1573 1023 judicabit
1586 968 1616 1009 se
1630 950 1752 1008 viliorem
1778 950 1817 1005 illi
1845 948 1993 1021 quemlibet
2009 962 2072 1002 esse
2157 974 2158 989 ι

1268 1042 1449 1111 luxuriosum,
1465 1041 1621 1113 superbum,
1638 1040 1816 1111 injuriosum,
1839 1036 2069 1108 depraedatorem,

1269 1133 1320 1188 Dei
1336 1132 1487 1200 servitium,
1504 1138 1632 1201 quantum
1649 1129 1721 1185 ualet
1734 1130 1777 1185 uel
1792 1125 2072 1197 audet,deaitantem,

1269 1229 1295 1276 et
1309 1221 1424 1291 qualiter
1437 1220 1497 1274 aliis
1511 1219 1645 1275 contraria
1662 1218 1742 1275 laniat
1762 1232 1905 1289 proposse
1920 1214 2070 1271 elaboren—
2159 1224 2160 1231 ¹

1270 1318 1333 1366 tarn.
1349 1310 1389 1364 ltu
1403 1316 1520 1378 oportet,
1542 1324 1654 1365 necesse
1678 1316 1730 1363 est.
1758 1306 1845 1362 Aliter
1869 1304 1942 1361 enim
1970 1304 2072 1359 diainae

1267 1399 1377 1470 paginae
1392 1396 1550 1453 humilitatis
1565 1404 1650 1453 metas
1659 1397 1803 1464 excedens,
1819 1409 1872 1451 non
1887 1392 1989 1451 obedit.
2011 1393 2072 1447 Nec
2160 1388 2161 1395 ’

1265 1487 1365 1559 aliquis
1380 1487 1499 1543 aestimet
1513 1502 1617 1543 sacram
1634 1486 1801 1556 Scripturam
1816 1483 1903 1539 cuiuis
1919 1482 2071 1552 quidquem

1267 1576 1417 1649 precipere
1432 1576 1506 1649 qnod
1520 1576 1621 1633 debeat
1643 1574 1766 1646 judicare
1795 1574 1868 1631 iactu
1896 1570 2072 1644 impossibile

1268 1679 1339 1719 esse.

1303 1780 1375 1849 Quia
1390 1778 1474 1851 igitur
1488 1778 1617 1851 seriptum
1632 1785 1674 1833 est
1692 1786 1721 1833 ιιι
1748 1776 1861 1847 quisque
1889 1790 1918 1831 se
1945 1772 2071 1831 vitiorem

1267 1869 1393 1925 omatibus
1405 1869 1465 1923 aliis
1480 1884 1533 1924 non
1550 1868 1638 1924 solum
1649 1882 1697 1924 ore
1712 1867 1882 1938 pronuntiet,
1911 1863 1961 1919 sed
1989 1862 2070 1919 etiam

1266 1957 1362 2013 intimo
1377 1957 1473 2015 allecta
1489 1958 1581 2013 cordis
1594 1958 1697 2039 credat,
1723 1956 1841 2027 qualiter
1865 1954 1938 2025 qued
1962 1950 2071 2023 impleri

416 2043 476 2099 scit.
491 2042 569 2112 Quod
585 2042 709 2113 quamvis
724 2043 796 2099 lacto
811 2058 863 2097 noo
879 2042 913 2097 sit
940 2042 1147 2109 admittendum,
1178 2054 1212 2094 ne
1227 2047 1252 2109 Β
1268 2054 1359 2117 queat,
1375 2047 1548 2103 considerare
1563 2046 1695 2101 studeatis
1709 2044 1787 2117 cnjus
1813 2051 1932 2098 mentem
1960 2041 2072 2097 divinus

412 2130 545 2189 Ecclesiae
552 2133 600 2187 Dei
616 2132 757 2204 quodlibet
772 2131 1042 2187 scandalumexinde
1056 2138 1214 2203 generetur,

414 2228 505 2277 tamen
520 2238 569 2276 nce
583 2221 698 2277 inficiari
714 2237 764 2278 ncc
780 2221 929 2292 perturbari
944 2220 1039 2288 debet,
1055 2220 1077 2274 si
1093 2219 1129 2273 nb
1153 2220 1216 2274 aliis

412 2311 435 2367 ei
451 2310 580 2381 objicitur
591 2312 664 2382 qarod
677 2311 736 2382 ipse
758 2311 791 2365 de
807 2328 836 2367 se
864 2325 915 2366 suu
940 2317 1036 2381 sponte
1062 2310 1213 2365 confitetur.

415 2399 483 2455 Sunt
498 2400 596 2454 etenim
613 2398 692 2453 multi
707 2399 751 2471 aqui
766 2399 915 2470 plurimum
930 2398 1134 2469 perturbantur,
1151 2396 1216 2451 dunt

412 2488 449 2544 de
472 2488 512 2543 eis
539 2489 586 2543 alii
614 2489 707 2544 dicunt
733 2488 807 2561 quod
834 2489 915 2543 etiam
930 2488 983 2559 ipsi
1007 2488 1041 2543 de
1056 2504 1084 2542 se
1106 2486 1217 2557 publice

415 2577 495 2633 lateri
510 2594 565 2632 nou
581 2578 730 2650 refugiunt.
743 2578 785 2632 Ad
800 2594 930 2651 magnum
950 2577 1042 2649 itaque
1066 2576 1216 2647 perlectio-

414 2666 458 2722 nis
472 2668 581 2723 culmen
592 2668 719 2737 pertinet,
736 2667 800 2723 dum
815 2668 876 2739 quis
891 2667 1002 2732 malum,
1019 2667 1092 2739 quod
1113 2666 1215 2737 praedi-

413 2754 561 2823 catdese,
588 2756 721 2828 patienter
734 2765 760 2811 ct
787 2756 872 2812 illaesa
900 2756 999 2812 inentia
1027 2755 1217 2826 tranquillitate

415 2844 524 2901 abaliis
538 2853 633 2902 contra
657 2862 687 2902 ee
714 2846 816 2901 dictum
844 2845 916 2901 valet
937 2846 1076 2901 sustinere.
1107 2844 1217 2899 Probari

417 2948 534 3005 namque
549 2951 598 3005 per
610 2934 662 2990 boo
689 2942 778 3006 potest
805 2935 882 2989 illurn
911 2936 938 2990 in
965 2952 1031 2990 rere
1057 2934 1217 2990 humilitatis

416 3024 505 3095 gradu
519 3022 679 3090 consistere,
696 3024 769 3078 sicul
784 3024 920 3079 ediverso
935 3024 1009 3079 illum
1026 3024 1071 3096 qui
1086 3026 1139 3079 hoe
1162 3040 1216 3078 nnn

413 3120 504 3182 potest
518 3112 545 3166 in
560 3112 678 3183 quadarn
691 3112 823 3182 jactantia
835 3121 863 3167 et
889 3114 1010 3184 appetitu
1036 3114 1216 3169 sublimitatis

409 3208 531 3257 mentem
546 3200 660 3256 babere.
676 3202 765 3256 Justus
777 3202 914 3273 siquidem
931 3204 985 3259 volt
1009 3204 1113 3259 baberi.
1144 3204 1216 3259 Scri-

409 3297 486 3359 ptum
501 3289 603 3363 qnippe
619 3300 676 3346 est:
693 3294 830 3349 destasia
840 3295 981 3368 principio
996 3298 1147 3353 accusator
1166 3300 1209 3352 cal

409 3379 455 3435 ani
470 3381 562 3450 (Pron.
577 3395 658 3449 xnrr,
675 3385 730 3453 ta).

447 3470 516 3523 Dum
532 3469 614 3543 igitur
624 3487 653 3525 se
667 3479 786 3541 accusat,
803 3477 831 3527 et
846 3474 880 3528 cle
894 3473 990 3528 eodem
1003 3472 1062 3544 ipso
1087 3473 1121 3529 ub
1150 3475 1211 3530 aliis

414 3559 537 3615 accusari
564 3569 679 3630 recusat,
709 3560 773 3631 quid
802 3561 875 3616 aliud
901 3563 1017 3618 intendit
1046 3563 1096 3618 nisi
1124 3569 1157 3619 ul
1183 3580 1213 3620 sa

412 3648 576 3716 humilitate,
592 3649 662 3706 altos
676 3658 766 3706 autern
782 3650 898 3707 falsitate
914 3651 957 3708 vel
969 3653 1033 3709 odio
1044 3652 1177 3725 praeditos
1185 3653 1212 3707 in

413 3737 509 3794 eodem
524 3740 677 3794 ostendat?

447 3829 476 3885 si
491 3844 559 3899 ergo
576 3830 633 3883 rult
647 3845 720 3886 veras
739 3830 900 3886 humilitatis
932 3832 1041 3887 culmen
1068 3831 1211 3903 attingere,

412 3916 544 3973 concedat
572 3926 678 3987 oportet
705 3919 740 3973 ab
767 3919 830 3975 aliis
857 3921 928 3976 dicta
955 3921 1091 3990 patienter
1117 3921 1213 3976 audire

410 4019 473 4074 quae
486 4003 546 4075 ipse
562 4005 596 4060 de
610 4006 700 4077 seipso
715 4022 769 4062 nou
793 4017 901 4064 veretur
926 4009 1017 4079 palam
1045 4009 1115 4064 ultro
1143 4024 1211 4081 pro·

411 4092 500 4162 serre,
512 4100 539 4147 et
550 4093 668 4164 patiatur
683 4111 711 4149 se
726 4094 762 4151 ita
776 4105 806 4152 nt
824 4113 854 4152 se
882 4097 994 4170 dignum
1023 4097 1125 4152 latetur
1155 4105 1212 4152 tcu-

412 4179 472 4235 tari.

448 4271 516 4326 Cum
540 4272 632 4344 itaque
660 4273 744 4330 homo
771 4275 799 4330 iu
827 4275 901 4333 hunc
927 4275 1086 4332 humilitatis
1114 4284 1213 4331 statum

411 4360 575 4431 pervenerit,
593 4371 658 4419 tnnc
669 4379 762 4418 revera
776 4364 799 4419 si
813 4365 840 4420 in
854 4366 991 4438 antiquum
1021 4365 1213 4421 conversatio-

413 4464 474 4504 nem
489 4465 565 4506 suam
580 4450 675 4508 oculos
703 4453 792 4508 cordis
819 4454 967 4524 reflexerit,
995 4453 1102 4509 videbit
1129 4470 1158 4510 se
1185 4453 1214 4507 in

411 4535 630 4597 horrendomalo
645 4547 672 4596 et
687 4542 806 4598 tenebris
821 4543 995 4610 recaluisse,
1023 4551 1051 4598 et
1076 4542 1214 4614 gratiosus

410 4625 691 4702 ineflabiligaudioet
712 4631 892 4689 exsultatione
920 4630 1099 4686 admirabitur
1127 4645 1158 4686 sa
1185 4645 1212 4685 rn

409 4731 510 4790 magno
524 4718 597 4776 bono
610 4725 638 4776 ιι
650 4719 750 4777 lumino
765 4737 837 4777 esse.

445 4806 584 4865 Custodiat
598 4826 665 4882 ergo
681 4825 728 4865 cor
740 4826 829 4878 suum,
845 4809 979 4865 custodiat
998 4825 1097 4882 corpus
1116 4825 1204 4877 suum,

410 4913 445 4953 ue
456 4896 559 4954 inimici
574 4898 634 4969 ejus
644 4898 697 4954 sibi
713 4899 863 4971 subripiant
878 4899 950 4972 quod
965 4915 1014 4970 per
1030 4899 1078 4954 Dei
1092 4898 1207 4970 gratiam

410 4985 563 5057 acquisivit,
579 5002 709 5061 reumque
723 4989 850 5060 dejiciant
870 4990 897 5044 in
926 4987 1054 5061 pristinas
1083 4987 1209 5043 tenebras

411 5089 479 5146 quas
493 5076 611 5148 reliquit.
623 5077 698 5132 Nihil
713 5079 854 5148 virtutum,
872 5095 938 5151 quas
952 5078 1067 5148 adeptus
1086 5085 1138 5145 est,
1155 5077 1212 5131 suis

411 5162 514 5220 viribus
528 5163 650 5236 imputet,
667 5183 720 5223 nec
734 5183 816 5239 snper
829 5184 876 5224 eos
890 5169 937 5240 qui
952 5167 1071 5224 nondum
1099 5167 1134 5221 ad
1159 5167 1211 5222 lroo

412 5253 533 5326 provecti
547 5261 617 5321 sunt,
636 5254 785 5312 ullomodo
800 5273 831 5312 se
845 5256 966 5313 extollat.

446 5343 477 5396 ln
506 5343 662 5398 humilitatis
690 5347 820 5414 colmiae,
850 5348 885 5402 ad
919 5349 991 5419 quod
1018 5349 1153 5421 pervenit,
1181 5363 1212 5404 se

413 5449 522 5506 semper
535 5448 613 5494 ceute
628 5439 771 5507 custodiat,
787 5447 814 5493 et
841 5439 997 5497 inferiorern
1026 5459 1054 5496 se
1082 5439 1211 5497 omnibus

411 5527 577 5594 bominibus,
593 5543 648 5583 non
664 5526 735 5592 nero,
751 5529 801 5582 secl
816 5528 910 5584 intimo
926 5531 1008 5585 corde
1024 5530 1127 5586 credat.
1142 5529 1215 5597 Quo-

415 5619 500 5684 niam,
515 5616 618 5686 inquis,
633 5617 716 5670 modo
731 5616 758 5671 irl
773 5616 873 5688 aliquis
887 5615 978 5673 lacere
1005 5626 1102 5689 potest,
1130 5627 1159 5673 ut
1185 5635 1216 5675 se

412 5707 535 5764 viliorem
557 5706 605 5762 illo
630 5703 726 5760 credat
753 5720 834 5775 quern
863 5705 891 5759 in
918 5705 999 5761 bonis
1022 5707 1129 5762 actibus
1157 5724 1212 5762 non

412 5796 499 5852 solum
514 5795 575 5864 sibi,
591 5795 641 5852 sed
657 5793 754 5850 etaliis
772 5793 928 5850 inferiorem
957 5811 1019 5850 esse
1043 5796 1102 5851 sine
1130 5795 1214 5852 dubio

413 5887 543 5946 coustant
560 5884 638 5943 Verbi
653 5883 761 5964 gratia:
779 5884 874 5941 videas
888 5882 1008 5958 aliquem
1024 5883 1154 5955 sobrium,
1166 5886 1216 5941 bu·

1270 2136 1387 2205 Spiritus
1399 2135 1495 2206 tetigit,
1510 2143 1539 2189 ιιι
1552 2152 1581 2190 ιι
1610 2137 1638 2190 in
1666 2132 1819 2206 hujusmodi
1845 2146 1971 2187 excreare
1993 2129 2070 2185 velit.

1271 2224 1363 2280 Grave
1380 2224 1563 2296 siquidcmest
1591 2232 1629 2290 ut,
1657 2222 1757 2279 bonam
1784 2230 1811 2277 et
1837 2229 1958 2275 sanctam
1986 2218 2071 2273 vitam

1270 2327 1366 2385 agens,
1384 2313 1505 2384 perversi
1517 2313 1608 2369 cordis
1627 2318 1653 2368 et
1675 2312 1764 2384 operis
1782 2310 1884 2366 bomini
1912 2325 1942 2364 se
1968 2308 2071 2376 judicet

1271 2419 1306 2457 ex
1323 2402 1417 2457 intimo
1433 2402 1516 2458 corde
1531 2401 1698 2469 inferiorem,
1715 2416 1776 2456 oum
1792 2398 1920 2455 naturalis
1935 2396 2016 2452 simul
2044 2402 2072 2449 et

1271 2490 1363 2546 divina
1378 2492 1423 2545 lex
1438 2492 1543 2546 sanciat
1563 2492 1664 2546 bonurn
1680 2504 1788 2560 serrrper
1809 2487 1881 2543 melo
1895 2486 2072 2557 prestantius

1271 2596 1342 2649 esse,
1358 2588 1384 2635 et
1400 2580 1462 2635 hnic
1477 2588 1586 2635 aeternae
1600 2576 1898 2651 gloriaeretributio,illi
1913 2573 2072 2645 sempiterni

1272 2668 1412 2740 opprobrii
1427 2684 1508 2739 panna
1521 2676 1638 2739 paretur.
1658 2670 1696 2723 Eu
1711 2666 1808 2723 ellectu
1827 2666 1917 2737 itaque
1940 2662 2073 2719 mercedis

1271 2756 1408 2829 utriusque
1423 2766 1496 2828 patet
1511 2758 1575 2827 qnid
1590 2758 1635 2813 cui
1651 2764 1767 2829 praestet.
1784 2756 1812 2812 Si
1836 2770 1905 2826 ergo
1927 2752 2017 2809 bonus
2042 2767 2073 2806 se

1269 2847 1375 2917 judicat
1389 2848 1462 2902 malo
1475 2846 1641 2913 inferiorem,
1658 2846 1759 2901 malurn
1783 2847 1949 2916 prepostero
1976 2842 2073 2897 ordine

1271 2934 1325 2989 sibi
1340 2935 1405 2991 lacit
1420 2936 1598 3007 superiorem.
1615 2936 1696 3005 Quod
1712 2936 1752 2991 sio
1771 2949 1832 2990 esse
1855 2946 1950 2989 aerum
1978 2938 2075 2986 natura

1271 3040 1325 3081 non
1341 3026 1472 3079 admittit.
1489 3028 1539 3079 Λιιι
1554 3024 1638 3096 igitur
1651 3024 1757 3081 veritati
1777 3021 1930 3079 contrarius
1956 3020 2006 3077 erit
2027 3020 2075 3091 qui

1270 3128 1299 3168 se
1313 3114 1414 3169 bonum
1429 3113 1502 3169 malo
1517 3114 1603 3169 eredit
1613 3112 1780 3180 inleriorem,
1796 3120 1853 3179 aut,
1870 3111 1895 3167 si
1910 3125 1963 3166 non
1974 3110 2073 3174 eredit,

1270 3201 1369 3257 divinas
1382 3202 1499 3273 paginae,
1515 3218 1576 3274 quae
1592 3204 1643 3257 boc
1655 3202 1743 3271 jubet,
1758 3199 1920 3256 inobediens
1937 3199 1997 3255 erit.
2014 3198 2071 3255 Sed

1270 3291 1367 3346 borum
1384 3292 1450 3345 nilril
1466 3291 1675 3347 admittendum.

1225 3405 1250 3470 C
1303 3405 1456 3462 Videndum
1472 3407 1609 3480 igiturest
1635 3421 1753 3480 quonam
1782 3407 1865 3463 modo
1893 3405 1951 3462 lieri
1978 3405 2074 3461 ualeat

1267 3503 1296 3550 ut
1311 3503 1338 3550 et
1350 3495 1449 3551 ueritas
1464 3512 1517 3551 nou
1533 3497 1686 3563 deseratur,
1716 3503 1742 3551 et
1761 3495 1907 3551 diuinitatis
1934 3503 2073 3567 praecepto

1269 3585 1424 3639 obediatur.
1442 3587 1509 3641 Cum
1524 3601 1589 3658 ergo
1603 3584 1691 3658 quiris
1706 3585 1845 3639 hominurn
1860 3584 1915 3640 nult
1930 3599 2073 3654 compara·

1268 3688 1298 3728 re
1314 3689 1343 3728 sc
1358 3673 1392 3728 acl
1409 3673 1500 3742 aliurn,
1520 3673 1583 3744 quid
1599 3672 1624 3727 in
1640 3689 1698 3728 sea
1714 3689 1742 3728 se
1753 3673 1845 3743 lrabet,
1867 3680 1893 3727 et
1913 3672 1979 3745 quid
2003 3674 2075 3728 altor

1268 3778 1323 3818 non
1340 3778 1356 3816 ι
1370 3778 1409 3828 se,
1426 3763 1474 3817 sed
1490 3778 1539 3834 per
1551 3762 1602 3818 Ilei
1617 3762 1732 3834 gratiam
1747 3762 1864 3826 babeat;
1893 3779 1909 3816 a
1925 3777 1955 3818 se
1970 3763 2075 3835 quippe

1270 3865 1361 3919 nemo,
1377 3850 1428 3905 nisi
1444 3851 1555 3920 naulum,
1572 3852 1747 3922 pergratiam
1762 3865 1827 3906 vcro
1851 3849 1902 3905 Dei
1921 3849 2017 3920 habet,
2046 3851 2073 3906 si

1268 3939 1341 4010 quod
1355 3939 1468 3995 bouum.
1486 3941 1571 3995 Ponat
1585 3939 1675 4010 itaque
1690 3939 1790 3996 malurn
1806 3955 1885 3995 suurn
1908 3956 1971 3994 eum
1999 3941 2073 3995 malo

1267 4027 1391 4095 alterius,
1408 4027 1539 4083 etstalim
1558 4027 1662 4084 videbit
1690 4028 1755 4100 qnid
1783 4029 1878 4083 borum
1907 4028 1942 4083 sit
1968 4029 2070 4100 potius.

1268 4115 1418 4188 Perpendat
1436 4116 1516 4172 etiam
1532 4117 1624 4172 omnia
1638 4117 1666 4171 in
1690 4117 1810 4172 futurum
1835 4117 1929 4189 juncta
1956 4119 2071 4186 servari,

1272 4211 1298 4259 et
1313 4221 1346 4260 ue
1361 4204 1430 4261 lorte
1442 4205 1502 4276 ipse
1516 4205 1622 4262 occulto
1635 4205 1686 4260 Dei
1698 4203 1802 4275 judicio
1817 4221 1834 4260 ι
1862 4207 1933 4262 bono
1962 4205 2072 4262 decidat

1267 4302 1292 4348 et
1308 4293 1378 4348 alius
1393 4309 1408 4348 a
1423 4293 1497 4348 mulo
1512 4301 1638 4368 resurgat
1651 4309 1757 4368 gnarus
1772 4293 1901 4350 attendat.

1303 4408 1462 4480 Quicunque
1476 4406 1561 4481 igitur
1574 4407 1619 4463 tali
1633 4407 1851 4464 consideratione
1875 4425 1906 4465 se
1932 4408 2070 4464 studuerit

1272 4497 1441 4562 exaurinare,
1457 4496 1580 4566 prolecto
1594 4513 1648 4553 non
1662 4496 1793 4552 residebit
1807 4498 1834 4552 in
1848 4497 1939 4552 animo
1953 4513 2003 4554 suo
2017 4514 2073 4569 quo

1185 4630 1192 4640 .
1267 4601 1297 4642 se
1316 4584 1416 4642 debeat
1428 4601 1486 4656 pne
1501 4585 1561 4641 aliis
1576 4583 1760 4659 magntlioare.
1787 4586 1882 4658 quue
1898 4587 1986 4659 magis
2014 4587 2074 4642 Deo

1270 4674 1411 4746 proximus
1426 4674 1585 4741 adhaerebit,
1600 4674 1703 4746 quade
1725 4689 1755 4730 se
1773 4674 1924 4730 humillima
1951 4675 2074 4732 sentiens

1226 4762 1252 4826 D
1269 4762 1372 4818 nullum
1387 4763 1548 4832 coutemnit,
1564 4749 1612 4818 sed
1627 4771 1655 4819 ut
1683 4763 1806 4820 omnium
1832 4779 1898 4820 vern
1920 4763 2071 4822 dilectione

1266 4851 1384 4923 patiatur
1397 4853 1448 4908 sub
1463 4853 1521 4909 Deo
1531 4851 1679 4909 contendit.

1302 4969 1376 5035 llaec,
1389 4975 1418 5022 ut
1432 4983 1466 5024 ex
1480 4983 1527 5023 ore
1539 4969 1570 5022 B.
1591 4969 1620 5023 P.
1638 4967 1758 5024 tnsatnt
1773 4967 1876 5039 accepi,
1906 4970 2069 5042 conscripsi,

1267 5055 1428 5112 satisfacere
1442 5057 1556 5128 cupiens
1569 5057 1701 5114 voluntati
1716 5057 1797 5113 amici
1812 5058 1876 5127 mai,
1893 5074 1937 5114 me
1953 5059 2005 5115 lroc
2025 5059 2073 5116 la-

1266 5160 1328 5202 cere
1343 5145 1443 5200 obnixe
1465 5146 1596 5218 rogantis.
1621 5145 1670 5201 Cui
1699 5154 1727 5202 et
1751 5145 1895 5218 epistolam
1923 5147 2070 5218 destinari,

1268 5248 1348 5305 quarn
1363 5234 1389 5288 iu
1404 5233 1516 5289 exordio
1531 5233 1611 5305 hujus
1626 5233 1748 5305 opusculi
1770 5249 1871 5304 ponere
1897 5251 1953 5292 non
1980 5237 2071 5302 omisi,

1268 5337 1415 5388 cassusne
1431 5322 1501 5394 qais,
1517 5323 1638 5378 materiae
1652 5323 1883 5394 pulchritudinem
1897 5332 1924 5380 ιι
1941 5325 2073 5384 dictami-

1269 5410 1475 5468 nisloeditotem
1505 5411 1643 5478 intuendo,
1671 5411 1822 5468 aestimaret
1849 5413 2006 5470 nnselmum
2034 5429 2071 5470 ax

1270 5499 1393 5555 materiae
1408 5499 1517 5570 quidem
1537 5499 1708 5556 formositate
1730 5500 1795 5555 illud
1824 5503 2019 5574 composuisse,
2034 5517 2072 5558 ex

1271 5588 1423 5644 dictaminis
1437 5604 1501 5644 uero
1515 5588 1629 5659 uilitate,
1646 5605 1700 5660 quo
1715 5589 1812 5644 mentis
1835 5589 1906 5645 illius
1927 5591 2072 5662 perspica-

1271 5677 1312 5734 cia
1327 5686 1353 5732 et
1368 5677 1445 5748 lepos
1459 5677 1560 5748 eloquii
1575 5679 1973 5749 evanuerit,mirumdu1isse.

1306 5795 1419 5852 Noverit
1433 5803 1524 5850 tamen
1535 5795 1688 5868 quicunque
1701 5795 1753 5850 boc
1768 5794 1794 5850 in
1803 5795 1846 5851 sui
1853 5795 1976 5852 notitiam
1987 5805 2074 5852 trans-

1271 5883 1478 5958 irediguabitur
1491 5885 1579 5962 ipsum
1604 5885 1711 5940 Patrem
1738 5884 1790 5948 hoe
1816 5899 1890 5961 seps
1918 5885 2017 5965 legisse
2044 5895 2074 5948 et
