4750 6725
674 603 685 632 l

293 676 346 747 tii
952 667 1266 742 amisoswaini‘.
1895 691 1947 749 iia

295 828 374 869 mora
387 810 434 867 fiat
448 812 554 884 magnis
566 811 798 883 postulationibus
813 814 924 867 instant.
933 810 993 867 Nec
1003 824 1088 865 mora.
1104 808 1133 871 Α
1147 824 1164 864 a
1177 823 1210 863 ae
1223 809 1251 863 in
1265 807 1356 864 laturo
1370 806 1442 879 quod
1456 800 1646 865 detrimentum
1661 802 1713 867 sihi
1732 812 1859 887 gigneret
1887 816 1947 873 exi-

296 902 343 957 Vir
354 900 453 957 ascitus
466 900 599 964 advenit;
620 901 832 971 sedpetentibus
845 898 984 969 suscipere
1013 899 1091 971 regi·
1145 905 1265 968 geretur,
1281 896 1331 953 aed
1346 897 1419 967 quod
1437 896 1518 953 beata
1545 902 1763 957 remuneratione
1790 904 1946 961 donaretur.

293 1006 360 1047 men
374 990 491 1047 viduatae
505 989 638 1067 Ecclesiae
653 1004 708 1045 nou
735 989 827 1044 atatim
854 988 957 1043 annuit.
987 989 1094 1044 lutonat
1147 984 1330 1053 Quamobrem
1344 986 1415 1041 idem
1431 986 1478 1058 qui
1493 986 1543 1042 luit
1556 988 1583 1042 in
1594 988 1745 1045 visitatione
1763 995 1949 1051 monasterio-

293 1094 348 1135 vox
363 1077 467 1150 popidi,
482 1086 512 1133 ut
524 1078 607 1133 dubio
634 1078 733 1147 procul
761 1076 925 1133 attestareris
945 1076 1094 1145 Scriptura
1146 1090 1206 1129 rum
1221 1089 1281 1145 quae
1296 1074 1454 1140 instituerat,
1469 1090 1577 1147 semper
1589 1076 1699 1144 exstitit,
1723 1078 1797 1135 idem
1824 1082 1852 1136 in
1880 1099 1948 1139 cori-

294 1182 392 1223 aocem
405 1165 501 1237 populi
516 1182 612 1221 vocem
626 1182 685 1222 esse
699 1164 763 1222 Del.
782 1166 833 1221 Par
846 1163 972 1232 charitas,
988 1171 1096 1220 senten·
1148 1161 1281 1218 solatione
1297 1160 1406 1217 fratrum
1421 1162 1487 1218 inibi
1503 1164 1660 1235 degentium
1675 1168 1810 1236 prestitit,
1833 1169 1905 1225 idem
1920 1173 1948 1227 iii

294 1255 335 1311 tia
348 1270 471 1321 concors,
486 1271 540 1310 uoa
553 1255 679 1310 voluutas
703 1254 795 1325 populi
822 1254 850 1309 in
873 1253 945 1310 bono
972 1252 1042 1315 fuit;
1071 1261 1097 1307 et
1148 1250 1341 1305 sustentatione
1355 1250 1464 1305 illorum
1478 1252 1653 1323 omniumque
1666 1271 1716 1311 sua
1744 1272 1796 1327 ope
1818 1257 1948 1331 indigen-

295 1345 370 1399 Deus
384 1344 471 1415 pacis,
486 1342 532 1415 qni
546 1341 698 1399 inhabitare
713 1342 777 1397 iacit
791 1341 933 1398 unanimes
959 1342 987 1395 in
1014 1342 1097 1398 domo
1149 1338 1216 1393 tium
1232 1339 1339 1393 mansit.
1356 1340 1386 1393 lii
1401 1339 1474 1395 nullo
1490 1339 1572 1411 igitur
1586 1343 1735 1399 sanctitatis
1759 1360 1840 1416 opere
1869 1348 1919 1403 del
1933 1380 1948 1391 -

295 1433 384 1503 (Paul.
399 1447 484 1499 uarii,
499 1434 538 1501 7),
553 1432 656 1504 quique
671 1430 1004 1491 estinterduosveltres
1026 1446 1096 1486 coo·
1150 1435 1599 1499 ctumpassusestpropterouus
1618 1432 1795 1499 sacerdotale,
1826 1436 1876 1492 sed
1904 1446 1950 1493 aut

290 1519 765 1594 gregatosiunomineauofflattli.
779 1519 1101 1589 xviii,20),noulaaeret
1149 1515 1225 1573 idem
1239 1516 1286 1587 qui
1300 1516 1389 1571 fuerat
1403 1516 1536 1586 praestitit,
1553 1525 1607 1585 aut,
1631 1520 1721 1591 seipso
1753 1522 1896 1581 sublimior
1922 1527 1949 1580 in

290 1610 332 1665 rei
343 1612 385 1665 cui
401 1617 475 1665 unta
489 1607 631 1665 multitudo
657 1608 777 1678 favebat,
805 1623 857 1664 nec
883 1607 995 1663 sentiret
1021 1606 1094 1679 quod
1149 1604 1309 1676 hujusmodi
1323 1620 1404 1675 opere
1418 1604 1515 1672 lactus,
1531 1606 1566 1661 ad
1582 1606 1727 1665 videndum
1739 1610 1825 1667 Deum
1836 1612 1950 1671 deorum

292 1697 440 1765 sentiebat,
454 1713 504 1753 nec
518 1697 601 1753 vellet
615 1698 688 1767 quod
702 1695 1095 1766 volebatur‘tllolebatplane,
1150 1693 1178 1748 in
1200 1693 1266 1749 Sion
1287 1693 1374 1749 aciem
1395 1710 1452 1749 sum
1476 1695 1575 1751 ruentis
1596 1695 1760 1755 indeficienti
1781 1704 1950 1773 contempla-

289 1788 341 1842 sed
355 1795 412 1842 esto
427 1786 503 1859 quod
516 1786 589 1841 Deus
602 1784 660 1841 lieri
676 1784 734 1841 vult
748 1784 795 1840 liat
815 1800 927 1841 necesse
953 1793 1003 1841 est.
1033 1784 1096 1841 Vult
1149 1782 1222 1839 tione
1237 1782 1385 1855 dirigebat.

289 1883 384 1931 autem
399 1874 473 1945 quod
486 1874 637 1931 secondum
652 1890 681 1929 se
695 1872 957 1930 voluntlldelessui.
969 1873 1097 1946 alioquin
1184 1871 1328 1943 llicigitnr
1341 1870 1465 1943 quamvis
1488 1873 1651 1931 Eboraccnsi
1678 1877 1835 1949 pontificatu
1863 1882 1950 1939 subli-

287 1962 364 2019 bene
376 1970 489 2035 possent
503 1963 573 2020 velle
588 1963 645 2017 siue
661 1961 733 2030 illo;
763 1970 790 2019 et
818 1962 923 2018 Veritas
943 1977 998 2018 uon
1026 1971 1097 2019 esset
1148 1964 1237 2015 matus
1251 1961 1393 2030 exstiterit,
1409 1976 1503 2018 curam
1517 1970 1609 2019 tamen
1630 1965 1806 2037 episcopatus
1834 1970 1949 2043 Wigor-

282 2051 429 2120 veredica,
445 2068 506 2123 quae
521 2050 588 2106 dicit
601 2050 668 2107 nihil
683 2050 741 2106 sine
764 2067 795 2107 se
822 2066 988 2122 quemquam
1015 2066 1095 2123 posse
1147 2048 1239 2103 oensis
1254 2064 1308 2104 nou
1330 2049 1432 2105 amisit.
1464 2050 1492 2105 Si
1521 2050 1630 2123 quidem
1659 2053 1756 2111 beatus
1782 2058 1946 2129 Dunstanus,

284 2141 386 2210 (loon.
403 2157 449 2211 au,
459 2142 499 2212 5).
515 2144 549 2196 ht
563 2140 757 2196 secundumsse
770 2139 914 2197 voluerunt
927 2138 1022 2195 fideles
1050 2141 1093 2195 soi
1105 2160 1133 2221 Β
1146 2153 1228 2208 quem
1243 2136 1396 2194 sollicitudo
1411 2138 1532 2194 omnium
1547 2139 1731 2199 Ecclesiamm
1754 2145 1783 2199 iii
1808 2146 1949 2205 Britannia

286 2240 413 2287 sanctum
428 2230 591 2287 Oswaldum
604 2229 665 2287 lieri
678 2229 835 2303 pontificem
849 2230 996 2287 Eboraci‘l
1025 2230 1093 2286 Cum
1147 2226 1354 2282 constitutarum
1368 2228 1540 2298 respiciebat,
1556 2244 1653 2286 aereos
1666 2248 1701 2289 nc
1716 2235 1839 2291 monachi
1851 2236 1949 2309 inipso

286 2321 377 2394 igitur
388 2322 440 2376 hoc
454 2320 544 2391 ipsum
558 2320 633 2376 Deus
647 2320 770 2376 voluitut
779 2318 866 2388 lieret,
878 2334 993 2376 necesse
1007 2319 1094 2376 omni·
1148 2315 1282 2387 wigorna
1296 2330 1347 2385 per
1360 2331 1422 2371 eum
1437 2323 1499 2373 tuac
1509 2318 1616 2373 noviter
1629 2318 1743 2378 instituti
1756 2320 1849 2395 aliqua
1877 2326 1948 2383 ultra

287 2409 383 2466 modis
396 2410 446 2465 luit
461 2428 468 2472 ς
485 2417 653 2481 quapropter
665 2407 805 2480 acquievit
820 2408 866 2464 ille
887 2409 956 2477 beo,
984 2410 1095 2479 acquie-
1150 2419 1232 2475 quam
1261 2404 1332 2459 serre
1359 2404 1479 2461 valerent
1507 2407 1655 2463 tentatione
1683 2418 1900 2480 concuterentur,
1926 2416 1950 2469 si

290 2499 397 2556 scendo
411 2498 540 2556 voluntati
554 2514 693 2554 servorum
711 2498 771 2553 Dei.
1149 2490 1284 2563 pastorali
1298 2508 1363 2547 cura
1375 2492 1495 2549 destituti
1508 2510 1562 2551 noo
1577 2494 1708 2554 habereut
1729 2514 1782 2569 quo
1809 2504 1952 2559 muniren-

329 2582 426 2639 Factus
439 2582 523 2655 igitur
536 2583 758 2653 archiepiscopus
769 2580 950 2638 Eboracensis
960 2583 1026 2655 (ιθ),
1037 2583 1095 2639 llo·
1151 2589 1203 2649 tor,
1218 2582 1348 2652 praecepit
1360 2582 1385 2637 ei
1399 2596 1434 2637 ex
1448 2583 1606 2641 auctoritato
1620 2587 1719 2641 summi
1734 2588 1860 2659 Pastoris,
1877 2608 1946 2663 qua-

291 2688 370 2727 mam
385 2671 483 2743 pergit,
500 2671 612 2743 pallium
628 2671 759 2728 Ecclesiae
773 2686 831 2726 suae
846 2671 967 2727 debitum
982 2680 1097 2742 aposto·
1152 2678 1229 2725 teous
1243 2685 1277 2726 ea
1291 2685 1344 2741 qua
1358 2670 1462 2727 solebat
1477 2671 1849 2747 diligentiailtisintenderet,
1861 2682 1952 2751 quoad

290 2759 1098 2832 licasederequisiturus,plurimaquenegotiaregui,prout
1151 2774 1295 2829 personam
1312 2768 1392 2816 tentia
1407 2761 1447 2817 rei
1474 2761 1605 2819 idoneam
1632 2764 1689 2821 Deo
1716 2776 1883 2826 monstrante
1911 2770 1951 2828 illi

290 2849 318 2906 ei
337 2865 390 2905 rea
400 2849 451 2904 sihi
465 2848 648 2922 delegaverat,
664 2864 725 2904 cum
745 2848 804 2919 ipso
831 2856 1000 2905 tractaturus.
1029 2850 1099 2904 Hinc
1151 2845 1314 2903 substituere
1328 2848 1429 2918 possit.

286 2938 409 3008 patriam
437 2952 572 3009 egressus,
599 2938 711 2993 transito
737 2936 816 3009 mari,
858 2938 977 2993 transitis
1021 2938 1099 2995 terris
1189 2937 1252 2990 Post
1266 2937 1324 3015 liaeo
1338 2936 1474 2994 instabant
1488 2938 1547 2995 dies
1558 2940 1747 3012 Rogatianum,
1764 2949 1892 3005 etservus
1902 2949 1951 3005 Dei

287 3026 474 3099 perieulomm
488 3025 688 3081 diversitatibus
702 3027 799 3097 plenis,
814 3028 930 3084 Romam
962 3028 1097 3098 pervenit,
1153 3023 1298 3080 Oswaldus
1312 3033 1420 3095 sumpto
1434 3027 1529 3085 itinere
1544 3030 1714 3087 Rameseiam
1730 3034 1796 3103 petit
1810 3036 1952 3107 (calvisi-

290 3117 419 3172 Romana
434 3115 535 3170 maenia
548 3113 629 3169 subit.
646 3114 713 3170 lade
725 3115 823 3171 loanni
847 3115 997 3186 apostolico
1025 3133 1098 3187 prae-
1153 3121 1210 3169 tara
1225 3112 1329 3169 scilicet
1352 3123 1379 3170 et
1407 3116 1542 3172 consolari
1570 3118 1677 3188 fratres,
1706 3136 1784 3191 quos,
1814 3133 1843 3178 at
1870 3141 1956 3196 supra

289 3208 428 3272 sectatus,
450 3202 507 3258 voti
535 3218 647 3274 compos
674 3201 798 3259 afficitur.
826 3205 948 3275 Denique
973 3214 1099 3275 suscepto
1153 3201 1335 3269 meminimus,
1345 3202 1508 3272 jamdudum
1520 3206 1558 3261 ihi
1571 3216 1707 3278 posuerat.
1724 3210 1807 3267 Adest
1823 3228 1830 3282 ;
1847 3222 1874 3269 et
1892 3231 1954 3272 iuo-

289 3292 379 3366 pallio
393 3291 468 3364 quod
480 3292 599 3363 petebat,
616 3292 717 3348 iunctis
732 3308 841 3366 quoquc
854 3293 994 3365 responsis
1016 3293 1100 3368 regiae
1153 3290 1233 3345 bachi
1248 3306 1297 3361 pro
1307 3306 1385 3348 more
1400 3293 1601 3351 nominatorum
1617 3296 1724 3353 dierum
1745 3302 1894 3371 procedunt
1921 3304 1956 3359 ad

292 3381 443 3454 legationis
456 3397 539 3452 quarn
554 3380 668 3448 larebat,
685 3381 836 3438 honorilice
849 3399 866 3438 a
878 3398 951 3455 papa
971 3383 1100 3438 dimissus
1153 3378 1294 3434 ecclesiam
1309 3381 1396 3438 heatae
1410 3383 1510 3451 llariae,
1526 3400 1587 3454 quea
1601 3385 1637 3440 ob
1653 3386 1858 3456 interiacentem
1873 3392 1954 3462 palo-

288 3469 418 3542 llngliam
435 3470 586 3538 reuertitur,
611 3485 738 3527 reversus
765 3487 783 3526 a
809 3471 932 3542 principe
961 3472 1040 3544 regni
1067 3487 1099 3527 ac
1114 3513 1140 3577 C
1155 3466 1218 3521 dem
1233 3469 1341 3524 noniiisi
1357 3470 1439 3542 longo
1454 3470 1625 3543 circuituper
1636 3475 1738 3530 siccum
1749 3476 1818 3532 adiri
1837 3479 1954 3536 valebat.

290 3574 381 3632 regno
395 3557 516 3630 gloriose
537 3557 675 3629 recipitur.
706 3560 771 3614 Post
797 3576 860 3631 quae
883 3560 989 3616 reddito
1018 3560 1097 3632 lega·
1154 3554 1206 3608 Ubi
1219 3554 1355 3610 celebrata
1370 3555 1526 3612 missateta
1550 3557 1676 3627 pontifice
1700 3561 1816 3618 solemni
1843 3574 1956 3634 peracto

290 3648 378 3703 tionis
392 3663 448 3703 suae
462 3661 604 3718 responso,
620 3654 647 3702 et
661 3647 720 3717 ipsc
733 3647 807 3719 quod
822 3647 849 3702 in
876 3648 1003 3704 omuibus
1028 3664 1097 3717 pru-
1151 3641 1356 3711 praedicationis
1381 3641 1479 3712 officio,
1505 3647 1633 3701 monachi
1669 3647 1868 3722 longitudinem
1906 3654 1958 3710 visa

289 3736 390 3792 denter
404 3735 509 3808 egisset
522 3735 632 3792 sublimi
646 3735 784 3806 praeconio
798 3750 814 3791 a
827 3735 1099 3810 cunctispraedicato,
1153 3743 1207 3800 qua
1221 3733 1350 3785 venerant
1378 3733 1541 3802 compendio
1570 3741 1672 3790 maure
1699 3737 1829 3806 volentes,
1858 3755 1956 3797 navam

289 3841 393 3898 magna
408 3825 482 3897 regis
508 3825 699 3881 benevolentia
725 3823 810 3880 [peius
835 3824 870 3881 ad
901 3825 997 3881 sedem
1024 3840 1100 3880 suam
1152 3817 1315 3886 ascendunt,
1332 3817 1367 3874 ad
1382 3820 1575 3879 monasterium
1589 3837 1640 3892 per
1660 3822 1771 3882 dorium
1799 3827 1843 3896 qui
1870 3827 1956 3885 iuter-

290 3914 500 3970 Eboracensem
514 3913 598 3970 vadii,
615 3913 666 3970 Ubi
687 3915 802 3986 egregio
829 3928 893 3970 eum
914 3915 1019 3971 honora
1044 3929 1101 3968 sus-
1153 3905 1213 3960 tluit
1225 3905 1347 3962 redituri.
1367 3907 1464 3964 Verum
1480 3909 1546 3964 dum
1560 3910 1650 3982 major
1664 3928 1794 3970 uumerus
1817 3915 1957 3974 hominurn

290 4011 401 4074 ceptus,
417 4018 479 4060 cuia
491 4002 580 4072 jubilo
604 4002 704 4074 plebis,
720 4017 782 4060 cuin
807 4002 912 4058 sonoris
940 4002 1101 4059 elericorum
1153 3993 1181 4048 iu
1197 4010 1294 4050 navem
1310 3995 1416 4068 lugeret
1430 4013 1511 4068 quam
1526 4000 1604 4055 navis
1617 4000 1688 4057 lerre
1704 3999 1817 4074 valeret,
1846 4015 1957 4064 onerata

292 4091 484 4160 concentibus,
500 4091 656 4147 cathedram
666 4099 708 4146 est
728 4091 991 4163 archiepiscopalem
1019 4091 1101 4148 inde·
1153 4081 1235 4138 nimis
1251 4085 1338 4157 mergi
1354 4086 1445 4157 cupit.
1457 4087 1609 4145 Turhautur
1622 4089 1649 4145 in
1670 4091 1732 4148 oevi
1764 4095 1953 4167 consistentes,

293 4189 367 4253 ptus.
381 4179 442 4248 Quo
458 4178 533 4236 lacto
552 4196 607 4235 non
621 4180 700 4250 quasi
713 4179 790 4234 rudis
811 4188 839 4236 et
863 4179 975 4248 inscius,
1003 4180 1052 4236 sed
1073 4187 1103 4235 ut
1154 4173 1259 4228 etmori
1275 4182 1407 4232 metuunt.
1423 4175 1596 4246 Exclamant,
1613 4195 1696 4252 opem
1719 4180 1791 4239 beati
1818 4184 1957 4242 Benedicti

290 4284 361 4325 vere
380 4270 508 4325 emeritus
522 4285 554 4325 ω
567 4269 712 4340 perspicax
726 4277 820 4339 pastor
848 4269 941 4325 ovium
968 4269 1029 4337 Dei,
1056 4268 1102 4325 die
1154 4275 1185 4316 ac
1200 4261 1240 4316 sui
1257 4261 1343 4317 Patris
1355 4262 1476 4320 oswaldi
1491 4264 1587 4322 afferre
1600 4267 1652 4322 sihi
1677 4269 1855 4339 postulantes.
1882 4274 1953 4330 Nam

295 4356 344 4413 illa
359 4357 540 4414 continentem
554 4357 753 4413 multitudinem
767 4365 821 4412 tam
849 4357 1011 4413 documento
1039 4357 1102 4414 vitae
1153 4349 1214 4419 ipse
1229 4349 1317 4420 Pallet,
1334 4351 1362 4405 itt
1384 4351 1441 4424 tipo
1469 4353 1591 4410 fluminis
1618 4355 1708 4412 adhuc
1736 4366 1821 4428 stans,
1848 4360 1881 4416 iis
1909 4363 1955 4432 qui

296 4447 434 4503 manentis
461 4462 542 4517 quain
569 4446 697 4502 alimento
725 4446 788 4502 vitae
814 4445 930 4501 labentis
963 4446 1104 4516 copiosius
1153 4451 1245 4492 secum
1260 4446 1336 4494 crant
1354 4438 1419 4496 utile
1433 4442 1558 4511 qiiaedam
1573 4456 1605 4500 ac
1637 4447 1795 4502 necessaria
1822 4447 1953 4518 dispone·

299 4535 388 4608 pavit,
404 4535 476 4590 Exin
489 4538 611 4592 tractans
623 4550 716 4591 secum
729 4534 796 4590 illud
812 4534 947 4604 Sapientis
969 4533 1033 4606 quia
1056 4534 1103 4591 cui
1155 4525 1219 4592 bat;
1237 4530 1266 4581 ut
1279 4535 1369 4583 tillem
1383 4529 1493 4584 auribus
1507 4529 1566 4600 ejus
1579 4530 1820 4601 clamorioaoouit,
1845 4543 1954 4608 §luporlt

298 4625 367 4696 ptus
377 4624 581 4689 committitur,
591 4624 657 4696 plue
670 4621 704 4679 ah
712 4636 743 4681 ec
753 4624 882 4694 salpitae
889 4622 968 4692 (Lac.
980 4637 1028 4690 aii,
1044 4622 1102 4692 48),
1155 4613 1294 4685 attonitus,
1311 4631 1373 4672 mox
1395 4616 1460 4674 illuc
1482 4617 1585 4674 lumina
1603 4619 1687 4690 flexit,
1703 4630 1730 4678 et
1759 4623 1855 4680 videns
1882 4623 1953 4681 filios

299 4713 376 4768 omni
391 4714 457 4768 hora
470 4710 588 4768 sollicite
601 4711 715 4767 curabat
726 4711 766 4766 ita
795 4711 847 4766 sihi
873 4710 1021 4767 commissa
1042 4711 1103 4766 dis-
1155 4701 1261 4758 ⁸¹1⁰⁸i¹1
1271 4703 1364 4758 ¹1¹⁰lli⁸
1377 4704 1501 4775 periculo
1516 4707 1633 4778 P⁰⁸il⁰⁸i
1652 4723 1700 4764 0⁰?
1714 4709 1749 4765 td
1762 4710 1861 4780 Deum,
1884 4713 1953 4768 ‘¹2¹-

300 4800 448 4872 pensanm,
463 4803 579 4856 meme
593 4807 620 4856 ei
633 4799 777 4856 cruciando
791 4799 959 4872 dispensare,
979 4805 1011 4856 ue
1036 4798 1104 4854 nihil
1118 4798 1224 4929 Πιιιιι
1241 4791 1350 4850 tetendit
1364 4793 1399 4849 ad
1414 4793 1485 4851 illos.
1502 4795 1562 4864 Quo
1581 4797 1659 4870 siguo
1669 4796 1758 4856 beatae
1768 4800 1854 4857 crucis
1871 4801 1954 4875 edito,

333 4982 391 5053 (26)
404 4981 564 5038 Oswaldum
588 4979 723 5036 oskitellc
750 4979 908 5035 immediate
935 4979 1099 5036 successisse
1151 4966 1289 5049 Ἶῑξῑῑῑῑυῦὶ
1305 4978 1436 5028 memorat
1450 4971 1604 5055 Registtum
1620 4974 1952 5104 flammeamjinttana-

296 5052 458 5119 Badmcros,
488 5051 641 5108 Florentius
673 5058 700 5107 at
736 5049 937 5106 ttaishurtensis
979 5052 1098 5107 baduot.
1152 5047 1312 5122 ⁵¹¹9⁰sss0ffi
1333 5043 1357 5124 ¹2
1372 5058 1402 5112 Ρ·
1422 5045 1496 5124 Mill·
1514 5045 1788 5115 Pflmtlm⁸¹¹1¹097²‚
1821 5049 1951 5108 ίθῦθῦῡΙ·

295 5123 487 5180 Adelwoldum
501 5131 592 5180 tamen
618 5123 791 5192 interponunt
804 5122 922 5177 Thomas
948 5122 1045 5178 Stubgg
1073 5130 1100 5178 et
1152 5110 1260 5166 lotionis
1273 5120 1358 5192 {fillebi
1374 5112 1494 5182 doenum,
1515 5115 1623 5185 quando
1632 5118 1782 5198 mOllstsshOS
1805 5119 1950 5180 dUOdEClm

297 5195 411 5250 simeon
436 5194 553 5250 punetm
580 5191 740 5248 edelwoldi>
766 5192 927 5265 dignitatem
960 5193 1098 5248 abrenun.
1151 5180 1472 5238 Westherieasessecom
1486 5183 1619 5242 adductos
1633 5187 1699 5242 inibi
1714 5187 1868 5248 collocarit.
1880 5194 1952 5250 Dein

298 5267 381 5322 tiaute
396 5262 780 5321 susccessitOswaldusanuo
794 5264 857 5319 972.
873 5263 1007 5318 lstoenim
1025 5277 1099 5319 auno
1151 5267 1222 5308 ³1¹110
1251 5254 1312 5334 974.
1337 5254 1445 5335 duassdfl
1470 5270 1525 5335 ¹¹9³
1548 5270 1611 5312 cum
1644 5258 1781 5340 llusssltsso
1807 5263 1951 5323 ecclesiam

296 5336 466 5406 archiepisco
487 5343 561 5390 atum
575 5335 774 5390 Eboracensem
788 5333 865 5388 illum
879 5333 1028 5389 obtinuisse
1039 5350 1099 5388 oar·
1151 5322 1352 5403 Rtmefflessffl
1369 5324 1516 5382 dedfflalll·
1531 5325 1642 5382 facium
1657 5329 1685 5385 ld
1700 5333 1879 5401 stssfl⁰⁹74ifi
1908 5337 1949 5393 ld·

296 5415 360 5464 rant
374 5353 533 5479 lngulpssua
549 5405 763 5477 wigorniensis,
778 5405 940 5461 llcuedenus
954 5405 1098 5460 etltonel·
1150 5394 1325 5461 N⁰V0mbl182
1354 5393 1509 5452 0⁸W³ldl¹¹¹¹
1536 5399 1680 5480 ⁰0l¹¹ll¹l¹¹²⁰
1704 5416 1759 5484 ¹¹0¹}
1800 5405 1948 5478 Dussssfflffli

297 5477 401 5534 mensis
415 5479 443 5532 in
458 5477 510 5533 pb,
523 5477 564 5534 De
605 5484 658 5532 ρει,
685 5490 744 5547 reg,
771 5475 852 5549 pugi,
883 5474 987 5546 Equam
1014 5490 1096 5542 anno,
1151 5463 1200 5518 sed
1214 5463 1572 5548 alluothotborcacestrensi
1591 5485 1721 5543 episcopo
1746 5482 1824 5542 iuxta
1852 5492 1949 5534 mona-

297 5564 392 5605 mense
404 5547 556 5620 Septembri
572 5492 639 5602 odiit
652 5547 770 5601 loannes
782 5562 865 5616 papa,
882 5561 899 5601 a
918 5559 971 5616 quo
985 5546 1097 5615 pallium
1150 5536 1232 5590 chum
1248 5536 1539 5618 &metteltsemttpud
1555 5540 1696 5623 lltbllloo.
1715 5559 1778 5600 saec.
1796 5562 1821 5615 v,
1833 5562 1860 5616 p.
1872 5550 1946 5618 ata).

296 5620 427 5676 Oswgpgo
440 5621 532 5675 gamm
547 5617 701 5674 gadmeffls
714 5617 815 5672 scribiq·
833 5617 1024 5672 nunepmfflgis
1047 5617 1097 5688 pgr.
1150 5605 1227 5662 ldem
1241 5614 1320 5662 etiam
1335 5623 1450 5678 primam
1466 5609 1583 5665 Oswaldi
1599 5615 1779 5670 visitationem
1802 5629 1946 5690 memorat,

297 5702 339 5748 ω,
355 5693 459 5762 lapsus,
475 5691 520 5761 qui
535 5689 574 5760 (in
587 5688 702 5759 epistola
715 5689 750 5743 du
763 5687 861 5758 pontif,
876 5687 971 5758 apog)
983 5686 1097 5758 pallium
1150 5683 1213 5732 ante
1227 5692 1328 5732 annum
1344 5685 1434 5734 autem
1462 5681 1513 5736 ata
1541 5683 1689 5754 contigisse
1709 5685 1805 5742 innuit.
1832 5687 1947 5744 Domum

296 5779 313 5819 g
341 5762 487 5819 gemaero
514 5761 628 5816 Joanmg
661 5773 818 5814 successore
858 5757 988 5814 donatum
1028 5757 1096 5815 vuli,
1150 5761 1222 5802 anno
1245 5751 1307 5829 991,
1336 5745 1482 5806 Oswaldus
1508 5752 1652 5810 ecclesiam
1680 5755 1883 5814 liamesieasem
1912 5758 1946 5814 ab

297 5835 377 5890 Certo
391 5833 477 5890 falsas
490 5831 609 5888 Thomas
624 5829 736 5898 Stuhbs,
751 5830 798 5902 qui
812 5828 953 5900 Stephano
966 5843 1045 5901 papae
1068 5829 1096 5884 id
1149 5817 1305 5873 Ethelwino
1318 5819 1418 5875 comite
1434 5820 1627 5904 reedificatum
1646 5825 1741 5881 iterum
1766 5828 1944 5900 consecravit,

297 5911 443 5974 acceptum
457 5903 549 5959 resen,
1151 5904 1178 5947 ιι
1193 5887 1235 5947 ld.
1252 5888 1420 5964 Nouembr.,
1432 5891 1498 5952 lana
1505 5909 1545 5966 iii,
1555 5900 1666 5954 auctore
1681 5897 1823 5955 Florentio.

333 5975 609 6051 (lathomarium
636 5972 812 6032 hamelense
833 5971 878 6030 bis
904 5970 940 6030 ab
967 5969 1096 6032 Osualdo

407 6073 637 6137 remeantia.
1782 6079 1817 6142 aa
