4750 6725
392 614 448 669 895

942 600 977 656 S.
995 596 1154 657 HUGONIS
1172 596 1314 653 thrlTlS
1330 596 1489 654 CLUNth.

1996 600 2055 652 896

386 734 505 793 lectione
516 745 582 788 uero
594 737 622 787 et
634 725 764 793 orations,
780 723 879 797 quibus
890 737 962 793 pene
973 721 1050 793 jugis
1073 720 1184 775 insiste·
1199 718 1228 779 A
1241 734 1296 790 qua
1323 722 1440 791 puritate
1467 728 1494 775 et
1516 719 1644 793 aequilata
1671 718 1766 794 culpas
1798 722 1973 791 discutiebat,
2002 722 2056 792 qui

386 822 444 891 bat,
477 822 517 877 ita
544 818 639 890 paucis
669 829 768 871 censeo
791 810 985 876 definiendum,
1010 809 1075 879 quia
1101 809 1142 864 sic
1155 808 1185 863 in

386 918 503 981 utroque
517 924 547 963 se
559 903 739 961 insatiabilem
758 899 920 957 ostendebat
932 914 965 953 ae
979 898 1012 967 si,
1026 912 1090 954 cunr
1104 896 1185 969 lege-

386 994 568 1068 sequemet
583 992 695 1049 viabilis
708 990 867 1060 loqueretur
881 1006 888 1050 ;
905 1003 968 1041 eum
995 1000 1060 1041 rero
1084 991 1184 1050 oraret,

386 1085 460 1143 facie
473 1085 508 1140 ad
522 1082 620 1137 faeiem
635 1096 696 1134 enm
712 1080 769 1134 Deo
783 1075 1019 1133 sermocinaretur.

420 1174 448 1228 3.
472 1168 715 1226 Misericordiarum
744 1174 836 1221 numm
851 1164 911 1234 ejus
926 1162 1064 1233 explicare
1086 1176 1186 1215 nume-

384 1276 446 1316 ruru
459 1274 513 1315 non
527 1256 642 1324 sufficio,
661 1254 766 1311 scilicet
780 1269 862 1325 quam
885 1250 949 1322 pius
958 1266 1025 1321 erga
1052 1248 1184 1315 subditos,

385 1363 469 1419 quam
482 1346 575 1420 largus
589 1345 663 1401 circa
676 1358 812 1414 pauperes
827 1340 922 1406 fuerit,
943 1354 1025 1410 quam
1039 1336 1188 1392 benevolus

385 1446 439 1492 tam
451 1434 525 1491 circa
538 1434 644 1489 alienos
658 1446 741 1502 quam
755 1430 829 1486 circa
852 1428 1018 1484 domesticos
1046 1423 1186 1480 exstiterit.

385 1523 531 1579 Enimvero
545 1528 625 1577 tautae
639 1518 781 1575 charitatis
800 1525 828 1572 et
854 1515 995 1571 modestice
1021 1528 1094 1569 circa
1117 1512 1188 1567 filios

385 1611 540 1667 habebatur
553 1618 583 1664 ut
598 1609 625 1662 in
642 1608 702 1663 dies
724 1621 853 1661 numerus
867 1620 961 1659 eorum
976 1609 1133 1672 augeretur,
1162 1607 1189 1655 et

385 1700 493 1756 felicem
509 1715 538 1753 se
564 1697 683 1769 quisque
704 1695 879 1749 arbitraretur
892 1691 937 1762 qui
951 1691 1001 1745 sub
1017 1698 1092 1745 tanto
1106 1692 1189 1743 Patre

387 1788 423 1843 ad
438 1784 625 1842 conversionis
641 1784 759 1855 gratiam
775 1782 944 1853 perveniret.
963 1780 1033 1833 Nam
1061 1778 1097 1833 de
1111 1778 1188 1833 elee-

386 1875 507 1944 mosynis
533 1872 602 1941 ejus,
618 1873 665 1941 qui
679 1870 762 1941 digne
783 1870 886 1925 referat
900 1870 914 1921 ‘f
929 1866 1036 1936 Quibus
1050 1866 1088 1922 ita
1110 1866 1188 1920 insu-

388 1962 471 2017 dabat
500 1968 528 2015 ιιι
548 1967 650 2031 praeter
663 1958 850 2029 quotidianum
863 1958 964 2011 rictum
979 1955 1058 2011 etism
1086 1962 1188 2021 vestes,

1238 808 1363 863 iudicem
1377 808 1537 865 secutorum
1552 824 1722 865 aaaemorem
1738 810 1840 867 habere
1867 810 2051 867 merebatur.

1239 896 1316 951 llune
1325 894 1425 967 itaque,
1439 904 1468 952 ut
1482 896 1576 966 lemur,
1603 896 1643 953 uir
1657 896 1707 953 iste
1723 906 1804 955 tantae
1817 898 1991 955 auctoritatis
2024 908 2055 954 et

1239 984 1335 1055 gratim
1358 984 1395 1040 oh
1422 984 1574 1056 disciplinae
1596 985 1769 1043 serentatem
1797 993 1825 1043 et
1852 986 2054 1057 temperantiae

1240 1071 1474 1127 mansuetudinem
1501 1072 1631 1129 blandum
1645 1074 1761 1130 vocabat
1787 1074 1922 1143 iudicem,
1953 1075 1990 1129 oh
2024 1074 2055 1127 id

1241 1160 1368 1229 maxima,
1397 1161 1461 1231 quia
1483 1168 1512 1216 ut
1538 1170 1626 1219 mater
1652 1160 1717 1217 filiis
1743 1162 1945 1231 blandiebatur,
1976 1166 2008 1219 et
2024 1172 2055 1218 ut

1241 1254 1318 1319 pater
1332 1248 1431 1304 delicta
1444 1250 1610 1321 corrigebat.

1277 1340 1304 1393 5.
1334 1337 1387 1393 Sed
1405 1337 1480 1407 dum,
1496 1338 1560 1408 quid
1575 1338 1647 1395 circa
1671 1340 1841 1411 Stephanum
1864 1356 1966 1411 papam
1999 1356 2054 1411 per

1242 1432 1422 1495 sumgesturu
1437 1427 1480 1492 sit,
1497 1427 1652 1496 eotasidero,
1681 1444 1736 1484 nou
1752 1429 1787 1485 ab
1810 1446 1849 1493 re,
1879 1430 1945 1485 huic
1970 1427 2054 1499 operi

1242 1512 1417 1569 inserendum
1434 1514 1571 1571 existimo.
1588 1515 1637 1573 llic
1651 1517 1751 1573 etenim
1778 1518 1851 1588 apud
1880 1518 2051 1573 Florentiam

1242 1601 1326 1658 ltaliae
1352 1602 1447 1659 urbem
1471 1602 1624 1660 infirmitate
1653 1606 1818 1674 decubabat,
1848 1615 1875 1662 et
1903 1620 1960 1661 non
1988 1606 2053 1659 sine

1243 1690 1292 1745 Dei
1307 1692 1396 1761 gratia
1410 1707 1427 1747 a
1441 1700 1535 1749 sancto
1551 1693 1610 1748 viro
1624 1692 1761 1763 visitatus,
1777 1702 1838 1764 post
1853 1693 1971 1749 multum
1987 1708 2053 1749 eum

1243 1793 1276 1835 eo
1292 1778 1414 1834 habitum
1429 1780 1607 1851 colloquium,
1632 1788 1662 1837 ut
1689 1782 1762 1837 inter
1789 1798 1885 1837 manus
1909 1780 2054 1852 ejusmori

1242 1875 1391 1923 mereretur
1417 1868 1564 1924 Dominum
1588 1869 1728 1935 exorabat,
1759 1884 1908 1927 eumeces
1937 1869 2054 1925 humani

1244 1955 1355 2027 generis
1370 1956 1504 2024 inimicus,
1517 1957 1591 2011 horis
1605 1958 1705 2028 quibus
1725 1956 1765 2013 vir
1778 1958 1827 2013 Dei
1838 1958 1945 2023 aberat,
1964 1957 2051 2013 obtu-

386 2057 444 2105 tam
459 2048 487 2103 in
500 2048 590 2103 hicum
605 2063 688 2119 quam
703 2047 730 2100 in
744 2052 839 2101 astate
862 2044 1026 2116 pauperibus
1052 2056 1188 2115 congruas
1203 2080 1230 2141 Β
1246 2044 1317 2098 tibus
1331 2042 1471 2099 morientis
1485 2044 1621 2115 pontilicis
1634 2062 1664 2101 se
1677 2046 1802 2119 ingerere
1823 2054 1850 2101 et
1878 2046 1991 2101 horrore
2007 2047 2051 2099 sui

388 2145 567 2209 compararet,
593 2144 621 2191 et
648 2150 718 2206 pene
746 2133 878 2206 quidquid
906 2132 1008 2188 trabere
1024 2139 1140 2204 poterat,
1160 2130 1189 2185 in

389 2240 484 2281 eorum
498 2222 705 2279 necessitatibus
730 2222 892 2278 insumeret.
913 2220 1060 2278 Ohdelem
1089 2219 1191 2276 Christi

390 2313 627 2384 dispensatorem!
643 2313 687 2367 eui
701 2328 801 2382 parum
818 2318 953 2381 eratpane
966 2307 1189 2389 pauperesalere·

386 2401 441 2456 nisi
456 2417 503 2456 eos
516 2400 642 2457 carnibus
651 2399 790 2471 saginaret
805 2416 812 2463 ;
829 2414 938 2469 parum,
964 2398 1018 2452 nisi
1032 2397 1130 2452 crebro
1145 2411 1192 2454 eos

391 2488 457 2546 vino
469 2488 618 2545 taetffieeret
629 2508 637 2555 ;
648 2504 755 2558 pamm,
771 2487 827 2541 nisi
839 2501 1029 2557 saepenumero
1044 2484 1190 2556 argenteis,

389 2576 528 2633 interdum
556 2592 621 2632 rero
645 2583 673 2631 et
687 2575 778 2631 aureis
792 2591 840 2630 eos
865 2581 1052 2630 remuneratos
1062 2573 1186 2627 baberet.

391 2666 426 2721 fit
436 2666 501 2737 quid
516 2664 542 2720 ei
556 2665 616 2721 haec
630 2664 732 2732 omnia,
761 2664 815 2718 nisi
830 2663 914 2719 vestis
939 2661 1023 2718 etiam
1046 2660 1192 2731 multiplex

390 2750 620 2823 sequereturlltd
634 2751 761 2823 algorem
788 2750 981 2823 depellendum
1004 2750 1091 2805 laneae
1105 2758 1193 2804 vestes

391 2840 560 2912 parabantur
576 2856 583 2903 ;
599 2839 635 2894 ad
648 2847 743 2895 aestum
771 2837 971 2911 reprimendum
990 2837 1070 2893 lineae
1083 2853 1193 2891 coeme-

391 2928 489 2983 bantur
504 2943 511 2996 ;
528 2935 555 2982 et
572 2943 607 2983 ne
622 2926 724 2998 aliquid
739 2928 844 2982 deesset
858 2924 1193 2996 perfectaecharitati,ipsa

391 3031 438 3072 eas
452 3031 516 3070 cum
530 3014 666 3082 fratribus,
696 3014 743 3086 qui
771 3015 811 3069 illi
839 3014 1009 3083 assistebant,
1032 3014 1194 3084 plerumque

392 3103 556 3164 consuebat;
574 3110 630 3158 tum
642 3118 707 3159 vero
727 3102 922 3167 calceamenta,
938 3118 991 3157 non
1017 3102 1077 3156 sine
1104 3116 1193 3157 axun-

393 3191 438 3257 gia
479 3205 532 3259 qua
574 3197 742 3261 ungerentur
777 3189 964 3246 distribuebat.
993 3190 1088 3259 Neque
1116 3188 1194 3263 illum

1246 2140 1363 2187 mentem
1379 2133 1439 2203 ejus
1451 2141 1551 2189 terrere
1567 2142 1647 2205 atque
1663 2135 1780 2201 turbare,
1791 2135 1839 2189 sed
1860 2134 1894 2189 ed
1916 2134 1970 2189 riri
1997 2134 2052 2188 ltei

1245 2220 1398 2293 ingressum
1415 2219 1517 2291 fugere,
1531 2236 1557 2277 et
1567 2222 1688 2293 quandiu
1702 2238 1764 2277 cum
1779 2238 1811 2277 eo
1826 2230 1886 2277 erat
1900 2238 1956 2277 nou
1978 2222 2053 2277 ultra
2152 2246 2153 2251 ¹

1245 2324 1385 2377 apparere.
1402 2307 1482 2379 Quod
1497 2309 1543 2365 ubi
1560 2318 1727 2381 compertum
1743 2319 1795 2379 est,
1823 2310 1858 2365 ab
1881 2310 1942 2381 ipso
1976 2326 2051 2380 pon-
2153 2368 2154 2377 ἶ

1245 2394 1317 2451 tifrce
1340 2396 1452 2451 summis
1470 2396 1600 2468 precibus
1615 2406 1710 2468 postea
1737 2399 1872 2467 detentus,
1898 2414 1985 2470 usque
2014 2400 2051 2452 ad

1246 2485 1348 2539 exitum
1361 2486 1420 2555 ejus
1435 2501 1496 2539 cum
1511 2500 1544 2542 ao
1557 2486 1715 2557 permansit,
1731 2494 1757 2541 et
1771 2502 1874 2557 corpus
1899 2486 1972 2556 eJus,
1993 2488 2052 2541 suis

1246 2572 1470 2628 nrurrihuslotum
1498 2582 1524 2629 et
1553 2574 1672 2629 funereis
1691 2574 1814 2630 vestibus
1833 2574 1995 2643 involutum,
2024 2576 2051 2629 ln

1246 2660 1370 2731 sepulcro
1386 2661 1494 2717 locavit.

1282 2752 1308 2802 6.
1324 2748 1382 2803 Nec
1408 2749 1506 2803 mirum
1533 2749 1556 2805 si
1583 2751 1618 2806 ad
1638 2750 1703 2805 tanti
1723 2751 1770 2807 viri
1790 2751 1962 2822 praeentiam
1987 2752 2052 2805 clia-

1246 2835 1326 2891 bolus
1342 2837 1497 2910 fugabatur,
1512 2840 1591 2909 cujus
1604 2839 1714 2908 spiritus
1728 2840 1756 2894 in
1771 2848 1875 2895 tautum
1891 2840 1948 2894 Deo
1959 2838 2052 2894 adhar-

1246 2924 1327 2980 rebat
1341 2933 1370 2979 ut
1384 2925 1465 2981 etiam
1489 2926 1547 2997 lpse
1562 2928 1592 2981 in
1606 2942 1726 2997 persona
1747 2944 1803 2983 suae
1829 2928 1965 2982 Dominus
1988 2928 2050 2995 ejus

1248 3013 1367 3068 Christus
1394 3014 1428 3067 ad
1456 3029 1518 3069 eunt
1557 3015 1721 3071 visitandum
1747 3017 1839 3071 venire
1877 3016 2050 3087 dignaretur.

1248 3102 1327 3169 Quod
1342 3110 1408 3157 tunc
1423 3118 1530 3173 quoque
1545 3104 1609 3159 licet
1620 3104 1746 3159 dissimili
1758 3105 1851 3176 priori,
1882 3121 1936 3159 non
1961 3114 2053 3159 tamen

1248 3190 1347 3262 impari
1374 3192 1542 3247 revelatione
1557 3193 1663 3261 claruit,
1680 3194 1789 3264 quando
1810 3194 1921 3265 quidam
1951 3194 2053 3259 senior,

391 3275 500 3345 loanni,
517 3277 564 3349 qui
592 3278 629 3333 ob
643 3277 856 3332 immensitatem
871 3277 1105 3348 eleemosynarum
1120 3276 1195 3330 solus
1248 3278 1317 3333 sicut
1328 3278 1400 3333 idem
1416 3286 1445 3333 ut
1459 3280 1606 3346 credimus,
1620 3281 1693 3339 dese
1704 3282 1781 3355 quasi
1793 3282 1828 3337 de
1843 3282 1896 3337 alio
1907 3280 2053 3349 referebat,

392 3367 421 3424 iu
449 3365 573 3424 Ecclesia
605 3367 813 3440 cognominatur
854 3367 994 3436 Eleemon,
1033 3365 1194 3421 dissimilem
1248 3367 1337 3438 ipsum
1351 3368 1558 3440 Redemptorem
1587 3385 1649 3425 cum
1677 3371 1792 3440 cithara,
1822 3370 1851 3424 in
1878 3369 2052 3426 Cluniarensi

393 3455 476 3511 frume
490 3455 627 3524 crederes,
652 3455 717 3510 dum
746 3457 886 3512 thesauros
914 3454 1141 3527 incomparabiles
1167 3423 1234 3507 inC
1251 3457 1333 3513 choro
1360 3456 1521 3526 psallentem
1546 3473 1638 3514 eorem
1657 3459 1774 3530 siugulis
1803 3457 1943 3524 iratribus,
1961 3459 2052 3517 rtdttr

395 3559 489 3600 eorum
504 3543 663 3616 profligaret
676 3544 802 3614 expensis
819 3586 825 3613 ,
841 3551 870 3598 et
883 3543 956 3616 quod
971 3543 1051 3600 alicui
1065 3542 1196 3614 potentis
1251 3551 1344 3600 cantus
1358 3553 1458 3612 autem,
1475 3546 1521 3616 qui
1537 3545 1707 3614 audiebatur,
1737 3546 1782 3602 illa
1804 3546 1964 3618 evangelica
1980 3547 2054 3601 anti-

393 3631 464 3687 simo
478 3631 538 3705 regi
553 3631 677 3688 sufficere
692 3632 726 3688 ad
746 3631 856 3688 divitias
879 3633 1041 3698 crederetur,
1073 3633 1123 3686 hoe
1137 3631 1197 3702 ipse
1250 3632 1647 3705 phonaemtzSedercuulem
1671 3649 1789 3700 mecum,
1814 3651 1873 3692 nora
1893 3638 1934 3689 ert
1957 3651 2053 3690 mmm

392 3720 531 3776 multoties
558 3720 588 3776 in
611 3735 761 3792 pauperum
781 3719 898 3777 miseriis
926 3721 1099 3794 dispergeret
1123 3717 1196 3774 rele-
1251 3721 1400 3778 dorsuobir
1414 3740 1420 3785 t
1436 3721 1592 3795 sedquibur
1606 3727 1744 3796 puratum
1768 3729 1810 3780 ert
1836 3742 1854 3778 o
1878 3725 1966 3778 Patre
1993 3739 2054 3779 meo

392 3808 499 3864 randis.
1251 3811 1361 3880 (botta.
1372 3827 1419 3880 xx,
1435 3811 1491 3883 23),
1509 3820 1572 3867 tunc
1586 3812 1670 3867 etiam
1699 3819 1786 3868 lautus
1811 3811 1879 3868 odor
1901 3811 2052 3867 coelestium

429 3915 456 3970 4,
474 3913 546 3983 Quid
560 3914 595 3970 de
608 3913 661 3970 fide
675 3915 735 3986 ejus
747 3913 919 3970 memorabili
934 3914 1034 3984 dicam,
1050 3929 1104 3987 qua
1123 3913 1198 3983 apud
1250 3909 1402 3954 aromatum
1418 3899 1594 3956 effervescere
1604 3900 1760 3967 uidebatur,
1776 3907 1806 3956 ut
1818 3907 1977 3955 cunctorum
1993 3899 2053 3954 fra-

395 4002 484 4058 Deum
499 4002 567 4056 tanti
585 4001 674 4056 meriti
688 4001 784 4056 claruit
798 4010 827 4056 ut
841 4009 868 4057 et
877 4009 940 4057 vota
967 4003 1029 4072 ejus
1042 4001 1195 4057 exaudiret·
1251 3989 1387 4060 filistiim
1403 3988 1591 4046 b³¹⁰³ffl⁰l¹¹m
1605 4005 1735 4060 sulferm
1746 3990 1913 4044 ὓῑθᾱθΐθωΐ·

396 4097 424 4143 et
438 4089 606 4158 frequenter,
621 4089 666 4144 uel
679 4104 712 4143 eo
726 4089 869 4160 ignorante
885 4089 929 4144 rel
952 4105 985 4144 eo
997 4089 1118 4155 absente,
1147 4105 1197 4160 per
1571 4095 1683 4152 CAPUT
1698 4095 1733 4150 ll.

395 4176 488 4248 il³⁸¹¹¹¹¹
516 4175 629 4231 lilium
656 4179 841 4247 ⁰P0ffll01111'?
855 4179 935 4242 Nam,
962 4185 992 4232 ¹¹²
1013 4177 1048 4232 ad
1071 4177 1124 4231 ²¹5⁸
1148 4189 1198 4231 ⁸1¹0
1252 4183 1884 4256 besanrlurapoeufr,oeqr·iamorbisliheroti.
1898 4181 2055 4254 Templonc

396 4263 458 4320 loco
472 4263 642 4334 perveniam,
658 4264 776 4335 primum
796 4266 917 4321 omniurn
933 4265 1023 4336 ipsum
1051 4263 1085 4320 de
1099 4263 1197 4320 Salva·
1383 4254 1510 4310 cenobio
1520 4259 1672 4311 exstructo
1686 4259 1737 4310 out
1753 4257 1919 4324 reformato.

398 4360 455 4408 lore
483 4351 643 4408 miraculum
672 4353 707 4408 ad
734 4353 854 4410 medium
896 4353 1072 4421 deducamus,
1112 4351 1197 4423 quod,
1288 4345 1317 4398 7.
1343 4343 1400 4397 Nec
1424 4342 1491 4399 illud
1519 4343 1626 4400 silentio
1660 4341 1847 4414 Oblegendtlm
1870 4355 1952 4396 censo
1982 4339 2055 4412 quod

397 4440 522 4514 quamuis
535 4440 594 4511 ipse
608 4456 662 4496 non
675 4441 787 4509 viderit,
814 4442 894 4497 testis
908 4449 999 4497 tamen
1013 4440 1102 4496 fidelis
1125 4455 1199 4511 papa
1252 4433 1361 4506 quidam
1377 4431 1470 4500 frater,
1487 4431 1596 4488 nomine
1613 4432 1730 4500 Pontius,
1754 4431 1854 4486 diviua
1879 4427 2054 4484 animadver-

397 4528 548 4601 Gregorius
563 4529 703 4600 septimus,
720 4529 767 4603 qui
779 4529 978 4585 Hildehmndus
1006 4537 1086 4585 antea
1113 4543 1197 4584 voea-
1253 4521 1336 4576 sionis
1344 4519 1477 4591 judicium
1492 4520 1558 4574 inse
1572 4535 1642 4590 pene
1656 4519 1792 4586 sensisset,
1810 4517 1860 4572 nisi
1888 4517 1912 4573 ei
1937 4515 2055 4570 scelestis

396 4616 485 4684 baim·¹
500 4617 722 4688 hujusreifuiaee
735 4618 917 4690 gognosqilup,
934 4619 980 4675 Sic
1006 4618 1105 4674 etenim
1133 4617 1199 4671 dum
1252 4611 1350 4681 pietas,
1365 4609 1555 4679 perltuneDel
1570 4623 1675 4664 servum
1690 4605 1871 4663 subvenissel.
1907 4605 2053 4660 Nemeum

400 4703 518 4777 quadam
533 4705 577 4760 die
592 4706 620 4759 in
635 4706 802 4762 cluniacensi
822 4707 941 4777 capitulo
965 4708 1072 4778 (utpote
1098 4721 1198 4762 mons·
1253 4697 1326 4770 apud
1340 4698 1479 4770 quandum
1500 4697 1609 4765 cellam,
1634 4697 1675 4752 cui
1704 4697 1781 4752 bons
1805 4697 1862 4764 (85)
1890 4692 2054 4750 uocabulum

400 4793 584 4850 chusetadue
597 4793 728 4850 Romanae
752 4794 881 4851 Ecclesia
908 4795 1098 4864 subdiaconus)
1120 4794 1200 4849 beato
1214 4777 1240 4838 Ῑ)
1256 4793 1304 4855 esf,
1321 4787 1343 4841 it
1357 4787 1391 4840 de
1409 4802 1463 4857 (111⁰
1473 4787 1562 4858 agitur
1577 4786 1663 4841 fralet
1677 4787 1842 4849 moltt'elur·
1858 4781 1977 4851 illutque
2004 4794 2054 4834 le·

397 4882 460 4938 uiro
468 4882 608 4950 assideret,
623 4898 770 4938 conversus
784 4883 931 4939 Dominum
946 4884 1037 4938 lesum
1063 4882 1105 4936 illi
1133 4897 1201 4937 eon·
1256 4876 1338 4930 uisset
1353 4876 1431 4930 Pater
1453 4875 1629 4940 reverendus,
1644 4873 1700 4940 ille,
1717 4872 1780 4945 quia
1795 4885 1866 4933 eum,
1883 4877 1977 4939 utpote
2005 4867 2057 4921 ad·

400 4971 497 5026 sedere
511 4970 589 5039 vidit,
618 4979 648 5026 et
675 4972 751 5044 quasi
779 4974 807 5026 in
821 4972 940 5046 singulis
962 4971 1074 5042 judiciis
1087 4970 1147 5038 ejus
1161 4968 1202 5027 illi
1257 4979 1351 5022 versus
1372 4964 1478 5020 Patrem
1506 4965 1587 5019 stulte
1614 4977 1796 5029 murmurans,
1816 4959 1912 5014 videre
1936 4957 2057 5020 nolebat,

400 5059 515 5128 faveret,
530 5059 607 5114 vultu
622 5067 651 5115 et
668 5060 760 5116 habitu
782 5061 875 5116 hilaris
889 5059 1052 5132 apparebat.
1080 5060 1143 5114 lllox
1157 5057 1203 5112 ille
1255 5052 1380 5108 simulato
1395 5053 1527 5124 languore
1541 5052 1577 5106 ad
1591 5049 1820 5108 lectumsecesslt.
1840 5045 1896 5102 Sed
1912 5051 2017 5116 quanto
2030 5059 2059 5098 se

401 5148 507 5202 cunctis
523 5148 705 5217 stupentibus,
713 5165 771 5203 rem
786 5149 926 5220 siquidem
938 5149 1048 5219 penitus
1070 5148 1201 5219 ignorau-

402 5232 485 5302 tibus,
501 5241 575 5289 tanto
600 5235 688 5292 ludici
702 5253 860 5309 assurgens,
872 5238 994 5292 medium
1008 5252 1043 5292 vo
1056 5235 1120 5290 ebat
1134 5249 1203 5291 con-

402 5321 522 5376 sitituere
544 5321 694 5378 dominum.
725 5325 846 5380 Tandem
874 5341 890 5380 a
919 5324 1005 5381 Patre
1019 5323 1202 5391 sanctissimo,

404 5424 452 5465 cur
465 5407 499 5463 de
510 5409 574 5464 sede
588 5411 759 5480 surrexisset,
774 5413 927 5484 requisitus,
956 5412 1089 5469 visionem
1110 5413 1203 5482 (quam

1256 5141 1413 5196 subtrahere
1427 5141 1485 5196 viro
1499 5139 1548 5196 Dei
1569 5141 1729 5206 conabatur,
1746 5144 1821 5192 lanto
1853 5135 1909 5190 vita
1932 5133 1966 5188 de
1995 5147 2060 5187 cor-

1256 5245 1324 5300 pore
1338 5231 1402 5300 (non
1409 5230 1467 5301 jam
1483 5245 1515 5284 ex
1531 5227 1648 5296 fictione,
1665 5227 1796 5282 sedcerta
1808 5221 1974 5291 valetudine)
1985 5220 2060 5275 crire

1257 5317 1460 5386 festinabatur
1475 5325 1503 5372 ut
1514 5315 1573 5386 jum
1589 5331 1655 5371 voce
1669 5313 1802 5372 saucibus
1811 5313 1941 5376 haerente,
1953 5307 2062 5380 loquela

1257 5405 1395 5463 deficeret.
1411 5405 1532 5461 Curritur
1546 5405 1582 5459 ad
1596 5404 1671 5474 pium
1688 5411 1832 5474 pastorem,
1848 5407 1876 5453 ut
1886 5413 1965 5453 orem
1989 5411 2059 5465 pene

1258 5496 1419 5567 migrantem
1434 5509 1539 5548 summo
1556 5491 1660 5548 Pastori
1674 5489 1891 5546 commendaret.
1921 5483 1983 5539 lloa
2012 5484 2059 5538 ille

1258 5587 1420 5652 accelerans,
1436 5581 1635 5638 absolutionem
1647 5575 1893 5636 commendationis
1912 5571 2052 5645 premisit,

408 5496 505 5568 quibus
519 5497 606 5552 oculis
620 5497 743 5568 uidisset,
758 5503 862 5556 nescire
873 5519 902 5556 se
913 5501 1057 5568 fatebatur)
1066 5507 1095 5554 ut
1108 5499 1203 5569 praeli·

409 5585 545 5654 bavimus,
566 5586 692 5657 exposuit
707 5604 713 5641 :
729 5588 758 5642 in
786 5605 840 5658 quo
857 5589 1026 5660 perpendere
1046 5604 1204 5661 possumus,

456 5792 512 5858 (85)
525 5793 598 5847 luter
612 5791 828 5849 claromontense
840 5793 969 5850 dioecesis
983 5793 1140 5863 decanatus,
1153 5809 1222 5848 unus
1237 5791 1270 5850 ds
1284 5787 1424 5849 dontibus
1437 5788 1544 5856 dicitur,
1573 5785 1742 5846 cluniacensi
1770 5782 1932 5840 monasterio
1956 5777 2057 5834 uttitus·

418 5861 488 5918 Vide
502 5863 694 5920 bibliothecam
709 5865 761 5919 col.
774 5866 854 5920 tiss.
