4750 6725
415 528 465 586 dil
930 519 1089 580 decucat
1110 513 1389 577 ctNtdtttttthts
1408 518 1568 578 donncttt
2018 522 2075 584 891

418 653 539 728 gratioso
553 649 709 725 suscipiam,
724 649 804 723 eique
818 665 885 722 pace
900 663 932 705 ec
942 647 1090 705 securitate
1114 643 1216 717 potitus
1229 639 1476 702 Aauctoritatem:
1493 646 1567 702 unde
1581 661 1642 704 cum
1657 661 1752 704 omues
1766 645 1873 704 siteutio
1885 647 1974 719 pressi
2001 664 2074 707 coa·

418 743 488 800 sicut
501 740 612 798 domino
627 748 654 796 et
668 737 727 812 regi
740 753 802 794 meo
816 735 933 794 fideliter
947 744 973 793 et
986 741 1138 808 opportune
1170 733 1220 788 de·
1275 730 1425 802 ticuisseut,
1440 742 1570 791 statutum
1585 742 1668 791 estut
1694 752 1712 791 a
1736 751 1791 809 quo
1817 736 1930 809 pallium
1958 737 1986 793 in
2014 741 2074 794 dn·

420 831 550 888 serviam.
567 829 597 888 si
611 829 663 884 boc
677 842 731 884 non
742 826 809 895 vult,
826 825 901 882 scitis
915 825 987 898 quod
1003 826 1030 880 in
1052 828 1126 881 bunc
1145 822 1220 878 diem
1274 815 1331 887 gtia
1345 817 1463 874 delatum
1478 828 1527 887 est,
1543 818 1693 876 abeodem
1714 819 1887 877 cantuariam
1915 837 1999 894 super
2028 822 2074 879 al-

421 918 549 978 couveuit
564 918 710 974 internos.
729 916 781 972 Det
794 915 897 972 scilicet
911 913 978 970 mihi
993 915 1154 970 conductum
1165 911 1219 966 do·
1275 910 1333 961 lara
1345 905 1492 962 Salvatoris
1506 907 1665 978 deferretur,
1681 914 1709 963 et
1722 909 1786 964 iude
1800 908 1837 964 ab
1850 910 1979 967 Anulum
1994 911 2075 983 qussi

418 1023 469 1064 uec
483 1006 516 1064 ad
533 1022 608 1062 mare
622 1004 790 1077 perveniam,
807 1010 833 1061 et
848 1003 1020 1075 postmodum
1036 999 1220 1075 quodintelfi·
1273 989 1309 1047 da
1324 1009 1406 1050 mand
1421 995 1493 1051 beati
1508 997 1580 1052 Petri
1607 1013 1657 1068 pro
1685 997 1800 1068 summi,
1827 1014 1882 1070 quo
1896 998 2072 1072 fungebatur,

421 1091 883 1171 gammefaceredeberefeciam.
909 1091 1031 1147 Nihilne
1056 1089 1145 1158 nobis,
1173 1087 1219 1143 in·
1273 1082 1445 1151 pontificatus
1471 1085 1582 1155 bonore,
1629 1093 1789 1141 sumeretur.
1832 1088 1979 1159 dequievit
2013 1088 2075 1144 istis

418 1185 522 1256 quiunt,
538 1182 610 1238 aliud
625 1181 703 1238 dices
715 1182 754 1234 u.
772 1179 863 1236 Refert
879 1197 884 1234 :
918 1203 928 1228 a
947 1180 1016 1236 Hinc
1029 1179 1107 1247 nibil,
1128 1175 1220 1232 domi·
1274 1171 1417 1229 multitudo
1431 1174 1542 1239 omnlst
1559 1173 1629 1229 etin
1642 1190 1697 1245 quo
1711 1174 1748 1232 ita
1762 1173 1851 1245 lieret,
1877 1173 2004 1248 prefixus
2031 1185 2076 1233 est

412 1290 463 1328 uus
477 1287 547 1344 papa
574 1270 711 1338 Urbanus,
736 1269 821 1338 aiunt,
839 1276 935 1342 rogatu
951 1268 1052 1325 domini
1068 1266 1151 1322 nostri
1179 1280 1220 1320 re·
1274 1259 1342 1316 dies.

412 1362 454 1436 gis
468 1360 565 1418 stolam
580 1359 618 1415 illi
631 1357 883 1429 archiepiscopatus
911 1373 962 1430 per
985 1357 1144 1429 episcopum
1173 1353 1219 1424 qni
1310 1351 1443 1406 tosthae
1457 1352 1647 1407 anselmuma
1672 1352 1749 1409 curia
1777 1352 1962 1409 discedentem
1987 1355 2076 1410 secuti

412 1450 448 1507 de
462 1451 549 1507 llome
562 1449 647 1516 venit,
664 1447 776 1502 direxit.
801 1447 887 1501 Tuum
902 1446 985 1517 igitur
1011 1445 1062 1501 en't
1089 1442 1219 1501 conside-
1273 1446 1334 1494 sunt
1348 1439 1468 1509 episcopi
1494 1439 1549 1496 duo
1572 1439 1706 1496 llobertus
1732 1441 1948 1497 derefordiensis
1971 1442 2020 1514 td),
2048 1449 2077 1499 et

413 1555 477 1596 rare
493 1537 557 1609 quid
572 1544 649 1593 tanto
678 1533 812 1591 beneflcio
840 1535 953 1608 dignum
984 1534 1043 1607 regi
1072 1532 1216 1605 rependas.
1273 1525 1677 1598 Osmondus(etSerberieasis,
1692 1529 1880 1599 paenitentiam
1894 1531 1969 1600 apud
1997 1530 2075 1587 illum

413 1627 493 1697 Quod
508 1626 581 1683 enirn
598 1625 657 1680 aine
678 1624 770 1679 multis
786 1621 916 1693 periculis
939 1637 1095 1695 magnoque
1123 1621 1218 1676 labore
1272 1622 1386 1688 agentes
1399 1631 1450 1686 pro
1464 1617 1545 1688 culpa
1560 1633 1617 1673 sue
1631 1617 1835 1690 abnegationis,
1848 1635 1929 1690 quarn
1942 1635 2003 1675 eum
2013 1619 2075 1676 aliis

418 1725 499 1789 atque
514 1713 682 1771 constamine
696 1714 736 1781 (n)
746 1712 869 1768 obtinere
889 1726 1054 1783 nonpossos,
1066 1725 1129 1766 occe
1143 1709 1218 1767 nullo
1271 1704 1442 1777 coepiscopis
1476 1706 1532 1760 suis
1560 1705 1682 1762 fecerant
1720 1707 1793 1778 apud
1833 1706 2071 1780 ltocbingbebam.

413 1803 615 1861 interveniente
629 1801 800 1874 gravamine,
817 1801 884 1855 siin
902 1808 928 1856 te
956 1815 1011 1856 uon
1038 1798 1216 1866 remanserit,
1272 1791 1324 1860 Qui
1340 1794 1466 1848 misertus
1475 1809 1569 1850 eorum
1584 1793 1703 1851 absolvit
1717 1809 1765 1850 eos
1779 1795 1809 1850 in
1836 1795 1957 1865 quadam
1983 1797 2076 1854 eccle·

413 1891 508 1948 habes.
526 1913 538 1940 s
555 1891 645 1948 Sensit
661 1889 688 1943 in
702 1888 746 1944 his
774 1888 929 1956 anselmus,
945 1888 1028 1943 nimis
1056 1887 1216 1958 implicitum
1270 1879 1351 1947 stota,
1367 1898 1430 1953 quae
1444 1897 1474 1938 se
1493 1883 1572 1938 nobis
1585 1882 1681 1938 obtulit
1707 1881 1910 1940 ambulantibus
1935 1885 2078 1956 proposita

415 1980 554 2053 negotium
567 1979 706 2035 actitatum
727 1985 819 2035 contra
844 1995 883 2047 so,
911 1985 938 2033 et
970 1977 1093 2032 anxiatus
1121 1975 1217 2047 spiritu
1232 1995 1259 2055 B
1272 1968 1326 2025 via.
1342 1969 1384 2025 tbi
1397 1971 1480 2026 etiam
1494 1971 1611 2027 vilfrido
1621 1972 1661 2042 (d)
1677 1972 1807 2044 episcopo
1821 1972 1915 2029 Sancti
1929 1974 2022 2030 David
2041 1975 2077 2030 de

416 2069 495 2126 dixit.
511 2068 558 2124 «Ο
574 2066 739 2124 beneficium
754 2067 760 2121 l
777 2067 856 2137 cujus
876 2064 1020 2122 estimatio
1032 2081 1156 2136 quanam
1185 2064 1221 2119 sit
1274 2058 1378 2127 Gualis,
1394 2059 1441 2130 qui
1456 2059 1629 2132 vutgobewt
1645 2068 1763 2130 vocatur,
1777 2061 1840 2132 ipsa
1863 2061 1931 2118 bora
1956 2063 2076 2120 reddidit

419 2158 492 2230 apud
519 2172 576 2225 me,
604 2155 679 2212 novit
704 2155 837 2212 Dominus
874 2153 1010 2226 inspector
1045 2153 1221 2210 conscientie
1273 2147 1428 2220 episcopale
1443 2147 1574 2216 officium,
1589 2163 1606 2204 a
1620 2165 1688 2221 (1¹1⁰,
1703 2149 1924 2222 0¹tdtttlt⁰ttlpa
1938 2152 2076 2223 clumam

418 2261 523 2303 meaea·
554 2243 703 2300 Dixerunt:
736 2241 1022 2314 «Quomodoeunque
1051 2241 1112 2298 facti
1140 2242 1222 2312 bujm
1273 2243 1355 2292 antea
1368 2236 1483 2308 ipsemet
1496 2237 1575 2294 illurn
1591 2239 1778 2310 suspenderat.

416 2335 554 2392 exsecutio
568 2333 662 2389 sedeat
676 2332 769 2389 animo
783 2340 838 2396 tuo,
856 2331 999 2387 laudamus
1014 2339 1039 2387 et
1055 2331 1221 2386 consulimus
1309 2325 1416 2383 Deinde
1431 2327 1627 2383 doroberniam
1647 2327 1861 2398 properavimus,
1882 2327 1939 2385 illie
1965 2329 2076 2386 adven·

418 2431 447 2480 ut
458 2423 554 2479 saltem
569 2421 641 2494 quod
656 2421 684 2476 in
698 2421 743 2476 ria
758 2420 938 2493 expenderes,
948 2419 969 2474 si
978 2435 1028 2492 pro
1043 2419 1096 2476 hoc
1106 2419 1220 2475 Romam
1275 2421 1331 2469 turn
1355 2414 1471 2471 Romani
1491 2415 1611 2488 episcopi
1635 2415 1896 2486 praestolaturi.Qui
1926 2417 2076 2489 episeopus

414 2513 478 2582 ires,
494 2511 614 2588 regides,
629 2525 673 2581 ne,
690 2510 714 2564 si
741 2509 810 2564 nibil
826 2508 935 2576 feceris,
951 2507 1065 2578 injurius
1077 2507 1218 2579 judiceris.
1270 2502 1350 2574 juxta
1364 2505 1531 2572 condictum,
1546 2503 1591 2559 die
1618 2503 1771 2575 Dominica,
1800 2521 1862 2576 quae
1888 2515 1951 2562 erat
1979 2516 2076 2579 quarto

417 2601 475 2657 Nec
490 2602 542 2656 boc
557 2600 679 2672 quidem,
696 2598 743 2664 eit,
760 2613 811 2654 nec
824 2597 936 2654 omnino
956 2595 1037 2666 hujus
1064 2596 1102 2652 rei
1130 2598 1220 2669 gratia
1272 2591 1335 2647 idus
1348 2593 1420 2647 iunii
1435 2593 1518 2657 veuit,
1534 2591 1648 2663 pallium
1662 2594 1691 2648 in
1703 2594 1955 2666 argenteacapsula
1968 2595 2075 2652 decen-

418 2689 567 2762 quidquum
577 2686 615 2743 ittt
631 2685 704 2743 dabo
719 2685 762 2742 vel
779 2685 886 2742 faciam.
902 2685 943 2740 td
958 2685 1073 2740 nibilum
1088 2684 1217 2754 tenditur,
1273 2680 1376 2736 tissime
1390 2681 1527 2738 deferens.
1543 2683 1667 2752 itumque
1681 2692 1723 2738 est
1749 2683 1861 2739 obviam
1887 2700 1904 2738 a
1930 2685 2076 2740 monacbis

413 2778 503 2834 sinite.
520 2799 531 2826 a
549 2777 682 2832 Praeterea
702 2789 761 2846 quta
787 2783 923 2853 quantave
952 2789 1032 2845 super
1057 2774 1117 2828 istis
1144 2772 1219 2829 fucta
1272 2767 1374 2841 inipso
1388 2769 1531 2840 metropoli
1545 2771 1610 2825 sede
1637 2770 1755 2827 Domino
1782 2771 1889 2828 Christo
1918 2771 2076 2828 famulanti·

416 2871 491 2935 sunt,
504 2879 631 2921 enarrare
645 2863 730 2936 piget.
748 2864 809 2920 Post
824 2879 884 2935 quae
899 2863 990 2918 omnia
1004 2877 1064 2930 rex,
1088 2869 1117 2918 ut
1144 2862 1218 2916 dini·
1271 2857 1323 2913 bus
1337 2858 1472 2915 associato
1485 2858 1537 2914 sibi
1553 2859 1664 2914 fratrum
1690 2868 1825 2916 conventu
1853 2859 1951 2916 vicinus
1981 2860 2077 2916 beato·

420 2969 492 3022 mus,
507 2954 660 3026 principum
675 2967 786 3007 suorum
814 2951 930 3007 consilio
959 2967 1034 3015 usus,
1060 2949 1219 3020 posthabite
1272 2963 1331 3002 rum
1346 2947 1532 3018 apostolorum
1545 2948 1616 3002 Petri
1631 2955 1657 3003 et
1680 2947 1754 3003 Pauli
1781 2947 1911 3018 mosaic,
1927 2965 1989 3005 curn
2019 2966 2073 3006 uu·

417 3043 505 3099 omnis
530 3040 659 3112 preteriti
688 3040 797 3096 discidii
825 3055 916 3108 cause,
946 3039 1074 3095 dnselmo
1101 3037 1218 3111 gratiam
1271 3052 1380 3092 merore
1415 3036 1575 3093 clericorum
1601 3053 1653 3093 nec
1691 3053 1746 3092 nou
1770 3037 1904 3093 immensa
1939 3038 2073 3094 laicorum

419 3145 497 3187 suam
524 3130 607 3203 gratis
635 3128 764 3198 reddidit,
794 3135 820 3184 et
856 3127 1086 3198 quemadmodum
1116 3135 1218 3199 patrem
1272 3126 1372 3184 diversi
1386 3141 1468 3182 serus
1481 3127 1571 3181 aetatis
1585 3125 1755 3182 multitudine
1767 3127 1814 3198 (e).
1830 3127 1910 3183 Pater
1922 3126 2003 3182 etiam
2014 3128 2075 3200 ipse

415 3221 493 3292 regui
506 3219 675 3290 spiritualem
690 3224 718 3274 et
731 3217 889 3289 episcopum
910 3215 1218 3288 cantuariensem,quod
1271 3213 1420 3286 episcopis,
1433 3215 1479 3286 qui
1491 3215 1528 3270 ob
1542 3215 1594 3271 boc
1608 3215 1783 3270 cantuariam
1809 3223 1950 3284 venerant,
1976 3215 2075 3272 dextra
2176 3260 2177 3263 ι

415 3307 457 3365 aui
471 3305 553 3364 officii
565 3304 636 3363 foret
650 3305 726 3361 illum
738 3319 846 3378 quaque
859 3319 909 3377 per
936 3303 1062 3378 angliam
1087 3319 1218 3361 exercere
1231 3347 1257 3413 C
1271 3303 1394 3375 levaque
1407 3304 1522 3377 stipatus
1543 3319 1576 3361 ac
1598 3311 1774 3375 sustentatus,
1802 3318 1880 3361 sacro
1908 3303 1982 3361 beati
2007 3319 2074 3376 apo·

414 3395 561 3454 concessit.
577 3394 655 3464 Quod
670 3410 731 3451 curu
751 3394 830 3451 Pater
844 3393 932 3467 gratio
946 3410 978 3448 us
1005 3393 1161 3465 accepisset,
1191 3401 1219 3449 et
1272 3394 1403 3449 stolorum
1419 3393 1548 3464 principis
1561 3395 1667 3450 muneri
1681 3394 1761 3449 nudis
1773 3394 1899 3465 pedibus,
1914 3394 1965 3451 sed
1989 3394 2073 3450 iudu-

416 3485 524 3541 douetis
538 3484 600 3541 hinc
620 3484 686 3539 inde
710 3482 851 3540 retroactis
878 3483 1004 3555 querelis,
1034 3482 1117 3539 curiae
1145 3482 1218 3537 illius
1272 3488 1315 3537 tus
1329 3483 1413 3538 sacris
1427 3482 1549 3539 restibus
1562 3482 1677 3539 devotus
1687 3482 1814 3539 occurrit.
1831 3483 1891 3539 'fati
1917 3483 2074 3540 devotionis

418 3573 491 3645 apud
504 3573 709 3629 windlesoram
739 3588 768 3628 se
796 3578 998 3643 praesentasset,
1028 3588 1059 3627 ac
1090 3570 1218 3626 familiari
1270 3572 1353 3639 cultu,
1369 3572 1481 3643 pultium
1508 3587 1591 3644 super
1619 3571 1704 3627 altare
1730 3571 1849 3628 delatum
1876 3572 1912 3627 ab
1938 3571 2073 3628 Anselmo

415 3663 538 3737 alloquio
553 3662 581 3717 in
594 3665 741 3734 conspectu
756 3676 900 3733 procerum
914 3670 941 3717 et
953 3661 1112 3718 coadunatae
1128 3659 1217 3715 multi·
1270 3668 1438 3732 assumptum
1454 3668 1503 3727 cst,
1520 3666 1601 3734 atque
1624 3660 1659 3716 ab
1687 3660 1815 3717 omnibus
1840 3676 1892 3733 pro
1919 3661 2073 3717 reverentia

418 3752 520 3809 tudinis
534 3752 624 3823 ipsum
639 3750 809 3822 detinuisset,
825 3750 1215 3807 ecceWultcrusillelloma-
1269 3751 1354 3805 sancti
1383 3750 1455 3805 Petri
1483 3750 1642 3822 suppliciter
1675 3750 1873 3807 deosculatum.
1897 3749 2011 3807 Indutns
2037 3766 2072 3805 eo

417 3858 471 3897 nus
491 3840 611 3897 adicnit.
641 3842 855 3912 Ingressusque:
886 3840 940 3906 Dra,
966 3838 1053 3911 inquit
1082 3837 1215 3905 alludens,
1267 3838 1393 3909 pontifex
1411 3839 1511 3895 debinc
1524 3854 1645 3893 summus
1670 3840 1705 3894 ad
1733 3838 1897 3895 celebranda
1923 3838 2071 3895 missarum

413 3930 651 4004 quomdcoamef
666 3928 919 4000 qucmjscoadom
931 3926 1215 3998 babitaresrotresin
1267 3928 1410 3996 solemnia,
1426 3942 1602 4001 magnorum
1616 3928 1720 3985 bonore
1734 3927 2071 4000 adductus,altarioprae·
2174 3981 2175 3996 ,

413 4016 779 4088 rrncm(Psci.cxrxn,t).
799 4014 992 4071 Etsodcusde
1006 4030 1073 4086 pecc
1088 4015 1214 4088 quadam
1268 4024 1400 4073 sentatur.
1415 4017 1456 4071 ad
1471 4031 1553 4087 quam
1566 4016 1678 4072 missam
1703 4017 1815 4073 recitata
1839 4023 1879 4073 est
1903 4031 1953 4089 pro
1981 4016 2071 4073 officio
2174 4005 2175 4024 ¹

412 4122 447 4163 ex
461 4104 612 4161 Dominicis
626 4103 716 4162 verbis
729 4103 849 4175 protulit,
866 4103 980 4159 laudens
994 4118 1053 4158 eam
1068 4104 1213 4161 interillos
1267 4105 1354 4177 ipsius
1362 4105 1416 4161 diei
1431 4105 1478 4161 illa
1490 4103 1633 4178 Evangelii
1647 4104 1738 4172 lectio,
1754 4120 1838 4177 quam
1864 4104 1894 4160 in
1920 4120 2071 4163 consecra·

411 4192 562 4260 revexisse,
578 4207 659 4265 quarn
674 4191 908 4248 verecundabatur
921 4207 971 4248 sua
984 4192 1213 4249 industriesatam
1267 4193 1342 4251 tione
1370 4194 1492 4264 ejusdem
1518 4193 1653 4265 pontificis
1676 4194 1795 4249 diximus
1830 4210 1912 4266 super
1937 4193 2071 4251 verticem

408 4282 437 4339 in
453 4283 492 4339 eis
505 4298 560 4338 non
572 4281 663 4338 fuisse.
1267 4283 1327 4354 ejus
1341 4283 1488 4353 inventam,
1504 4284 1557 4338 boc
1571 4291 1627 4338 est:
1643 4282 1735 4340 Homo
1744 4282 1859 4356 paidom
1872 4283 1943 4354 fecit
1957 4298 2070 4339 coeaam

446 4373 513 4427 Cum
529 4377 618 4427 autem
633 4371 668 4426 de
684 4369 761 4443 pallii
777 4370 948 4444 susceptione
962 4378 1097 4444 ageretur,
1113 4379 1140 4428 ot
1150 4370 1212 4443 qui·
1266 4386 1410 4444 mapsam,
1429 4375 1459 4427 et
1473 4373 1583 4428 vocavit
1597 4372 1712 4439 maltos,
1721 4375 1752 4427 et
1767 4371 1848 4427 misit
1855 4386 1969 4427 seruum
1984 4386 2071 4428 scam

409 4464 474 4519 dem
488 4476 539 4532 pro
553 4460 689 4530 captanda
704 4458 778 4531 regis
790 4461 879 4532 gratia
893 4461 980 4516 virum
995 4460 1029 4515 ad
1043 4461 1095 4516 boc
1115 4460 1214 4517 ducere
1266 4460 1858 4530 borccoenoedtcereinvitatisutuenireat,
1867 4460 2003 4533 quiajam
2012 4477 2069 4532 pc·

406 4549 576 4619 molirentur,
593 4556 622 4604 ut
636 4563 687 4619 pro
711 4548 795 4622 regie
820 4550 972 4620 majestatis
992 4548 1211 4617 honorificentie,
1265 4549 1805 4621 rammntomataeueperaatstmat
1819 4563 2068 4606 omncsexcasare

405 4640 475 4697 illud
487 4654 536 4712 per
549 4653 658 4694 manum
686 4638 758 4711 regis
781 4638 950 4709 susciperem
982 4654 1037 4694 non
1061 4638 1210 4710 acquievit,
1267 4640 1345 4710 (istc.
1361 4653 1422 4706 mv,
1438 4640 1494 4708 ta),
1510 4644 1564 4695 etc.
1578 4635 1658 4706 Quod
1670 4636 1709 4694 sic
1722 4636 1846 4695 evenisse
1860 4638 1999 4693 nonnullis
2014 4638 2066 4693 ed-

404 4726 602 4785 rationabiliter
616 4724 764 4783 osteadens
778 4727 831 4783 boc
847 4727 948 4783 donum
964 4742 1017 4782 non
1042 4727 1077 4782 ad
1103 4728 1210 4800 regiam
1224 4702 1251 4764 D
1266 4727 1404 4782 miratioui
1420 4727 1481 4796 fuit,
1496 4726 1646 4797 praesertim
1662 4742 1725 4783 cum
1739 4726 1791 4782 hoo
1814 4726 1890 4782 nullo
1915 4727 2066 4798 praemedi-

405 4817 577 4891 dignitatem
592 4814 640 4871 sed
654 4814 689 4871 ad
706 4814 875 4886 singularem
889 4814 962 4871 beati
979 4814 1050 4871 l‘atri
1074 4816 1210 4886 pertinere
1263 4824 1347 4887 tante,
1361 4816 1439 4873 nullo
1453 4815 1651 4889 preordinante
1678 4815 1829 4872 constiterit
1854 4822 1955 4873 comm.
1985 4820 2065 4872 Atta-

1054 4910 1269 4971 ttttuscttmttt
1287 4914 1401 4972 NOTAE.

440 5000 481 5081 (a)
496 5005 642 5063 Teutonice
656 5005 765 5077 fortan,
781 5006 867 5064 Gallis
882 5010 1001 5076 rodier,
1017 5006 1131 5063 barbare
1144 5024 1211 5067 con·
1264 5011 1493 5078 renuntiaverant,
1508 5009 1555 5065 ubi
1571 5010 1654 5066 sonti
1669 5008 1702 5067 ttt
1716 5010 1830 5069 scillicet
1842 5010 1896 5067 duo
1910 5010 1962 5069 viri
1977 5013 2065 5070 sancti

404 5098 484 5153 stare
498 5094 615 5152 dicitur:
631 5094 695 5151 bino
709 5100 887 5165 sorrstcmea,
903 5111 1032 5168 expensae
1045 5102 1070 5153 et
1085 5106 1209 5168 sumptus
1261 5100 1380 5173 primum
1395 5098 1573 5156 emendandae
1586 5114 1657 5156 nora
1683 5100 1853 5158 occasionem
1879 5100 1979 5171 cupido
2002 5118 2064 5157 am-

402 5184 531 5241 faciendi.
1260 5188 1338 5260 plexi
1351 5193 1433 5253 suut;
1450 5188 1533 5245 ceteri
1548 5204 1627 5258 quam
1651 5205 1747 5261 pamm
1773 5196 1897 5246 curarent
1918 5202 2064 5246 censuram

439 5276 476 5348 (b)
491 5274 672 5333 S.Wufstano
680 5275 855 5332 charissimus
879 5274 928 5330 fuit
941 5274 986 5332 hic
1003 5274 1141 5331 liebertus
1150 5274 1206 5331 He·
1259 5276 1459 5345 commeritum,
1485 5277 1547 5349 ipso
1575 5276 1754 5334 absolutionis
1779 5277 1908 5349 peteuda
1935 5279 2063 5353 neglectu

403 5364 624 5423 rifordieusiseb
652 5380 748 5437 eoque,
779 5380 850 5420 auno
879 5366 948 5419 toat
973 5372 1088 5432 mortuo,
1122 5363 1205 5419 etiam
1258 5364 1348 5439 pelam
1364 5364 1462 5423 fecere.

402 5454 627 5527 ipscttdmonitus
641 5456 676 5509 de
699 5452 850 5525 propinqua
872 5460 960 5511 morte
987 5469 1044 5523 sua,
1074 5452 1127 5509 boc
1155 5468 1206 5509 suo
1292 5453 1590 5528 (d)lluchilfridum
1600 5455 1997 5515 lleueveusemiuWallorum
2006 5461 2062 5513 dn·

403 5544 484 5615 lapsu
500 5544 648 5601 declaravit
667 5558 748 5613 quam
777 5542 812 5596 sit
836 5540 945 5599 dttttcite
973 5557 1028 5598 non
1054 5540 1204 5612 aliquando
1255 5542 1363 5599 nulibus
1380 5540 1487 5613 Gaiffrd
1511 5543 1670 5615 appelatum
1697 5544 1793 5600 scribit
1821 5545 1992 5603 Godowinus
2019 5546 2060 5603 De

402 5632 465 5691 laedi
481 5649 543 5688 euru
558 5632 604 5703 qui
619 5629 719 5704 pendet
737 5630 771 5685 ab
784 5630 859 5686 aula.
1256 5631 1393 5704 episcopis
1405 5630 1532 5704 anglia:
1549 5630 1617 5687 obiit
1629 5645 1702 5689 auno
1715 5632 1803 5689 atta:
1827 5634 1862 5691 de
1887 5634 1949 5705 ejus
1974 5634 2058 5692 abso-

437 5722 476 5794 (ι)
491 5718 1204 5779 diiasScrircariensirsiveSbcrbcaensir:colitur
1256 5720 1359 5777 lutione
1378 5718 1443 5791 quid
1463 5720 1597 5776 consuerit
1621 5720 1764 5779 Pascbalis
1778 5723 1801 5778 tt
1824 5721 1961 5780 indicatam
1986 5722 2059 5780 infra

403 5818 494 5867 autem
510 5807 665 5866 osmundus
679 5815 708 5863 ut
722 5816 831 5865 sauctus
847 5824 875 5865 ιιι
903 5808 1073 5865 Decembris.
1106 5807 1204 5867 Ceteri
1255 5808 1304 5865 lib.
1320 5824 1360 5865 m.

403 5905 495 5959 actem
508 5896 708 5969 novemdecim,
723 5898 770 5971 qui
783 5897 826 5955 sui
834 5896 1032 5972 archiepiscopi
1040 5896 1203 5955 obedientie
1293 5897 1332 5973 (e)
1344 5900 1422 5957 duno
1435 5912 1519 5972 supra
1530 5898 1651 5959 indicato
1659 5902 1740 5975 tcta,
1749 5900 1841 5961 littera
1847 5900 2011 5962 Dominicali
2020 5902 2056 5967 D.
