4750 6725
295 1996 305 2011 “
406 1972 615 2034 Cantuarienses
629 1962 774 2021 immittere
801 1951 922 2020 nolebat,
951 1941 1109 2001 tumeliam
1138 1935 1184 2006 qui

402 667 451 728 ΕΜ
910 627 1068 694 stuntabl
1083 609 1362 685 antUtmnltsts
1374 604 1533 665 MONACEl
2002 599 2056 655 guo

399 787 677 868 circumluente
692 783 724 839 iis
737 793 798 852 quae
809 775 883 830 Deus
897 781 952 823 non
963 757 1104 834 approbat,
1110 751 1193 824 plau·
1206 745 1236 808 Α
1251 740 1302 796 bro
1317 736 1438 809 pretam
1447 730 1574 788 Eistoriae
1589 725 1774 795 meminimus,
1790 724 1826 781 ad
1844 723 1973 798 regimen
2000 722 2056 779 ab·

401 889 459 960 dat,
475 883 603 960 quoniam
618 876 691 934 unde
706 869 748 926 isti
763 874 901 924 coronam,
911 850 1022 911 indeilli
1036 845 1195 912 novitaequo
1249 827 1331 885 batiae
1345 823 1438 882 Sancti
1453 819 1599 876 Edmundi.

398 976 502 1050 jndicio
516 983 623 1044 paenam
640 971 804 1038 prerogare·
822 948 876 1050 Sed
891 946 926 1001 de
940 943 993 1010 bib
1014 938 1067 993 ¹1³0
1090 929 1196 987 issieiiffl
1285 943 1333 999 llis
1346 940 1444 996 diebus
1458 935 1533 993 missi
1549 940 1613 990 sunt
1626 934 1741 989 Romam
1756 929 1854 999 nuntii,
1870 927 1918 1002 qui
1941 927 2057 1000 pallium

401 1059 594 1124 ricasufficiat.
608 1055 674 1111 Dies
689 1048 763 1106 enirn
776 1040 841 1098 malr
857 1042 928 1094 sunt.
1250 1030 1457 1101 archiepiscopo
1471 1021 1658 1082 Cantuariensi
1673 1019 1709 1076 ab
1728 1019 1881 1092 apostolica
1908 1017 1974 1073 sede
2003 1015 2057 1073 de·

1250 1123 1363 1178 ferrent.
1379 1118 1497 1172 Fuerunt
1511 1121 1601 1168 autern
1615 1111 1654 1179 bi,
1669 1111 1789 1164 loannes
1802 1107 1955 1163 monachus
1969 1105 2057 1178 Sagii,

401 1281 474 1333 mus,
491 1275 601 1336 operam
615 1257 701 1318 daret,
717 1245 868 1323 postulatus
889 1253 906 1294 a
932 1229 1061 1306 pontifice
1077 1227 1197 1282 Cantua-
1251 1211 1297 1281 qui
1312 1207 1393 1281 paulo
1408 1213 1472 1261 aute
1484 1205 1536 1259 hos
1551 1200 1652 1256 diesin
1667 1197 1794 1254 abbatem
1809 1197 1981 1251 burchorum
1995 1200 2060 1264 post

400 1351 503 1412 riorum
517 1358 567 1418 est,
582 1352 717 1421 quatenus
732 1335 783 1392 sibi
797 1329 961 1389 monachum
985 1315 1115 1376 Ecclesiae
1129 1311 1199 1367 Can·
1252 1297 1396 1370 ltraesssium
1413 1291 1582 1362 ssffluipifflffl
1596 1289 1699 1344 ⁰¹²⁰i¹¹⁸
1714 1287 1803 1341 fumi
1826 1290 2059 1349 0²00¹1⁸⁰⁰¹⁸⁸¹¹¹⁸s

403 1440 560 1508 raniensis,
576 1445 638 1492 tunc
652 1428 763 1504 quidem
791 1420 918 1479 abbatem
945 1410 1121 1468 Buvcborum,
1149 1399 1200 1454 Er·
1251 1384 1414 1444 Warnerius
1441 1379 1592 1437 monachus
1634 1373 1848 1440 cantuariensis,
1878 1380 1905 1427 et
1940 1373 2062 1437 ioannes

403 1531 507 1589 nulfum
523 1525 643 1592 nomine,
661 1517 798 1582 redderer,
813 1517 843 1565 ur
857 1521 919 1564 eum
932 1497 1051 1557 Rollensi
1073 1488 1199 1548 Ecclesiae
1253 1475 1368 1532 clericus
1394 1470 1467 1526 lilius
1501 1465 1606 1524 sororis
1635 1462 1847 1535 archiepiscopi,
1870 1461 1916 1532 qui
1943 1460 2060 1516 Romam

405 1624 466 1679 loco
482 1613 618 1693 pontilicis
630 1602 793 1676 sibimetipsi
808 1597 978 1666 subrogaret.
1005 1587 1038 1642 Et
1059 1585 1111 1638 lroc
1137 1577 1200 1650 qui·
1253 1563 1394 1621 venientes
1409 1559 1511 1615 litteras
1524 1555 1598 1628 regis
1618 1552 1769 1624 anglorum
1797 1558 1825 1606 et
1848 1547 2059 1619 archiepiscopi,

406 1713 469 1768 dem
484 1707 610 1770 iaciebat,
627 1707 684 1754 tum
710 1693 773 1766 quia
796 1684 955 1760 sapientiam
983 1693 1014 1733 ac
1041 1668 1201 1744 religionem
1255 1658 1528 1720 conventusquoque
1542 1644 1655 1699 lratmm
1685 1639 1815 1696 Ecclesiae
1842 1636 2060 1702 cantuariensis,

404 1796 525 1856 bominis
552 1794 718 1862 compertam
747 1777 876 1844 babebat,
904 1779 961 1827 tum
988 1764 1053 1838 quia
1078 1761 1143 1834 igno

405 1899 551 1963 personam
566 1893 649 1950 super
662 1875 748 1948 ipsam
763 1864 915 1926 Ecclesiam
938 1857 982 1913 vel
1009 1853 1078 1910 inter
1105 1848 1184 1902 tratre

438 1180 508 1234 Dum
522 1175 612 1242 itaque
626 1183 675 1223 rex
688 1157 876 1219 Ecclesiarum
891 1137 1072 1218 dispositioni,
1082 1143 1112 1192 ut
1124 1131 1197 1190 dini-

1146 1761 1201 1812 mm
1256 1750 1282 1797 et
1304 1737 1461 1812 singulatim
1486 1732 1609 1790 omniurn
1637 1745 1708 1802 pene
1736 1727 1929 1800 episcoporum
1955 1725 2064 1798 Angliae

1187 1860 1202 1900 ς
1255 1829 1369 1886 domiuo
1385 1841 1465 1899 papae
1480 1821 1647 1880 detulerunt.
1666 1817 1788 1888 Quorum
1816 1817 1969 1873 litteramm
1994 1829 2063 1869 unas

1187 1949 1204 1989 a
1256 1921 1291 1975 de
1305 1912 1492 1974 omnibusbic
1510 1923 1613 1984 ponere
1640 1922 1696 1963 non
1723 1905 1773 1962 abs
1798 1922 1830 1962 re
1853 1901 2063 1971 estimavimus,

1104 2024 1204 2082 andum
1256 2007 1380 2066 volentes
1395 2011 1422 2060 et
1436 2001 1554 2059 aliarum
1568 2013 1665 2054 sensus
1683 1995 1810 2066 perillus
1837 1993 1964 2068 agnosci.
1996 1992 2065 2049 Sunt

1217 2097 1342 2170 Bigitur
1356 2096 1419 2149 bae:

1297 2217 1308 2243 ι
1327 2189 1441 2250 bomine
1455 2194 1555 2244 sancte
1569 2183 1733 2243 universalis
1744 2179 1874 2238 Ecclesia
1884 2193 2067 2249 summopas·

1339 2278 1473 2347 Pascbali,
1491 2281 1642 2332 conventus
1655 2271 1789 2329 Ecclesiae
1812 2268 1915 2325 Christi
1943 2268 2066 2324 cantua-

1382 2367 1477 2423 fideles
1491 2364 1630 2422 orationes
1643 2370 1669 2418 et
1682 2361 1765 2418 totius
1789 2367 1889 2416 sanctae
1911 2357 2068 2415 devotionis

405 2082 437 2124 se
451 2081 486 2122 ex
500 2058 638 2118 vicinitate
652 2050 739 2125 ipsius
753 2045 867 2102 multum
881 2035 1006 2111 sperabat
1019 2029 1101 2099 adjuv

406 2157 435 2214 in
450 2147 627 2224 dispositione
639 2155 730 2198 rerum
756 2148 879 2190 suarum.
898 2123 978 2195 Quod
1006 2136 1055 2176 rex
1081 2129 1203 2189 perpen-

407 2244 486 2310 dens,
502 2237 618 2294 libenter
631 2228 737 2288 annuit.
756 2223 894 2280 abductus
907 2214 992 2288 igitur
1001 2208 1114 2266 abbaso
1134 2203 1204 2258 Eur-

407 2332 461 2388 cbo
476 2336 525 2399 cst,
543 2332 569 2382 et
584 2316 736 2380 Cantuariae
751 2315 778 2368 in
793 2307 910 2381 capitulo
926 2302 1040 2358 lratmm
1056 2295 1090 2352 ab
1109 2291 1205 2349 archi·
1258 2283 1322 2352 tori,

411 2421 541 2492 episcopo
556 2431 582 2470 lv
597 2411 662 2467 Kal.
683 2400 808 2462 Octobris
829 2397 986 2469 episcopatu
1013 2382 1143 2448 Rollensi,
1172 2396 1206 2436 ex
1259 2372 1366 2439 nensis,

409 2509 521 2581 antiquo
549 2516 627 2558 more
656 2493 809 2558 investitus,
837 2477 1063 2542 convenientibus
1093 2471 1127 2528 ad
1154 2471 1207 2524 hoc
1260 2459 1432 2532 obsequium.

409 2610 528 2668 cumque
543 2587 707 2664 eligentibus
721 2576 872 2642 monachis,
889 2568 1005 2636 clericis,
1021 2572 1048 2620 et
1074 2560 1150 2617 laicis
1172 2557 1207 2612 ad
1298 2572 1310 2598 «
1326 2549 1427 2604 Notum
1442 2560 1503 2602 esse
1517 2559 1572 2601 non
1585 2541 1752 2598 dubitamus.
1771 2560 1782 2588 s
1800 2546 1852 2594 erc.
1868 2537 1932 2596 vm
1946 2538 1979 2592 p„
1994 2534 2068 2592 pm,

408 2691 499 2760 ipsum
515 2680 700 2754 episcopatum
714 2663 921 2743 pertinentibus,
938 2667 965 2714 et
990 2654 1043 2712 alia
1068 2649 1209 2707 hominum
1261 2639 1339 2697 cltali
1353 2637 1387 2693 ll.

411 2771 584 2834 multitudine
597 2765 717 2838 eopiosa.
734 2757 786 2828 Qui
802 2753 913 2819 eiectus,
929 2747 993 2803 licet
1007 2739 1134 2799 Ecclesia
1148 2737 1208 2793 Do·
1297 2735 1340 2791 nd
1355 2736 1423 2801 haec,
1440 2731 1486 2804 qui
1501 2730 1577 2786 missi
1585 2729 1701 2798 luerent,
1709 2723 1854 2800 legationis
1867 2737 1925 2778 suas
1932 2719 2068 2788 officium,

410 2857 586 2924 robemensis
602 2851 751 2911 monachus
765 2849 837 2902 esset
850 2839 1001 2914 professus,
1016 2841 1106 2889 tarncn
1129 2834 1208 2882 ante·
1263 2840 1318 2898 qua
1346 2821 1451 2894 praediti
1474 2828 1553 2877 erant
1580 2815 1738 2889 prudentia,
1768 2811 1929 2885 apostolicis
1958 2810 2071 2866 sufibus

415 2968 496 3026 quam
511 2947 670 3019 episcopatu
677 2955 728 3011 per
741 2940 847 3006 virgam
855 2923 1019 3002 pastoralem
1027 2917 1209 2982 investiretur,
1263 2913 1469 2985 suggesserunt,
1482 2908 1530 2964 sed
1538 2921 1709 2978 responsum,
1719 2902 1793 2974 quod
1799 2902 1839 2957 cis
1850 2899 1967 2969 alicujus
1976 2913 2069 2954 caum

414 3039 493 3099 tactis
507 3029 675 3106 Evangeliis,
691 3021 819 3098 promisit
833 3033 862 3074 se
872 3025 899 3073 et
912 3011 1069 3068 fidelitatem
1079 3003 1212 3062 sceleste
1263 3018 1321 3058 suae
1336 2999 1448 3057 effectus
1462 3013 1539 3070 spem
1555 2995 1736 3067 promitteret,
1751 2991 1840 3063 primo
1864 2989 1986 3059 recipere
2014 3001 2071 3042 non

412 3120 601 3188 cantuariensi
616 3125 643 3176 et
657 3110 769 3173 substiti
784 3109 842 3179 ejus
851 3121 901 3179 per
916 3100 1006 3160 omnia
1029 3103 1210 3159 servaturum,
1262 3093 1430 3146 meruemnt.
1446 3085 1539 3142 Loculi
1554 3089 1616 3138 sunt
1629 3081 1672 3136 his
1695 3087 1722 3136 et
1748 3078 1803 3134 illis
1826 3076 1880 3131 sibi
1911 3089 1967 3130 non
1992 3074 2071 3130 notis
2170 3062 2171 3125 j

514 3221 666 3281 uunquam
679 3198 819 3260 molimine
833 3202 879 3252 aut
906 3189 1047 3248 occasione
1070 3201 1099 3241 se
1125 3183 1212 3238 intro·
1264 3187 1290 3236 et
1304 3173 1520 3250 respondebatur
1535 3173 1575 3229 eis
1588 3171 1658 3228 sicut
1671 3167 1785 3243 ignotis.
1800 3164 2069 3236 Fluctuabantergo,
2170 3136 2171 3149 ¹

2170 3244 2171 3267 l

414 3225 442 3277 et
455 3215 513 3272 null

415 3307 574 3372 missurum,
590 3295 634 3357 rel
663 3303 804 3350 assensum
831 3281 1019 3357 praebiturum,
1034 3281 1063 3332 ut
1089 3270 1213 3330 Ecclesia
1265 3282 1316 3324 nec
1331 3280 1385 3338 quo
1398 3279 1429 3322 se
1444 3271 1500 3320 turo
1514 3265 1652 3319 verterent
1666 3256 1854 3315 advertebam,

414 3382 842 3458 Guntuartensisdigniutemaut
868 3376 1029 3446 potestatem
1043 3376 1214 3436 quamsuper
1301 3355 1367 3410 Erat
1378 3352 1433 3409 illis
1447 3350 1545 3408 diebus
1557 3349 1653 3407 Romae
1667 3345 1812 3404 anselmus
1826 3356 1912 3415 nepos
1943 3338 2072 3398 Auselmi

413 3483 569 3544 Rodensem
596 3472 748 3534 Ecclesiam
774 3473 887 3524 eatenus
912 3459 1017 3524 habuit,
1045 3455 1102 3511 ullo
1130 3450 1213 3507 modo
1227 3460 1252 3524 C
1267 3438 1591 3514 dominiarcbiepiscopi,
1614 3436 1726 3493 domino
1753 3450 1832 3507 papae
1862 3428 2015 3498 familiaris,
2045 3437 2074 3485 et

413 3572 551 3649 perderet.
566 3568 602 3625 Ut
617 3562 689 3621 enirn
703 3560 756 3616 ista
770 3552 880 3629 sponsio
895 3548 972 3605 lieret
990 3542 1213 3615 archiepiscopus
1267 3532 1302 3589 ab
1316 3548 1349 3590 eo
1363 3531 1449 3587 abbas
1463 3528 1557 3585 Sancti
1572 3525 1652 3583 Sabe
1667 3521 1834 3581 contessoris
1857 3518 1979 3577 allectus.
2007 3517 2072 3587 Qui,

414 3662 472 3737 (orti
483 3654 618 3719 llolicnsis
633 3642 889 3725 episcopusluerat)
911 3633 1071 3696 omnimodo
1086 3628 1215 3703 expedire
1266 3623 1296 3678 in
1309 3620 1406 3679 diebus
1429 3617 1502 3674 beati
1524 3614 1652 3673 avunculi
1680 3612 1721 3668 sui
1748 3608 1869 3683 plurimo
1894 3614 2018 3679 tempore
2045 3606 2074 3660 in

413 3750 526 3810 sciebat.
542 3746 663 3803 Moratur
677 3742 826 3794 astantem
840 3729 901 3803 ipse
933 3725 1035 3781 electus
1061 3716 1214 3775 cantuariae
1267 3709 1366 3783 anglia
1380 3708 1493 3781 degens,
1508 3720 1557 3778 pro
1572 3698 1780 3760 mansuetudine
1794 3714 1843 3755 sua
1871 3696 1908 3753 ab
1935 3693 2076 3767 indigenis

414 3855 485 3914 pena
500 3831 654 3909 quindecim
669 3824 766 3883 diebus
780 3828 844 3892 post
858 3820 926 3887 baec,
943 3829 975 3870 ac
989 3812 1099 3867 demum
1118 3822 1146 3863 vr
1171 3803 1212 3860 ld.
1269 3806 1349 3855 terre
1364 3796 1441 3868 quasi
1467 3810 1539 3849 unus
1561 3808 1656 3849 eorum
1684 3787 1860 3861 diligebatur.
1889 3784 1950 3851 Hic,
1979 3784 2075 3840 audito

417 3924 551 3987 Octobris
566 3920 600 3976 ab
617 3913 823 3984 archiepiscopo
839 3904 983 3975 libopham
996 3898 1145 3971 perductus
1171 3896 1216 3949 at·
1267 3886 1398 3959 praelatos
1412 3883 1525 3940 nuntios
1539 3880 1693 3946 advenisse,
1709 3878 1799 3934 alacer
1812 3874 1849 3931 ad
1866 3888 1915 3930 eos
1930 3872 2074 3929 Lateranis

416 4032 470 4090 que
485 4013 513 4069 in
528 4009 621 4065 sedem
635 3999 818 4076 pontificalem
832 3995 915 4066 digno
928 4004 989 4048 cum
1005 3982 1216 4043 honoreaclero
1269 3975 1353 4044 venit,
1369 3972 1436 4030 etin
1450 3971 1555 4030 cunctis
1571 3984 1630 4041 quae
1645 3966 1749 4040 negotii
1772 3964 1814 4020 sui
1829 3972 1907 4019 tenor
1930 3960 2064 4035 exigebat

418 4112 446 4161 et
459 4098 561 4173 populo
575 4098 729 4163 susceptus.
748 4086 853 4143 Eadem
868 4082 913 4137 die
927 4077 1035 4145 lluvius,
1059 4074 1216 4145 bledewcge
1270 4079 1337 4137 erga
1351 4077 1398 4118 eos
1412 4076 1515 4116 morem
1534 4057 1593 4115 reri
1608 4056 1689 4113 amici
1703 4068 1831 4126 sequens,
1848 4049 1978 4107 exercuit.
2001 4001 2075 4118 Quiri

416 4195 542 4257 vocatus,
558 4185 595 4241 ita
609 4182 644 4238 ab
657 4175 767 4235 australi
782 4172 873 4245 pontis
886 4176 975 4243 parte,
990 4181 1076 4237 prope
1099 4170 1216 4219 eestmm
1270 4152 1371 4225 plural
1386 4151 1541 4206 llomanum
1561 4143 1730 4219 pontificem,
1760 4149 1787 4197 et
1815 4154 1931 4213 quorum
1959 4137 2076 4195 consilio

418 4276 547 4345 civitatis,
563 4289 615 4346 per
629 4266 758 4327 nonnulla
771 4260 899 4319 milliaria
910 4258 940 4313 in
956 4272 985 4311 sa
1000 4252 1110 4319 deiecit,
1134 4258 1163 4305 ut
1189 4248 1218 4305 in
1270 4240 1406 4296 nitebatur
1420 4236 1621 4294 communicata
1636 4231 1775 4300 instantia,
1788 4228 1827 4285 ita
1850 4243 1940 4285 eausae
1967 4226 2076 4282 illorum

419 4368 511 4428 medio
526 4364 605 4423 alreo
617 4359 659 4417 sui
674 4356 759 4414 etiam
773 4348 944 4425 parvissimae
960 4358 1053 4409 naves,
1069 4341 1105 4397 ob
1128 4354 1217 4411 penu·
1271 4328 1390 4385 lautores
1405 4326 1494 4383 effecit
1509 4333 1538 4380 ut
1551 4324 1641 4394 gratis
1656 4320 1768 4377 omnino
1783 4318 1840 4375 voti
1864 4315 1907 4372 sui
1934 4322 2077 4385 compotes

419 4460 590 4528 riamaquae,
606 4447 678 4507 elabi
706 4443 820 4500 minime
847 4440 969 4511 possent,
995 4447 1045 4487 nee
1070 4430 1143 4485 bunc
1166 4427 1217 4482 de·
1270 4417 1374 4486 fierent,
1391 4424 1417 4472 et
1431 4416 1521 4485 ipsum
1534 4412 1693 4468 anselmum
1707 4408 1763 4480 (qui
1788 4405 1913 4478 pallium,
1942 4418 1995 4475 pro
2023 4417 2077 4474 qno

420 4548 523 4605 lectum
551 4540 625 4598 solus
653 4534 699 4592 illc
726 4530 835 4601 fluvius,
865 4526 925 4599 ipsa
952 4522 1007 4591 die,
1036 4532 1136 4589 passus
1164 4522 1216 4571 est.
1270 4506 1386 4574 iverant,
1406 4520 1441 4560 err
1455 4511 1534 4575 parte
1548 4500 1619 4556 beati
1634 4498 1706 4555 Petri
1721 4504 1749 4553 et
1760 4494 1863 4551 domini
1887 4508 1967 4565 papae
2000 4490 2073 4546 Can-

420 4631 544 4691 'l'amisie
557 4624 734 4685 nihilominus
748 4620 839 4676 eidem
853 4615 901 4670 illa
924 4612 969 4667 die
983 4607 1100 4665 delectui
1115 4604 1214 4678 patuit.
1272 4596 1389 4652 tuariam
1404 4592 1531 4663 deferret)
1548 4589 1671 4645 tradente
1686 4586 1762 4641 illum
1778 4583 1875 4639 eodern
1891 4594 2077 4651 summopon-

421 4724 493 4781 Nam
507 4720 578 4777 inter
598 4721 708 4790 pontem
737 4717 764 4766 et
791 4705 894 4779 regiam
925 4698 1032 4761 turrim,
1062 4694 1113 4751 sub
1137 4700 1219 4765 ponte
1272 4682 1353 4751 tifice,
1368 4697 1419 4753 per
1434 4695 1544 4736 manum
1559 4677 1726 4749 acciperent.
1742 4672 1847 4742 Quibus
1870 4668 1975 4741 peracti
2002 4684 2074 4722 nun-

420 4812 503 4869 etiam
518 4810 546 4865 in
561 4813 664 4863 tanturn
681 4796 805 4874 fluminis
816 4792 900 4866 ipsius
927 4802 996 4859 aqua
1018 4784 1150 4841 diminuta
1177 4789 1220 4838 est
1231 4820 1259 4885 D
1272 4771 1304 4829 tii
1319 4773 1407 4828 Roma
1420 4769 1619 4843 regrediuntur.
1635 4764 1764 4820 anselmo
1779 4776 1828 4833 pro
1844 4759 1878 4815 iis
1894 4774 1955 4829 quae
1968 4772 2019 4812 sua
2032 4757 2077 4812 in-

419 4908 518 4958 utnon
533 4898 623 4953 solum
637 4890 710 4963 equi,
727 4884 776 4943 sed
801 4890 829 4941 et
856 4880 1001 4935 innumera
1028 4873 1168 4930 hominurn
1193 4881 1220 4928 et
1274 4867 1390 4918 tererent
1407 4874 1470 4916 curn
1484 4871 1557 4929 pape
1570 4854 1674 4911 relicto.
1691 4850 1838 4909 Venientes
1846 4848 1931 4921 igitur
1944 4848 1973 4901 iu
1982 4846 2079 4901 North·

419 5002 567 5063 puerorum
588 4978 733 5039 multitudo
762 4971 829 5030 illud
858 4966 973 5042 pedibus
1001 4961 1217 5026 transvadarent,
1273 4948 1433 5005 manniaad
1448 4943 1630 5019 regemque
1645 4941 1751 5015 egerint
1772 4938 1936 5001 edisserunt,
1963 4941 1991 4991 et
2020 4949 2076 4988 suae
2170 4897 2171 4912 ἶ

421 5074 551 5149 aquavix
566 5086 658 5146 genua
678 5080 776 5124 eorum
804 5059 965 5132 attingente.
993 5052 1109 5109 Duravit
1128 5058 1219 5106 aulem
1272 5037 1411 5094 industriae
1431 5035 1543 5091 meriias
1570 5031 1666 5089 laudes
1692 5027 1846 5100 excipiuni.
1876 5023 1944 5079 lude
1972 5022 2077 5078 dilacio

420 5164 467 5220 hio
494 5177 571 5235 aqum
600 5158 726 5215 delectus
754 5148 887 5209 emedio
929 5143 1016 5200 noctis
1042 5139 1220 5213 precedentis
1273 5127 1368 5184 nuntio
1384 5126 1410 5180 in
1426 5123 1561 5196 Angliam,
1579 5122 1627 5195 qui
1642 5117 1850 5189 archiepiscopo
1860 5122 1938 5187 gesta
1952 5111 2077 5180 relerret,

421 5265 508 5351 usque
522 5250 558 5305 nd
572 5243 723 5320 profundas
749 5237 876 5296 tenebras
903 5233 990 5291 noetis
1015 5226 1219 5302 subsequentis,
1274 5216 1328 5288 ipsi
1340 5215 1486 5271 adventum
1501 5210 1608 5283 praelati
1622 5206 1746 5263 dnsclmi
1759 5210 1832 5260 trans
1859 5216 1935 5257 merc
1959 5205 2077 5272 praesto-
2170 5183 2171 5186 ¹

422 5347 493 5397 sicut
521 5337 548 5393 bi
578 5333 668 5391 testati
694 5333 765 5397 sunt,
794 5334 822 5383 et
848 5326 988 5395 hucusque
1018 5325 1148 5375 testantur
1175 5315 1221 5388 qui
1273 5305 1371 5361 lantur.
1382 5302 1452 5372 Quid
1465 5299 1718 5369 adveniensarege
1728 5309 1791 5351 cum
1803 5294 1908 5347 bonore
1920 5288 2077 5359 suscipitur,

421 5432 574 5526 presentes
588 5422 640 5479 ista
654 5418 793 5486 viderunt,
809 5421 836 5471 et
859 5410 1067 5468 transvadantes
1094 5414 1221 5462 transva-
1275 5410 1307 5450 uc
1322 5410 1370 5465 pro
1386 5408 1436 5448 sua
1461 5387 1644 5446 sollieitudine
1664 5382 1789 5457 dignitati
1816 5378 1895 5453 regni
1923 5377 2078 5450 anglorum

422 5518 544 5583 manum
558 5510 627 5569 socii
641 5508 809 5567 exstiterunt.
825 5500 949 5559 Similem
964 5512 1072 5569 quoque
1090 5510 1222 5566 aquarum
1275 5482 1401 5554 impensa
1415 5480 1506 5553 dignae
1516 5474 1818 5551 gratespersolvuntur.
1836 5465 1955 5523 Traditis
1977 5463 2078 5520 deinde

422 5606 561 5671 delectum
576 5601 636 5672 ipso
652 5598 697 5654 die
719 5594 792 5667 apud
819 5589 1041 5656 Gervemutbam,
1057 5592 1084 5643 et
1111 5584 1138 5639 in
1162 5582 1222 5638 allis
1276 5572 1372 5628 litteris
1387 5570 1438 5641 ipsi
1453 5585 1469 5624 a
1484 5582 1555 5640 papa
1567 5564 1687 5628 directis,
1708 5567 1770 5632 post
1797 5557 1903 5629 aliquot
1930 5554 1990 5610 dies
2015 5568 2078 5609 cum

424 5694 493 5767 locis
507 5709 556 5767 per
569 5688 697 5763 Angliam
711 5693 784 5741 certo
800 5681 885 5737 relatu
897 5676 1043 5749 contigisse
1067 5672 1221 5731 didicimus.
1277 5676 1310 5717 eo
1343 5667 1448 5728 exacto,
1477 5654 1605 5730 Angliam
1633 5649 1720 5707 nuntii
1748 5647 1793 5719 qui
1822 5646 1908 5700 Roma
1936 5648 2077 5709 venerant,

458 5782 566 5841 Dehinc
580 5778 641 5835 Kal.
656 5771 794 5832 Novemb.
817 5768 976 5837 badulphus
1002 5763 1224 5833 archiepiscopus
1277 5752 1422 5807 comitatus
1437 5746 1556 5819 impiger
1585 5741 1679 5799 tendit.
1707 5738 1866 5794 litterarum
1895 5739 1983 5789 textus
2009 5745 2079 5802 quas

422 5872 542 5963 sacrarit
567 5863 718 5924 cantuariae
747 5861 774 5915 iu
802 5855 945 5927 metropoli
973 5853 1039 5910 sede
1064 5850 1221 5915 Alboldum,
1276 5840 1334 5913 regi
1350 5838 1491 5906 detulerat,
1507 5834 1552 5891 bic
1566 5840 1625 5889 est:

423 5950 699 6021 meruissemus
726 5947 900 6017 monachum,
916 5944 995 6015 cujus
1008 5942 1037 5999 in
1063 5946 1159 6012 quarm
1186 5938 1222 5993 li·
1317 5934 1483 5995 nl’ascbelis
1519 5932 1674 6007 episcopus,
1701 5939 1802 5986 servus
1838 5934 1979 5983 serrorum
2012 5914 2077 5988 bat,
