4750 6725
393 522 425 581 li

393 648 521 723 domiaae,
536 649 599 709 lille
609 654 784 714 charissimae.
796 657 945 713 internus
955 650 1186 725 archiepiscopus,
1202 652 1231 715 Α

394 739 518 798 debiturn
540 744 680 811 bonorem,
697 746 847 812 servitium,
870 744 1007 801 orationes
1021 748 1050 799 et
1072 740 1189 797 benedi-

395 830 513 887 ctionem
527 833 587 898 Dei,
603 840 630 889 et
644 849 730 900 suam,
746 842 876 905 qnantum
890 838 993 905 potest.

432 937 541 994 Gratias
554 955 669 1011 magnas
690 955 743 1012 ago
757 948 855 996 nestrae
869 939 1019 1011 largitioni,
1036 937 1085 993 sed
1100 936 1190 991 multo

395 1026 526 1095 majores,
550 1026 585 1082 de
609 1043 662 1098 qna
684 1044 797 1083 munera
818 1030 977 1099 procedunt,
997 1033 1098 1082 sanctae
1119 1024 1192 1081 dile-

395 1114 476 1169 ctioni
488 1132 494 1168 :
508 1131 568 1186 qnae
581 1116 660 1170 etiam
676 1116 741 1172 mihi
755 1118 800 1188 pia
815 1117 997 1173 sollicitudine
1022 1116 1103 1170 Instat
1122 1122 1150 1168 ut
1165 1113 1193 1167 in

397 1203 535 1258 alimentis
550 1206 690 1259 sumendis
713 1208 824 1277 corpori
849 1206 952 1276 largius
976 1204 1194 1275 indulgeamus

396 1299 482 1347 xoret
497 1293 612 1347 viresad
627 1311 717 1349 euram
728 1296 875 1363 injunctam
886 1296 955 1349 mihi
969 1292 1107 1349 deficiant.
1123 1293 1193 1347 Nam

398 1382 525 1450 quoniam
542 1382 640 1438 auditis
658 1400 702 1439 me
718 1400 766 1455 pro
778 1384 888 1453 ieiunio
906 1383 987 1438 totins
1009 1381 1072 1445 diei,
1088 1380 1194 1435 etienrsi

397 1470 516 1538 quotidie
531 1470 607 1526 lieret
621 1472 662 1539 ⁸⁰⁵,
682 1472 783 1527 famem
798 1489 853 1527 nnn
864 1472 975 1537 sentire,
991 1470 1093 1525 timetis
1107 1469 1194 1523 rauci·

399 1562 483 1612 tatem
500 1567 526 1614 et
540 1560 752 1616 Imbecillitatem
768 1562 833 1616 mihi
857 1560 981 1631 corporis
1003 1558 1123 1615 evenire.
1141 1556 1196 1613 Sed

397 1647 509 1701 utimcm
525 1656 627 1703 tantum
642 1650 709 1704 mibi
722 1650 856 1721 sapientia
870 1656 897 1704 et
914 1654 1103 1720 potestasque
1117 1662 1196 1702 com-

399 1736 477 1806 petit,
493 1745 678 1807 suppeterent,
695 1747 823 1811 quantum
834 1755 889 1794 vox
905 1747 932 1793 et
946 1738 1017 1794 vires
1026 1752 1094 1807 quas
1108 1735 1197 1790 babeo

402 1823 436 1878 ad
450 1838 519 1894 opns
535 1826 600 1880 mibi
613 1827 765 1897 injunctum
780 1827 944 1883 sufficerent.
954 1826 1028 1883 Licet
1043 1824 1082 1880 aio
1095 1824 1198 1896 possim

400 1912 459 1968 sine
473 1913 552 1968 lamis
575 1916 704 1971 molestia
725 1916 858 1986 jejunare,
879 1916 944 1970 sotis
963 1923 1054 1970 tamen
1076 1928 1196 1984 passum,

398 2008 425 2055 et
448 2002 510 2057 volo
532 2018 595 2058 cum
610 2004 706 2070 debeo,
732 2012 858 2074 qnantum
883 2004 1003 2074 expedit,
1024 2017 1125 2073 corpus
1141 1999 1194 2055 ali·
1210 2010 1236 2070 Β
1252 2037 1330 2103 dm(

396 2090 496 2145 mentis
511 2107 644 2149 recreare.
660 2095 763 2148 Memor
777 2102 818 2148 est
832 2092 952 2165 benigna
962 2098 1055 2148 vestra
1071 2088 1196 2161 dignatio

398 2177 426 2232 in
442 2179 554 2250 epistola
568 2197 616 2235 sua
632 2183 703 2253 qnod
724 2199 772 2251 per
786 2198 831 2236 mo
855 2182 888 2235 sit
913 2189 1000 2236 vestra
1020 2178 1153 2235 celsitudo
1169 2178 1197 2231 in

397 2268 558 2339 conjuginm
573 2270 723 2342 legitimum
738 2271 909 2341 desponsata,
925 2278 952 2325 et
967 2270 1001 2324 ad
1015 2269 1094 2339 regni
1109 2267 1198 2322 subli-

399 2356 530 2425 mitatem,
547 2375 590 2413 me
603 2365 738 2424 sacrante,
754 2367 892 2415 coronata.
905 2360 1005 2413 Verum
1017 2373 1077 2414 curn
1094 2357 1127 2410 de
1142 2372 1196 2422 me,

396 2446 444 2514 qni
458 2446 546 2514 hujus
560 2447 599 2503 rei
612 2449 736 2503 minister
744 2455 849 2502 lantum
862 2447 958 2515 fidelis,
972 2457 1103 2519 qnantum
1114 2445 1141 2499 in
1152 2460 1197 2499 me

398 2532 457 2598 init,
473 2535 585 2604 exstitit,
612 2538 663 2594 hoc
674 2544 728 2591 tarn
743 2536 870 2608 benigne,
882 2542 957 2591 tanta
969 2534 1058 2608 gratie
1068 2533 1197 2601 recolitis,

398 2622 463 2677 satis
486 2624 612 2680 aestimari
636 2631 726 2696 potest
748 2633 866 2695 qrrantas
891 2624 1011 2688 Christo,
1041 2623 1087 2694 qui
1115 2622 1198 2693 hujus

397 2710 462 2765 doni
477 2720 571 2769 auctor
587 2720 614 2769 et
628 2714 741 2786 largitor
761 2722 811 2780 est,
828 2720 919 2786 grates
934 2713 961 2768 in
981 2720 1071 2768 mente
1086 2710 1197 2781 persol-

398 2798 471 2856 vitts.
489 2800 563 2869 Quas
578 2803 601 2856 si
623 2810 706 2867 recte,
721 2803 839 2871 sibene,
855 2803 878 2857 si
905 2801 1050 2858 efficaciter
1064 2800 1124 2872 ipsc
1138 2804 1198 2853 actu

398 2887 464 2942 sulti
479 2890 605 2958 reddere,
621 2891 790 2946 considerate
813 2891 936 2962 reginam
961 2890 1045 2955 illam,
1062 2902 1144 2959 quam
1163 2886 1198 2940 de

399 2976 502 3032 mundo
517 2978 570 3035 hoo
585 2995 714 3049 sponsam
730 2979 782 3034 sibi
797 2978 836 3033 illi
852 2979 951 3051 placuit
960 2978 1074 3050 eligere.
1085 2978 1148 3031 llaec
1156 2979 1199 3030 est

400 3079 482 3135 qnam
507 3067 658 3137 pulchram,
683 3076 710 3123 et
733 3067 862 3136 amicam,
885 3073 914 3122 et
938 3066 1096 3121 columbam
1119 3078 1198 3118 suam

399 3162 479 3209 vocet
494 3155 521 3208 in
543 3155 703 3226 scripturis,
727 3164 752 3212 et
772 3157 806 3212 de
827 3172 880 3227 qno
902 3155 940 3212 illi
958 3154 1058 3210 dleitnr
1073 3168 1080 3208 τ
1097 3152 1199 3209 nstitit

398 3242 499 3313 rapine
510 3244 646 3301 adextrir
657 3247 715 3301 tuis
729 3245 817 3315 (Psot.
841 3262 915 3312 xxxv,
932 3246 987 3313 tn).
1005 3243 1072 3297 Haec
1093 3247 1134 3296 est
1155 3239 1200 3295 cni

400 3329 435 3386 de
451 3332 547 3388 codem
562 3332 666 3405 Sponso
689 3350 739 3390 sno
754 3332 865 3390 Christo
889 3333 1005 3390 dicitnr:
1025 3331 1106 3399 indi,
1121 3330 1197 3400 filio,
1214 3364 1237 3429 G

399 3421 546 3488 stridant
557 3423 669 3480 inclino
682 3441 782 3480 norem
795 3428 883 3493 inam,
897 3427 925 3479 et
934 3422 1096 3479 oblivisce-re
1105 3435 1196 3492 popu-

660 524 688 588 S.
708 528 864 589 trissant
882 527 1054 587 cantata.
1069 522 1234 584 anemae.

1254 522 1336 583 OPP.
1358 524 1446 586 PARS
1465 526 1514 585 III.
1524 556 1561 570 -
1574 520 1764 586 EPIS’IOLAE.

1429 653 1513 723 389
1530 652 1702 710 EPIS'IOLA
1717 649 1799 709 LVIII
1810 646 1854 709 ¹⁰⁸.

1404 754 1526 798 insonui
1547 758 1582 797 xo
1606 758 1672 798 rnxn
1694 755 1867 798 conrrrssxrr.

1247 829 1358 887 Grotica
1369 831 1430 900 opii
1443 846 1495 901 pro
1516 830 1687 888 liberalitato
1702 833 1762 887 snio
1778 831 1878 901 leontis
1893 827 2040 895 ecbibito;

1280 903 1383 973 atejus
1398 902 1574 958 timorcmin
1591 918 1621 959 ra
1635 904 1739 958 salotis
1757 902 1864 968 landet,
1883 917 2000 973 comque
2023 916 2042 957 n

1279 975 1403 1045 percotis
1414 972 1543 1041 obsolnt't,
1554 976 1686 1044 lnjnnctn
1702 974 1883 1045 penitentia.

1282 1062 1443 1128 tuscanus,
1458 1063 1547 1133 gratia
1562 1064 1614 1117 Dei
1635 1062 1867 1133 archiepiscopus,
1882 1061 2003 1117 dominae
2018 1067 2045 1117 et

1247 1150 1335 1216 matri,
1361 1158 1387 1205 et
1402 1148 1463 1206 filie
1483 1152 1660 1219 charissimae,
1676 1152 1733 1205 lon
1753 1150 1909 1217 comitissae,
1930 1150 2044 1206 salutem

1248 1248 1275 1295 et
1289 1239 1504 1295 benedictIonem
1520 1239 1580 1309 Dei,
1594 1247 1621 1296 et
1634 1257 1721 1305 suem,
1738 1240 1761 1294 si
1776 1238 1838 1309 qnid
1854 1239 1936 1295 valet.

1284 1326 1391 1383 Gratias
1418 1343 1472 1401 ago
1487 1328 1639 1384 celsitudini
1655 1336 1752 1385 vestrae
1765 1344 1815 1399 pro
1835 1328 2004 1401 benignitate
2019 1334 2047 1383 et

1250 1417 1373 1489 largitate
1388 1435 1469 1490 quam
1483 1418 1583 1490 legatis
1605 1419 1706 1474 nostris
1721 1434 1807 1487 nuper
1824 1418 1909 1473 Ilorna
1923 1417 2045 1472 redeun-

1249 1507 1321 1561 tibus
1335 1506 1504 1573 exhibuistis,
1521 1506 1591 1562 sicut
1609 1506 1675 1561 mihi
1687 1513 1714 1561 et
1737 1505 1863 1561 omnibus
1878 1504 1980 1560 nostris
1999 1504 2045 1561 Ia-

1250 1612 1311 1651 cere
1326 1594 1430 1651 soletis.
1442 1595 1483 1650 De
1494 1595 1545 1650 hoe
1558 1595 1629 1667 quod
1638 1594 1702 1649 mibi
1716 1595 1903 1665 perdomnum
1918 1590 1948 1623 ”⁷
1957 1594 2044 1651 ioan-

1250 1700 1311 1740 nem
1328 1683 1485 1754 mandastis,
1500 1683 1603 1738 nullam
1618 1698 1729 1754 possum
1745 1690 1864 1740 vestram
1878 1681 1986 1753 culpam
2000 1682 2046 1737 in-

1251 1773 1382 1845 telligere.
1399 1771 1452 1827 Sed
1467 1772 1596 1842 qnoniam
1619 1786 1729 1842 semper
1743 1769 1824 1826 tutius
1838 1778 1880 1827 est
1905 1769 1934 1825 in
1948 1769 1978 1799 '⁰'
1993 1771 2046 1825 hn-

1249 1859 1370 1932 jusmodi
1385 1860 1474 1932 magis
1489 1861 1584 1915 timere
1598 1875 1678 1932 quam
1699 1858 1848 1929 confidere,
1868 1857 1949 1915 laudo
1963 1859 2047 1915 timo-

1251 1955 1442 2012 remvestrum,
1453 1947 1515 2017 quia
1528 1946 1626 2003 bontas
1639 1946 1784 2019 hemmoni
1794 1952 1953 2019 semporort
1962 1950 2047 2020 pooi-

1332 2039 1414 2093 Pron.
1428 2052 1522 2103 xxvnr,
1540 2036 1802 2103 inminuisset
1816 2035 1903 2091 dixit:
1927 2036 2048 2093 Verebar·

1250 2126 1346 2183 omnio
1370 2125 1680 2193 cartomentlob.1x,
1706 2124 1764 2196 28).
1797 2123 1861 2180 Solo
1884 2124 1972 2197 igitur
1995 2125 2049 2181 boc

1251 2230 1357 2281 amore,
1373 2222 1399 2269 el
1422 2213 1485 2269 mali
1510 2213 1582 2283 quod
1603 2212 1716 2283 configit
1737 2228 1787 2283 per
1808 2211 1896 2268 malos
1924 2212 2049 2269 homines

1251 2303 1344 2359 dolore
1359 2318 1439 2375 quem
1454 2301 1598 2365 habuistis,
1614 2301 1696 2357 credo
1712 2316 1760 2357 vos
1783 2303 1850 2367 Deo,
1868 2308 1999 2373 quantum
2013 2302 2048 2357 ad

1252 2408 1301 2447 ros
1316 2391 1440 2462 pertinet,
1457 2389 1635 2447 satislceIsse.
1654 2388 1788 2458 Quoniam
1805 2396 1894 2445 tamen
1908 2389 1965 2446 scio
1981 2390 2048 2462 quid

1251 2479 1421 2547 desideretis,
1437 2494 1486 2535 oro
1501 2480 1587 2533 Deum
1602 2486 1631 2532 ut
1646 2493 1695 2533 vos
1710 2477 1744 2532 ab
1759 2478 1812 2534 hoc
1827 2484 1855 2532 et
1869 2477 1903 2533 ab
1922 2478 2049 2533 omnibus

1252 2568 1372 2639 peccatis
1387 2567 1483 2623 uestris
1498 2566 1633 2633 absolvat,
1650 2565 1725 2621 etad
1740 2566 1835 2638 gloriar
1850 2580 1905 2621 suae
1927 2575 2049 2623 oontem-

1251 2657 1398 2728 plationem
1426 2657 1564 2729 perducat.
1589 2658 1687 2711 Amen.
1707 2656 1795 2711 Unum
1814 2653 1973 2725 psalterium
1999 2671 2049 2726 pro

1251 2746 1379 2802 omnibus
1392 2745 1508 2817 peccans
1522 2742 1619 2802 vestris
1637 2743 1728 2811 dicite,
1745 2743 1894 2800 secundum
1915 2750 2048 2817 opportu-

1251 2835 1364 2891 nitatem
1379 2842 1511 2891 vestram.

1499 2922 1672 2980 EPISTOLA
1700 2920 1804 2979 ttxm.

1371 3026 1492 3068 ansatur
1505 3028 1541 3067 xo
1556 3026 1734 3068 cannanrrxar
1748 3008 1923 3069 conmiserat.

1254 3118 1389 3175 Comitem
1410 3119 1512 3175 tondat
1525 3118 1595 3191 qnod
1609 3120 1723 3175 nnllam
1737 3118 1818 3174 daret
1833 3116 2046 3189 incestituram,

1288 3190 1643 3316 pnodcnmitbsaeconsilio
1654 3193 1682 3247 ot
1692 3188 2048 3261 prndcnttosocinmcelo·

1307 3265 1362 3316 rot.
1374 3262 1407 3315 lii
1425 3265 1457 3317 nt
1468 3262 1566 3317 endem
1581 3263 1640 3320 niro
1655 3277 1703 3317 ruo
1714 3275 1825 3333 semper
1838 3257 1900 3333 ipso
1914 3260 2047 3319 consolat

1289 3332 1587 3389 Anrelrnnaltnrictnr.

1287 3424 1444 3488 anseisus,
1461 3421 1585 3491 quamvis
1600 3419 1740 3492 indignus,
1755 3419 1844 3475 dictus
1859 3418 2047 3491 archiepisco·

401 3509 561 3580 luminam,
573 3511 721 3568 etdomnrn
730 3513 824 3584 patris
835 3514 879 3568 ini
891 3529 898 3576 ;
912 3512 1129 3584 etconcnpiroet
1144 3523 1198 3565 rex
1246 3525 1297 3582 pus
1311 3509 1464 3565 Cantnariae
1474 3507 1515 3578 ⁸¹⁰,
1530 3508 1648 3565 dominae
1669 3516 1695 3564 et
1710 3507 1771 3564 filie
1785 3507 1961 3577 charissime,
1978 3507 2048 3564 Cns-

400 3597 527 3656 decorem
539 3603 620 3657 tunm
635 3601 727 3669 (ibid,
743 3604 797 3656 ltl.
813 3601 921 3670 Quanto
936 3599 1008 3655 enirn
1028 3598 1198 3654 secularium
1248 3613 1360 3656 naurire
1376 3599 1536 3654 revemcdae
1550 3597 1709 3666 comitissae,
1725 3613 1775 3668 per
1795 3596 1949 3652 diuturnam
1963 3596 2048 3666 hujus

400 3689 624 3758 conversationis,
636 3690 819 3760 etpatrissui,
831 3687 1199 3760 hujusscilicetmnndi,ha-
1248 3687 1311 3742 rite
1335 3685 1553 3758 prosperitatem,
1569 3693 1697 3744 aeternam
1723 3685 1822 3741 luturae
1845 3685 1948 3742 mereri
1965 3683 2050 3742 felici-

398 3773 560 3832 hitationem
574 3778 775 3833 contemnendo
783 3777 963 3844 obliviscitur,
976 3784 1050 3832 moto
1060 3775 1199 3846 pulchrior
1248 3783 1339 3831 tatem.

400 3865 555 3934 conspectui
586 3866 684 3934 Sponsi
712 3866 758 3921 sui
783 3874 810 3920 et
838 3865 982 3920 amabilior
1014 3864 1196 3935 cognoscitur.
1284 3863 1409 3920 llelatum
1424 3863 1488 3918 mihi
1504 3862 1683 3934 estquosdam
1693 3861 1806 3919 abbates
1820 3863 1850 3918 in
1863 3861 1992 3920 Flandria
2007 3860 2049 3921 sic

399 3952 475 4007 lianc
489 3961 621 4024 quantum
630 3953 755 4008 dilexerit
769 3953 829 4025 ipse
843 3952 979 4023 probavit,
990 3967 1051 4008 num
1064 3968 1092 4006 se
1107 3951 1199 4022 ipsum
1249 3953 1410 4010 constitutos
1424 3959 1453 4007 ut
1467 3967 1560 4008 comes
1574 3952 1616 4009 vir
1629 3961 1720 4008 vester
1735 3952 1837 4008 nullam
1853 3951 1892 4008 eis
1907 3968 1987 4008 manu
1998 3969 2049 4010 sna

401 4042 482 4096 morti
497 4051 593 4111 sponte
609 4042 714 4098 tradere
729 4058 778 4112 pro
793 4043 851 4110 ejus
865 4057 958 4096 amore
979 4056 1033 4095 non
1048 4039 1194 4095 dubitavit.
1248 4040 1323 4095 deret
1337 4039 1538 4095 investituram.
1555 4039 1634 4108 Quod
1648 4040 1720 4096 sicut
1743 4055 1796 4096 non
1813 4040 1873 4095 sixto
1898 4041 1956 4110 eius
1974 4057 2049 4112 pru·

400 4131 486 4199 Hanc,
503 4129 622 4200 inquam,
646 4131 813 4186 considerate
836 4129 972 4201 quomodo
995 4128 1101 4184 exsulet
1116 4145 1199 4199 pere·
1250 4128 1323 4184 denti
1336 4128 1482 4184 elementia
1495 4129 1533 4184 ita
1555 4145 1609 4184 non
1624 4145 1682 4185 esse
1710 4127 1854 4185 aestirno'¹¹
1868 4129 1969 4186 lactum
1984 4129 2051 4185 abs·

401 4219 507 4291 grinus,
522 4228 549 4273 et
568 4219 645 4289 quasi
669 4219 750 4275 ardua
773 4218 809 4274 ad
833 4221 928 4273 virum
943 4234 1022 4273 snum
1046 4233 1106 4272 cum
1130 4216 1201 4272 veris
1250 4235 1303 4289 qne
1316 4226 1409 4272 vestra
1430 4216 1556 4272 clementi
1570 4217 1724 4288 prudentia.
1741 4217 1831 4275 Tanto
1856 4235 1923 4292 ergo
1942 4219 1975 4274 de
1997 4220 2050 4275 hnc

402 4306 468 4364 tiliis
481 4308 568 4381 gemit
583 4316 610 4364 et
623 4308 754 4381 suspirat,
770 4312 934 4379 exspectans
949 4307 1036 4362 donec
1050 4306 1096 4363 ille
1111 4305 1144 4361 de
1159 4322 1201 4361 re·
1250 4314 1342 4364 restro
1358 4305 1430 4362 hono
1445 4319 1526 4378 opere
1541 4311 1660 4379 gaudeo,
1670 4314 1770 4378 quanto
1785 4323 1836 4365 vos
1851 4309 1947 4363 ambos
1958 4307 2050 4364 verius

402 4396 484 4470 gione
494 4397 644 4470 longinqua
655 4397 689 4452 ad
700 4413 784 4470 quarn
795 4396 994 4466 abiitaecipere
1005 4395 1057 4450 sibi
1073 4410 1200 4467 regnum,
1251 4396 1279 4450 in
1288 4397 1345 4450 Deo
1359 4394 1456 4468 diligo.
1470 4395 1536 4450 Cum
1554 4395 1625 4450 anim
1641 4411 1674 4450 ea
1689 4412 1749 4468 quae
1764 4396 1906 4468 religionis
1920 4396 2050 4452 Christia-

402 4486 503 4556 voniat,
519 4491 546 4542 et
568 4501 628 4543 eam
641 4487 676 4543 ad
701 4502 816 4558 regnum
831 4501 910 4542 sunm
928 4484 1126 4548 transferendo,
1142 4499 1201 4538 om·
1251 4499 1293 4540 nae
1308 4485 1381 4549 sunt,
1397 4483 1528 4539 concordi
1544 4483 1684 4540 voluntate
1708 4482 1806 4552 tacitis,
1824 4499 1902 4541 veros
1921 4500 1971 4540 vos
1986 4500 2049 4541 esse

401 4575 483 4632 nibus
509 4576 555 4647 qui
583 4576 672 4632 eidem
701 4575 797 4631 amtcae
826 4575 895 4630 bona
924 4572 967 4629 vel
991 4572 1061 4627 mala
1089 4571 1202 4628 iecerint
1251 4571 1321 4626 tilios
1336 4571 1466 4627 Ecclesiae
1480 4586 1591 4643 sponsas
1606 4571 1657 4626 Ilei
1673 4581 1700 4627 et
1713 4571 1807 4628 fideles
1821 4573 1986 4629 advocantes
2001 4589 2050 4630 os-

400 4673 480 4736 prout
493 4665 608 4737 quisque
622 4665 715 4738 gessit,
731 4664 870 4720 retribunt.
887 4661 940 4730 Qui
954 4662 1025 4716 hanc
1050 4661 1197 4727 honorant,
1256 4659 1376 4715 tenditis.
1394 4661 1454 4715 Non
1470 4660 1542 4715 enlm
1564 4649 1817 4730 debena'prineipes
1838 4676 1966 4733 sponsam
1988 4663 2050 4732 Ilei,

400 4765 462 4807 cum
486 4752 533 4806 illo
546 4752 767 4813 honorabuntur;
784 4749 829 4820 qui
845 4749 915 4802 hanc
933 4749 1104 4815 conculcant,
1121 4721 1240 4802 extroD
1258 4757 1372 4804 matrem
1387 4764 1472 4813 suam,
1484 4748 1506 4803 si
1517 4747 1660 4804 ChrIstiani
1670 4751 1887 4815 sunt,aestimare
1898 4749 1950 4806 sihi
1960 4751 2051 4806 datum

401 4839 476 4895 illam
492 4841 744 4904 conculcabuntcr;
761 4836 806 4908 qui
824 4837 894 4890 hanc
918 4836 1046 4902 exaltant,
1061 4850 1122 4890 cum
1146 4851 1198 4888 an-

400 4929 471 5003 gelis
486 4928 689 4997 exaltabuntur,
702 4927 749 4998 qui
763 4928 831 4980 hanc
846 4923 1011 4994 deprimunt,
1021 4939 1083 4979 cnm
1097 4923 1199 4980 daemo-

400 5018 481 5072 nibus
496 5016 690 5087 deprimentur.
706 5017 781 5069 Hanc
795 5014 925 5078 exalmte,
941 5013 1083 5077 honorate,
1100 5013 1198 5068 delen-

401 5106 468 5173 ditc,
486 5113 517 5160 ut
531 5120 591 5162 ccrn
606 5104 652 5159 illa
667 5109 696 5158 et
717 5103 744 5157 in
759 5103 807 5157 illa
822 5117 924 5173 sponsa
938 5103 997 5156 Deo
1016 5101 1156 5172 placeatis,
1172 5109 1200 5157 et

1253 4837 1285 4866 ¹¹¹
1305 4836 1334 4891 ln
1358 4836 1557 4892 haereditariam
1576 4837 1799 4907 dominationem,
1814 4837 1863 4893 sed
1885 4839 1973 4895 aDeo
2001 4838 2052 4895 sibl

1253 4923 1481 4994 commendatam,
1498 4931 1526 4979 ut
1552 4925 1609 4994 ejus
1630 4926 1789 4981 cohaeredes
1812 4933 1968 4982 mereantur
1991 4943 2053 4984 esse

1252 5015 1287 5070 cd
1308 5012 1489 5069 reverentiam
1505 5021 1531 5068 et
1547 5012 1751 5070 defensionem.
1767 5015 1825 5071 llex
1845 5013 1917 5069 enirn
1941 5023 2008 5083 erat,
2027 5021 2054 5071 et

1253 5103 1317 5175 qnid
1342 5101 1377 5156 ad
1404 5102 1545 5172 principes
1573 5102 1706 5174 pertineat
1734 5103 1880 5176 intelligat,
1905 5105 1951 5175 qni
1981 5104 2054 5176 prin-

401 5194 430 5249 in
451 5202 555 5250 aeterna
578 5191 744 5249 beatitudine
767 5206 830 5246 cnm
853 5191 900 5246 illa
915 5191 1057 5264 regnando
1081 5191 1194 5249 vivatis.

402 5281 502 5339 Amen.
520 5282 585 5338 Flat.

1253 5192 1330 5262 cipes
1343 5190 1467 5247 volentes
1491 5192 1674 5248 hereditatem
1699 5192 1886 5248 sanctuarinm
1910 5192 1958 5248 Dei
1984 5208 2053 5265 pos-

1254 5279 1355 5348 sidere,
1371 5280 1411 5337 sic
1432 5279 1633 5337 maledicebat:
1650 5282 1723 5339 Dona
1741 5298 1829 5353 mcor,
1845 5281 1996 5356 concilior
2019 5285 2056 5338 oi

1036 5461 1152 5521 VARIAE
1176 5459 1384 5517 LECTIONES.

437 5619 557 5674 ”⁵litiam
571 5617 593 5673 si
608 5616 685 5673 lieret
698 5634 755 5673 mr.
775 5614 856 5671 etiam
871 5615 894 5671 si
910 5614 1028 5686 quotidie
1038 5615 1124 5671 fieret.
1140 5615 1244 5671 ¹⁰‘cnm
1263 5613 1360 5671 eodem
1375 5629 1428 5670 mr.
1446 5614 1561 5671 colluto.
1577 5611 1755 5672 '⁰IDominum
1776 5613 1815 5670 N.
1833 5629 1887 5670 ma.
1904 5610 2055 5670 Dominum

401 5693 564 5749 iohannem.
579 5689 710 5744 ⁸⁰⁸l'ntina
725 5689 753 5742 in
775 5704 827 5743 mr.
845 5687 939 5742 Tutius
963 5694 1005 5742 est
1018 5687 1055 5741 in.
1072 5686 1174 5744 ³⁰'darm
1191 5687 1286 5742 eodem
1303 5702 1357 5742 mr.
1379 5686 1493 5742 colluto.
1506 5684 1684 5744 ⁸²⁰Ansclmus
1698 5693 1810 5742 vocatus
1829 5683 2056 5756 archiepiscopus

402 5764 556 5821 cantuarie
579 5779 632 5817 rns.
649 5761 791 5815 noscimus
823 5760 934 5814 unmxis
956 5757 1085 5833 indignus
1098 5756 1321 5831 archiepiscopus
1339 5756 1429 5814 dictus
1448 5757 1607 5816 Cantuariae.
1623 5757 1718 5816 ⁸¹1Non
1738 5757 1843 5816 estimo
1856 5773 1909 5814 mr.
1924 5771 1980 5814 non
1997 5771 2057 5812 esse

404 5837 519 5893 aestimo.
535 5832 628 5891 '²‘sibt
643 5831 776 5890 daretne
793 5831 816 5888 ei
837 5829 960 5888 idaiam.
