<?xml version="1.0" encoding="UTF-8"?>
<!DOCTYPE html PUBLIC "-//W3C//DTD XHTML 1.0 Transitional//EN"
    "http://www.w3.org/TR/xhtml1/DTD/xhtml1-transitional.dtd">
<html xmlns="http://www.w3.org/1999/xhtml" xml:lang="en" lang="en">
 <head>
  <title>
</title>
<meta http-equiv="Content-Type" content="text/html;charset=utf-8" />
  <meta name='ocr-system' content='tesseract 3.04.00' />
  <meta name='ocr-capabilities' content='ocr_page ocr_carea ocr_par ocr_line ocrx_word'/>
</head>
<body>
  <div class='ocr_page' id='page_1' title='image "./patrologiaecurs91unkngoog_0256.png"; bbox 0 0 4750 6725; ppageno 0'>
   <div class='ocr_carea' id='block_1_1' title="bbox 414 575 2072 646">
    <p class='ocr_par' dir='ltr' id='par_1_1' title="bbox 414 575 2072 646">
     <span class='ocr_line' id='line_1_1' title="bbox 414 575 2072 646; baseline -0.008 0"><span class='ocrx_word' id='word_1_1' title='bbox 414 589 466 646; x_wconf 78' lang='grc'><strong>503</strong></span> <span class='ocrx_word' id='word_1_2' title='bbox 923 577 1082 642; x_wconf 73' lang='lat' dir='ltr'><strong>baenatii</strong></span> <span class='ocrx_word' id='word_1_3' title='bbox 1099 581 1378 642; x_wconf 72' lang='lat' dir='ltr'><strong>cantuariensis</strong></span> <span class='ocrx_word' id='word_1_4' title='bbox 1393 581 1553 642; x_wconf 73' lang='lat' dir='ltr'><strong>montelli</strong></span> <span class='ocrx_word' id='word_1_5' title='bbox 2016 575 2072 632; x_wconf 72' lang='lat' dir='ltr'><strong>idi</strong></span> 
     </span>
    </p>
   </div>
   <div class='ocr_carea' id='block_1_2' title="bbox 417 699 2175 2480">
    <p class='ocr_par' dir='ltr' id='par_1_2' title="bbox 417 699 2175 2480">
     <span class='ocr_line' id='line_1_2' title="bbox 417 699 2074 788; baseline -0.007 -18"><span class='ocrx_word' id='word_1_6' title='bbox 417 713 553 788; x_wconf 73' lang='lat' dir='ltr'>siquidem</span> <span class='ocrx_word' id='word_1_7' title='bbox 568 713 692 772; x_wconf 89' lang='lat' dir='ltr'><strong>instantia</strong></span> <span class='ocrx_word' id='word_1_8' title='bbox 707 710 889 786; x_wconf 79' lang='lat' dir='ltr'><strong>privilegium,</strong></span> <span class='ocrx_word' id='word_1_9' title='bbox 905 711 979 785; x_wconf 86' lang='lat' dir='ltr'><strong>quod</strong></span> <span class='ocrx_word' id='word_1_10' title='bbox 995 717 1118 783; x_wconf 86' lang='lat' dir='ltr'><strong>tempore</strong></span> <span class='ocrx_word' id='word_1_11' title='bbox 1133 723 1218 767; x_wconf 87' lang='lat' dir='ltr'><strong>rene·</strong></span> <span class='ocrx_word' id='word_1_12' title='bbox 1231 706 1261 772; x_wconf 80' lang='grc' dir='ltr'><strong>Α</strong></span> <span class='ocrx_word' id='word_1_13' title='bbox 1276 708 1368 766; x_wconf 85' lang='lat' dir='ltr'><strong>habitu</strong></span> <span class='ocrx_word' id='word_1_14' title='bbox 1383 709 1543 777; x_wconf 89' lang='lat' dir='ltr'><strong>monaebus,</strong></span> <span class='ocrx_word' id='word_1_15' title='bbox 1559 707 1795 784; x_wconf 85' lang='lat' dir='ltr'><strong>ingeniognarus,</strong></span> <span class='ocrx_word' id='word_1_16' title='bbox 1811 703 1956 779; x_wconf 90' lang='lat' dir='ltr'><strong>prudentia</strong></span> <span class='ocrx_word' id='word_1_17' title='bbox 1976 699 2074 776; x_wconf 87' lang='lat' dir='ltr'><strong>prori-</strong></span> 
     </span>
     <span class='ocr_line' id='line_1_3' title="bbox 418 793 2071 872; baseline -0.009 -12"><span class='ocrx_word' id='word_1_18' title='bbox 418 803 513 861; x_wconf 85' lang='lat' dir='ltr'><strong>randte</strong></span> <span class='ocrx_word' id='word_1_19' title='bbox 526 802 667 860; x_wconf 80' lang='lat' dir='ltr'><strong>memoriae</strong></span> <span class='ocrx_word' id='word_1_20' title='bbox 682 801 827 860; x_wconf 82' lang='lat' dir='ltr'><strong>Lsnfranei</strong></span> <span class='ocrx_word' id='word_1_21' title='bbox 842 798 1040 872; x_wconf 86' lang='lat' dir='ltr'><strong>archiepiscopi</strong></span> <span class='ocrx_word' id='word_1_22' title='bbox 1057 799 1106 854; x_wconf 92' lang='lat' dir='ltr'><strong>sub</strong></span> <span class='ocrx_word' id='word_1_23' title='bbox 1121 813 1223 870; x_wconf 89' lang='lat' dir='ltr'><strong>magno</strong></span> <span class='ocrx_word' id='word_1_24' title='bbox 1274 800 1324 855; x_wconf 91' lang='lat' dir='ltr'><strong>dus</strong></span> <span class='ocrx_word' id='word_1_25' title='bbox 1351 799 1411 872; x_wconf 90' lang='lat' dir='ltr'><strong>regi</strong></span> <span class='ocrx_word' id='word_1_26' title='bbox 1438 813 1471 856; x_wconf 89' lang='lat' dir='ltr'><strong>se</strong></span> <span class='ocrx_word' id='word_1_27' title='bbox 1489 813 1569 871; x_wconf 76' lang='lat' dir='ltr'><strong>papa</strong></span> <span class='ocrx_word' id='word_1_28' title='bbox 1592 797 1785 854; x_wconf 72' lang='lat' dir='ltr'><strong>familiaritatis</strong></span> <span class='ocrx_word' id='word_1_29' title='bbox 1811 811 1888 854; x_wconf 90' lang='lat' dir='ltr'><strong>nexu</strong></span> <span class='ocrx_word' id='word_1_30' title='bbox 1914 793 2071 866; x_wconf 85' lang='lat' dir='ltr'><strong>copulatus.</strong></span> 
     </span>
     <span class='ocr_line' id='line_1_4' title="bbox 422 880 2073 966; baseline -0.007 -16"><span class='ocrx_word' id='word_1_31' title='bbox 422 909 488 966; x_wconf 86' lang='lat' dir='ltr'><strong>roge</strong></span> <span class='ocrx_word' id='word_1_32' title='bbox 501 890 661 950; x_wconf 82' lang='lat' dir='ltr'><strong>willhelmo</strong></span> <span class='ocrx_word' id='word_1_33' title='bbox 675 891 710 948; x_wconf 90' lang='lat' dir='ltr'><strong>de</strong></span> <span class='ocrx_word' id='word_1_34' title='bbox 725 889 784 962; x_wconf 87' lang='lat' dir='ltr'><strong>ipss</strong></span> <span class='ocrx_word' id='word_1_35' title='bbox 799 906 829 948; x_wconf 90' lang='lat' dir='ltr'><strong>re</strong></span> <span class='ocrx_word' id='word_1_36' title='bbox 843 893 1056 963; x_wconf 88' lang='lat' dir='ltr'><strong>promulgatum,</strong></span> <span class='ocrx_word' id='word_1_37' title='bbox 1078 895 1104 944; x_wconf 89' lang='lat' dir='ltr'><strong>at</strong></span> <span class='ocrx_word' id='word_1_38' title='bbox 1131 887 1224 960; x_wconf 91' lang='lat' dir='ltr'><strong>sigillo</strong></span> <span class='ocrx_word' id='word_1_39' title='bbox 1274 889 1360 962; x_wconf 80' lang='lat' dir='ltr'><strong>Igitur</strong></span> <span class='ocrx_word' id='word_1_40' title='bbox 1372 888 1444 944; x_wconf 88' lang='lat' dir='ltr'><strong>inter</strong></span> <span class='ocrx_word' id='word_1_41' title='bbox 1456 887 1509 944; x_wconf 88' lang='lat' dir='ltr'><strong>alia</strong></span> <span class='ocrx_word' id='word_1_42' title='bbox 1524 905 1585 961; x_wconf 79' lang='lat' dir='ltr'><strong>quta</strong></span> <span class='ocrx_word' id='word_1_43' title='bbox 1598 887 1662 944; x_wconf 89' lang='lat' dir='ltr'><strong>bnic</strong></span> <span class='ocrx_word' id='word_1_44' title='bbox 1674 903 1724 944; x_wconf 90' lang='lat' dir='ltr'><strong>rex</strong></span> <span class='ocrx_word' id='word_1_45' title='bbox 1739 901 1819 959; x_wconf 86' lang='lat' dir='ltr'><strong>papae</strong></span> <span class='ocrx_word' id='word_1_46' title='bbox 1830 883 1947 941; x_wconf 86' lang='lat' dir='ltr'><strong>dicenda</strong></span> <span class='ocrx_word' id='word_1_47' title='bbox 1965 880 2073 952; x_wconf 79' lang='lat' dir='ltr'><strong>indixit,</strong></span> 
     </span>
     <span class='ocr_line' id='line_1_5' title="bbox 422 974 2073 1056; baseline -0.008 -18"><span class='ocrx_word' id='word_1_48' title='bbox 422 983 512 1056; x_wconf 88' lang='lat' dir='ltr'><strong>ipsius</strong></span> <span class='ocrx_word' id='word_1_49' title='bbox 527 982 602 1056; x_wconf 88' lang='lat' dir='ltr'><strong>regis</strong></span> <span class='ocrx_word' id='word_1_50' title='bbox 617 979 753 1036; x_wconf 85' lang='lat' dir='ltr'><strong>firmatum</strong></span> <span class='ocrx_word' id='word_1_51' title='bbox 769 979 797 1035; x_wconf 94' lang='lat' dir='ltr'><strong>in</strong></span> <span class='ocrx_word' id='word_1_52' title='bbox 820 979 941 1036; x_wconf 78' lang='lat' dir='ltr'><strong>Ecclesia</strong></span> <span class='ocrx_word' id='word_1_53' title='bbox 961 977 1063 1036; x_wconf 85' lang='lat' dir='ltr'><strong>Christi</strong></span> <span class='ocrx_word' id='word_1_54' title='bbox 1090 974 1226 1034; x_wconf 83' lang='lat' dir='ltr'><strong>Centuriae</strong></span> <span class='ocrx_word' id='word_1_55' title='bbox 1274 977 1411 1049; x_wconf 77' lang='lat' dir='ltr'><strong>precipue</strong></span> <span class='ocrx_word' id='word_1_56' title='bbox 1422 977 1503 1047; x_wconf 76' lang='lat' dir='ltr'><strong>iussit</strong></span> <span class='ocrx_word' id='word_1_57' title='bbox 1516 979 1543 1034; x_wconf 91' lang='lat' dir='ltr'><strong>ei</strong></span> <span class='ocrx_word' id='word_1_58' title='bbox 1556 976 1611 1033; x_wconf 92' lang='lat' dir='ltr'><strong>dici</strong></span> <span class='ocrx_word' id='word_1_59' title='bbox 1633 983 1764 1047; x_wconf 86' lang='lat' dir='ltr'><strong>quatenus</strong></span> <span class='ocrx_word' id='word_1_60' title='bbox 1788 975 1818 1031; x_wconf 90' lang='lat' dir='ltr'><strong>id</strong></span> <span class='ocrx_word' id='word_1_61' title='bbox 1844 974 2008 1030; x_wconf 81' lang='lat' dir='ltr'><strong>observaret</strong></span> <span class='ocrx_word' id='word_1_62' title='bbox 2033 977 2073 1039; x_wconf 85' lang='lat' dir='ltr'><strong>ut,</strong></span> 
     </span>
     <span class='ocr_line' id='line_1_6' title="bbox 424 1064 2077 1142; baseline -0.008 -16"><span class='ocrx_word' id='word_1_63' title='bbox 424 1069 549 1142; x_wconf 78' lang='lat' dir='ltr'><strong>diligenti</strong></span> <span class='ocrx_word' id='word_1_64' title='bbox 565 1083 632 1126; x_wconf 88' lang='lat' dir='ltr'><strong>cura</strong></span> <span class='ocrx_word' id='word_1_65' title='bbox 647 1076 779 1138; x_wconf 89' lang='lat' dir='ltr'><strong>servatur,</strong></span> <span class='ocrx_word' id='word_1_66' title='bbox 796 1067 849 1123; x_wconf 89' lang='lat' dir='ltr'><strong>illis</strong></span> <span class='ocrx_word' id='word_1_67' title='bbox 863 1067 960 1124; x_wconf 90' lang='lat' dir='ltr'><strong>diebus</strong></span> <span class='ocrx_word' id='word_1_68' title='bbox 974 1067 1026 1122; x_wconf 92' lang='lat' dir='ltr'><strong>sibi</strong></span> <span class='ocrx_word' id='word_1_69' title='bbox 1053 1066 1123 1122; x_wconf 90' lang='lat' dir='ltr'><strong>mitti</strong></span> <span class='ocrx_word' id='word_1_70' title='bbox 1150 1081 1225 1138; x_wconf 70' lang='lat' dir='ltr'><strong>praa·</strong></span> <span class='ocrx_word' id='word_1_71' title='bbox 1274 1064 1374 1122; x_wconf 89' lang='lat' dir='ltr'><strong>nullius</strong></span> <span class='ocrx_word' id='word_1_72' title='bbox 1387 1066 1489 1138; x_wconf 79' lang='lat' dir='ltr'><strong>gratias</strong></span> <span class='ocrx_word' id='word_1_73' title='bbox 1515 1066 1554 1122; x_wconf 89' lang='lat' dir='ltr'><strong>rei</strong></span> <span class='ocrx_word' id='word_1_74' title='bbox 1582 1064 1788 1122; x_wconf 81' lang='lat' dir='ltr'><strong>interveniente.</strong></span> <span class='ocrx_word' id='word_1_75' title='bbox 1815 1064 1999 1120; x_wconf 83' lang='lat' dir='ltr'><strong>Thurstanum</strong></span> <span class='ocrx_word' id='word_1_76' title='bbox 2026 1065 2077 1115; x_wconf 90' lang='lat' dir='ltr'><strong>aut</strong></span> 
     </span>
     <span class='ocr_line' id='line_1_7' title="bbox 423 1149 2076 1232; baseline -0.007 -16"><span class='ocrx_word' id='word_1_77' title='bbox 423 1159 507 1232; x_wconf 87' lang='lat' dir='ltr'><strong>cepit.</strong></span> <span class='ocrx_word' id='word_1_78' title='bbox 524 1157 602 1228; x_wconf 87' lang='lat' dir='ltr'><strong>Quod</strong></span> <span class='ocrx_word' id='word_1_79' title='bbox 618 1173 634 1214; x_wconf 87' lang='grc' dir='ltr'><strong>ι</strong></span> <span class='ocrx_word' id='word_1_80' title='bbox 648 1165 724 1214; x_wconf 88' lang='grc' dir='ltr'><strong>ιιιιι</strong></span> <span class='ocrx_word' id='word_1_81' title='bbox 737 1157 797 1214; x_wconf 87' lang='lat' dir='ltr'><strong>viro</strong></span> <span class='ocrx_word' id='word_1_82' title='bbox 809 1157 859 1214; x_wconf 89' lang='lat' dir='ltr'><strong>abs</strong></span> <span class='ocrx_word' id='word_1_83' title='bbox 873 1173 904 1213; x_wconf 89' lang='lat' dir='ltr'><strong>re</strong></span> <span class='ocrx_word' id='word_1_84' title='bbox 931 1157 1032 1212; x_wconf 83' lang='lat' dir='ltr'><strong>fectum</strong></span> <span class='ocrx_word' id='word_1_85' title='bbox 1060 1171 1116 1212; x_wconf 93' lang='lat' dir='ltr'><strong>non</strong></span> <span class='ocrx_word' id='word_1_86' title='bbox 1143 1154 1225 1211; x_wconf 87' lang='lat' dir='ltr'><strong>facile</strong></span> <span class='ocrx_word' id='word_1_87' title='bbox 1273 1153 1334 1226; x_wconf 92' lang='lat' dir='ltr'><strong>ipsa</strong></span> <span class='ocrx_word' id='word_1_88' title='bbox 1348 1164 1477 1226; x_wconf 80' lang='lat' dir='ltr'><strong>ssereret,</strong></span> <span class='ocrx_word' id='word_1_89' title='bbox 1492 1163 1538 1211; x_wconf 90' lang='lat' dir='ltr'><strong>aut</strong></span> <span class='ocrx_word' id='word_1_90' title='bbox 1552 1155 1588 1211; x_wconf 91' lang='lat' dir='ltr'><strong>ab</strong></span> <span class='ocrx_word' id='word_1_91' title='bbox 1602 1154 1695 1227; x_wconf 84' lang='lat' dir='ltr'><strong>aliquo</strong></span> <span class='ocrx_word' id='word_1_92' title='bbox 1722 1154 1774 1210; x_wconf 90' lang='lat' dir='ltr'><strong>nisi</strong></span> <span class='ocrx_word' id='word_1_93' title='bbox 1802 1169 1817 1209; x_wconf 90' lang='lat' dir='ltr'><strong>a</strong></span> <span class='ocrx_word' id='word_1_94' title='bbox 1841 1150 1972 1224; x_wconf 79' lang='lat' dir='ltr'><strong>pontifice</strong></span> <span class='ocrx_word' id='word_1_95' title='bbox 1998 1149 2076 1205; x_wconf 82' lang='lat' dir='ltr'><strong>can-</strong></span> 
     </span>
     <span class='ocr_line' id='line_1_8' title="bbox 426 1239 2079 1319; baseline -0.008 -15"><span class='ocrx_word' id='word_1_96' title='bbox 426 1247 605 1305; x_wconf 90' lang='lat' dir='ltr'><strong>crediderim.</strong></span> <span class='ocrx_word' id='word_1_97' title='bbox 624 1247 684 1304; x_wconf 89' lang='lat' dir='ltr'><strong>lloc</strong></span> <span class='ocrx_word' id='word_1_98' title='bbox 697 1247 789 1318; x_wconf 88' lang='lat' dir='ltr'><strong>itsqua</strong></span> <span class='ocrx_word' id='word_1_99' title='bbox 812 1245 991 1319; x_wconf 86' lang='lat' dir='ltr'><strong>privilegium</strong></span> <span class='ocrx_word' id='word_1_100' title='bbox 1019 1244 1053 1301; x_wconf 89' lang='lat' dir='ltr'><strong>sd</strong></span> <span class='ocrx_word' id='word_1_101' title='bbox 1080 1243 1225 1317; x_wconf 89' lang='lat' dir='ltr'><strong>imperium</strong></span> <span class='ocrx_word' id='word_1_102' title='bbox 1274 1244 1436 1313; x_wconf 79' lang='lat' dir='ltr'><strong>toariorum,</strong></span> <span class='ocrx_word' id='word_1_103' title='bbox 1450 1245 1489 1300; x_wconf 95' lang='lat' dir='ltr'><strong>uti</strong></span> <span class='ocrx_word' id='word_1_104' title='bbox 1502 1245 1588 1301; x_wconf 90' lang='lat' dir='ltr'><strong>moris</strong></span> <span class='ocrx_word' id='word_1_105' title='bbox 1601 1259 1665 1302; x_wconf 88' lang='lat' dir='ltr'><strong>esse</strong></span> <span class='ocrx_word' id='word_1_106' title='bbox 1679 1243 1760 1308; x_wconf 85' lang='lat' dir='ltr'><strong>solet,</strong></span> <span class='ocrx_word' id='word_1_107' title='bbox 1776 1241 1878 1298; x_wconf 89' lang='lat' dir='ltr'><strong>sacrari</strong></span> <span class='ocrx_word' id='word_1_108' title='bbox 1889 1239 2014 1313; x_wconf 73' lang='lat' dir='ltr'><strong>iuberet,</strong></span> <span class='ocrx_word' id='word_1_109' title='bbox 2028 1242 2079 1293; x_wconf 89' lang='lat' dir='ltr'><strong>aut</strong></span> 
     </span>
     <span class='ocr_line' id='line_1_9' title="bbox 427 1325 2077 1408; baseline -0.006 -16"><span class='ocrx_word' id='word_1_110' title='bbox 427 1352 507 1392; x_wconf 90' lang='lat' dir='ltr'><strong>suurn</strong></span> <span class='ocrx_word' id='word_1_111' title='bbox 523 1335 575 1392; x_wconf 85' lang='lat' dir='ltr'><strong>albi</strong></span> <span class='ocrx_word' id='word_1_112' title='bbox 590 1333 701 1393; x_wconf 88' lang='lat' dir='ltr'><strong>allatum</strong></span> <span class='ocrx_word' id='word_1_113' title='bbox 716 1335 797 1392; x_wconf 81' lang='lat' dir='ltr'><strong>Palea</strong></span> <span class='ocrx_word' id='word_1_114' title='bbox 810 1334 943 1392; x_wconf 84' lang='lat' dir='ltr'><strong>liudulfus</strong></span> <span class='ocrx_word' id='word_1_115' title='bbox 961 1351 1021 1390; x_wconf 90' lang='lat' dir='ltr'><strong>eum</strong></span> <span class='ocrx_word' id='word_1_116' title='bbox 1049 1333 1225 1405; x_wconf 81' lang='lat' dir='ltr'><strong>suscepisset,</strong></span> <span class='ocrx_word' id='word_1_117' title='bbox 1275 1332 1456 1408; x_wconf 90' lang='lat' dir='ltr'><strong>permitteret,</strong></span> <span class='ocrx_word' id='word_1_118' title='bbox 1472 1332 1595 1404; x_wconf 89' lang='lat' dir='ltr'><strong>slioquin</strong></span> <span class='ocrx_word' id='word_1_119' title='bbox 1610 1349 1640 1388; x_wconf 90' lang='lat' dir='ltr'><strong>sa</strong></span> <span class='ocrx_word' id='word_1_120' title='bbox 1653 1331 1730 1388; x_wconf 90' lang='lat' dir='ltr'><strong>illurn</strong></span> <span class='ocrx_word' id='word_1_121' title='bbox 1750 1331 1779 1386; x_wconf 94' lang='lat' dir='ltr'><strong>in</strong></span> <span class='ocrx_word' id='word_1_122' title='bbox 1805 1330 1908 1386; x_wconf 90' lang='lat' dir='ltr'><strong>nullum</strong></span> <span class='ocrx_word' id='word_1_123' title='bbox 1936 1344 1998 1386; x_wconf 85' lang='lat' dir='ltr'><strong>aare</strong></span> <span class='ocrx_word' id='word_1_124' title='bbox 2023 1325 2077 1382; x_wconf 88' lang='lat' dir='ltr'><strong>do-</strong></span> 
     </span>
     <span class='ocr_line' id='line_1_10' title="bbox 427 1418 2076 1498; baseline -0.006 -16"><span class='ocrx_word' id='word_1_125' title='bbox 427 1441 515 1498; x_wconf 81' lang='lat' dir='ltr'><strong>pspes,</strong></span> <span class='ocrx_word' id='word_1_126' title='bbox 533 1433 561 1480; x_wconf 93' lang='grc' dir='ltr'><strong>ιι</strong></span> <span class='ocrx_word' id='word_1_127' title='bbox 575 1423 654 1480; x_wconf 92' lang='lat' dir='ltr'><strong>nobis</strong></span> <span class='ocrx_word' id='word_1_128' title='bbox 667 1423 696 1480; x_wconf 92' lang='lat' dir='ltr'><strong>in</strong></span> <span class='ocrx_word' id='word_1_129' title='bbox 712 1423 814 1498; x_wconf 78' lang='lat' dir='ltr'><strong>Anglin</strong></span> <span class='ocrx_word' id='word_1_130' title='bbox 830 1423 981 1492; x_wconf 84' lang='lat' dir='ltr'><strong>dicebatur,</strong></span> <span class='ocrx_word' id='word_1_131' title='bbox 997 1425 1031 1480; x_wconf 92' lang='lat' dir='ltr'><strong>de</strong></span> <span class='ocrx_word' id='word_1_132' title='bbox 1043 1424 1098 1478; x_wconf 91' lang='lat' dir='ltr'><strong>suis</strong></span> <span class='ocrx_word' id='word_1_133' title='bbox 1124 1429 1150 1479; x_wconf 93' lang='lat' dir='ltr'><strong>et</strong></span> <span class='ocrx_word' id='word_1_134' title='bbox 1164 1421 1227 1478; x_wconf 88' lang='lat' dir='ltr'><strong>aliis</strong></span> <span class='ocrx_word' id='word_1_135' title='bbox 1275 1422 1432 1481; x_wconf 74' lang='lat' dir='ltr'><strong>minationis</strong></span> <span class='ocrx_word' id='word_1_136' title='bbox 1444 1423 1533 1479; x_wconf 90' lang='lat' dir='ltr'><strong>locum</strong></span> <span class='ocrx_word' id='word_1_137' title='bbox 1549 1422 1668 1494; x_wconf 88' lang='lat' dir='ltr'><strong>amplius</strong></span> <span class='ocrx_word' id='word_1_138' title='bbox 1682 1427 1863 1493; x_wconf 83' lang='lat' dir='ltr'><strong>receptumrm.</strong></span> <span class='ocrx_word' id='word_1_139' title='bbox 1878 1418 1950 1476; x_wconf 80' lang='lat' dir='ltr'><strong>Etsi</strong></span> <span class='ocrx_word' id='word_1_140' title='bbox 1978 1423 2076 1474; x_wconf 86' lang='lat' dir='ltr'><strong>eontra</strong></span> 
     </span>
     <span class='ocr_line' id='line_1_11' title="bbox 427 1506 2076 1586; baseline -0.006 -14"><span class='ocrx_word' id='word_1_141' title='bbox 427 1514 592 1586; x_wconf 86' lang='lat' dir='ltr'><strong>quibusdum</strong></span> <span class='ocrx_word' id='word_1_142' title='bbox 607 1512 795 1572; x_wconf 87' lang='lat' dir='ltr'><strong>ecclesiasticis</strong></span> <span class='ocrx_word' id='word_1_143' title='bbox 821 1512 938 1586; x_wconf 88' lang='lat' dir='ltr'><strong>negotiis</strong></span> <span class='ocrx_word' id='word_1_144' title='bbox 963 1529 1024 1569; x_wconf 89' lang='lat' dir='ltr'><strong>eum</strong></span> <span class='ocrx_word' id='word_1_145' title='bbox 1047 1529 1081 1570; x_wconf 89' lang='lat' dir='ltr'><strong>eo</strong></span> <span class='ocrx_word' id='word_1_146' title='bbox 1107 1517 1225 1579; x_wconf 88' lang='lat' dir='ltr'><strong>aeturus,</strong></span> <span class='ocrx_word' id='word_1_147' title='bbox 1276 1513 1347 1569; x_wconf 91' lang='lat' dir='ltr'><strong>banc</strong></span> <span class='ocrx_word' id='word_1_148' title='bbox 1362 1511 1524 1568; x_wconf 90' lang='lat' dir='ltr'><strong>sententiam</strong></span> <span class='ocrx_word' id='word_1_149' title='bbox 1539 1511 1610 1583; x_wconf 90' lang='lat' dir='ltr'><strong>ipse,</strong></span> <span class='ocrx_word' id='word_1_150' title='bbox 1625 1510 1703 1582; x_wconf 86' lang='lat' dir='ltr'><strong>quasi</strong></span> <span class='ocrx_word' id='word_1_151' title='bbox 1717 1510 1886 1582; x_wconf 84' lang='lat' dir='ltr'><strong>apostolatus</strong></span> <span class='ocrx_word' id='word_1_152' title='bbox 1908 1506 1952 1564; x_wconf 90' lang='lat' dir='ltr'><strong>sui</strong></span> <span class='ocrx_word' id='word_1_153' title='bbox 1977 1512 2076 1563; x_wconf 83' lang='grc' dir='ltr'><strong>ιιιιι-</strong></span> 
     </span>
     <span class='ocr_line' id='line_1_12' title="bbox 427 1595 2175 1677; baseline -0.006 -16"><span class='ocrx_word' id='word_1_154' title='bbox 427 1612 677 1677; x_wconf 78' lang='lat' dir='ltr'><strong>representasset,</strong></span> <span class='ocrx_word' id='word_1_155' title='bbox 693 1603 743 1659; x_wconf 93' lang='lat' dir='ltr'><strong>nisi</strong></span> <span class='ocrx_word' id='word_1_156' title='bbox 759 1602 989 1676; x_wconf 90' lang='lat' dir='ltr'><strong>fortesponsione</strong></span> <span class='ocrx_word' id='word_1_157' title='bbox 1016 1602 1090 1677; x_wconf 87' lang='lat' dir='ltr'><strong>regis</strong></span> <span class='ocrx_word' id='word_1_158' title='bbox 1114 1601 1228 1660; x_wconf 84' lang='lat' dir='ltr'><strong>ilenriei</strong></span> <span class='ocrx_word' id='word_1_159' title='bbox 1261 1601 1366 1671; x_wconf 80' lang='lat' dir='ltr'><strong>ritate,</strong></span> <span class='ocrx_word' id='word_1_160' title='bbox 1381 1599 1452 1657; x_wconf 91' lang='lat' dir='ltr'><strong>forta</strong></span> <span class='ocrx_word' id='word_1_161' title='bbox 1466 1600 1516 1656; x_wconf 91' lang='lat' dir='ltr'><strong>niti</strong></span> <span class='ocrx_word' id='word_1_162' title='bbox 1539 1599 1632 1670; x_wconf 87' lang='lat' dir='ltr'><strong>rellet,</strong></span> <span class='ocrx_word' id='word_1_163' title='bbox 1657 1607 1749 1656; x_wconf 86' lang='lat' dir='ltr'><strong>certus</strong></span> <span class='ocrx_word' id='word_1_164' title='bbox 1767 1598 1897 1655; x_wconf 78' lang='lat' dir='ltr'><strong>existerat</strong></span> <span class='ocrx_word' id='word_1_165' title='bbox 1922 1595 1999 1672; x_wconf 88' lang='lat' dir='ltr'><strong>quod</strong></span> <span class='ocrx_word' id='word_1_166' title='bbox 2025 1609 2077 1651; x_wconf 84' lang='lat' dir='ltr'><strong>nee</strong></span> <span class='ocrx_word' id='word_1_167' title='bbox 2173 1668 2175 1677; x_wconf 64' lang='lat'><strong>.</strong></span> 
     </span>
     <span class='ocr_line' id='line_1_13' title="bbox 426 1685 2077 1768; baseline -0.006 -19"><span class='ocrx_word' id='word_1_168' title='bbox 426 1708 491 1768; x_wconf 86' lang='grc' dir='ltr'><strong>ιιι,</strong></span> <span class='ocrx_word' id='word_1_169' title='bbox 504 1709 534 1749; x_wconf 85' lang='grc' dir='ltr'><strong>ιι</strong></span> <span class='ocrx_word' id='word_1_170' title='bbox 548 1693 576 1748; x_wconf 91' lang='lat' dir='ltr'><strong>in</strong></span> <span class='ocrx_word' id='word_1_171' title='bbox 590 1708 706 1768; x_wconf 88' lang='lat' dir='ltr'><strong>regnum</strong></span> <span class='ocrx_word' id='word_1_172' title='bbox 719 1708 798 1748; x_wconf 92' lang='lat' dir='ltr'><strong>suum</strong></span> <span class='ocrx_word' id='word_1_173' title='bbox 819 1707 928 1750; x_wconf 87' lang='lat' dir='ltr'><strong>reverso</strong></span> <span class='ocrx_word' id='word_1_174' title='bbox 955 1707 1065 1749; x_wconf 90' lang='lat' dir='ltr'><strong>omnem</strong></span> <span class='ocrx_word' id='word_1_175' title='bbox 1090 1689 1226 1764; x_wconf 77' lang='lat' dir='ltr'><strong>justitiam</strong></span> <span class='ocrx_word' id='word_1_176' title='bbox 1276 1705 1329 1764; x_wconf 90' lang='lat' dir='ltr'><strong>pro</strong></span> <span class='ocrx_word' id='word_1_177' title='bbox 1342 1689 1492 1746; x_wconf 89' lang='lat' dir='ltr'><strong>amissione</strong></span> <span class='ocrx_word' id='word_1_178' title='bbox 1505 1703 1615 1745; x_wconf 85' lang='lat' dir='ltr'><strong>eoronre</strong></span> <span class='ocrx_word' id='word_1_179' title='bbox 1638 1703 1706 1758; x_wconf 83' lang='lat' dir='ltr'><strong>sure,</strong></span> <span class='ocrx_word' id='word_1_180' title='bbox 1733 1691 1829 1762; x_wconf 77' lang='lat' dir='ltr'><strong>utpote</strong></span> <span class='ocrx_word' id='word_1_181' title='bbox 1855 1685 1945 1758; x_wconf 90' lang='lat' dir='ltr'><strong>spatio</strong></span> <span class='ocrx_word' id='word_1_182' title='bbox 1971 1691 2077 1757; x_wconf 89' lang='lat' dir='ltr'><strong>septem</strong></span> 
     </span>
     <span class='ocr_line' id='line_1_14' title="bbox 426 1772 2080 1854; baseline -0.007 -16"><span class='ocrx_word' id='word_1_183' title='bbox 426 1783 453 1838; x_wconf 90' lang='lat' dir='ltr'><strong>ai</strong></span> <span class='ocrx_word' id='word_1_184' title='bbox 468 1782 613 1850; x_wconf 86' lang='lat' dir='ltr'><strong>facturum,</strong></span> <span class='ocrx_word' id='word_1_185' title='bbox 630 1790 657 1838; x_wconf 92' lang='lat' dir='ltr'><strong>et</strong></span> <span class='ocrx_word' id='word_1_186' title='bbox 683 1795 758 1854; x_wconf 87' lang='lat' dir='ltr'><strong>atepe</strong></span> <span class='ocrx_word' id='word_1_187' title='bbox 785 1781 953 1838; x_wconf 91' lang='lat' dir='ltr'><strong>nominatum</strong></span> <span class='ocrx_word' id='word_1_188' title='bbox 978 1781 1163 1838; x_wconf 77' lang='lat' dir='ltr'><strong>thurstanum</strong></span> <span class='ocrx_word' id='word_1_189' title='bbox 1191 1777 1227 1836; x_wconf 85' lang='lat' dir='ltr'><strong>ad</strong></span> <span class='ocrx_word' id='word_1_190' title='bbox 1277 1793 1409 1835; x_wconf 88' lang='lat' dir='ltr'><strong>annorum</strong></span> <span class='ocrx_word' id='word_1_191' title='bbox 1436 1778 1705 1846; x_wconf 84' lang='lat' dir='ltr'><strong>excommunicatus,</strong></span> <span class='ocrx_word' id='word_1_192' title='bbox 1739 1775 1905 1850; x_wconf 87' lang='lat' dir='ltr'><strong>propositum</strong></span> <span class='ocrx_word' id='word_1_193' title='bbox 1942 1788 2022 1830; x_wconf 87' lang='grc' dir='ltr'><strong>ιιιιι</strong></span> <span class='ocrx_word' id='word_1_194' title='bbox 2050 1772 2080 1826; x_wconf 92' lang='lat' dir='ltr'><strong>in</strong></span> 
     </span>
     <span class='ocr_line' id='line_1_15' title="bbox 426 1865 2080 1943; baseline -0.007 -15"><span class='ocrx_word' id='word_1_195' title='bbox 426 1871 595 1929; x_wconf 75' lang='lat' dir='ltr'><strong>voluntatem</strong></span> <span class='ocrx_word' id='word_1_196' title='bbox 609 1878 637 1928; x_wconf 92' lang='lat' dir='ltr'><strong>et</strong></span> <span class='ocrx_word' id='word_1_197' title='bbox 656 1871 853 1943; x_wconf 76' lang='lat' dir='ltr'><strong>subiectionem</strong></span> <span class='ocrx_word' id='word_1_198' title='bbox 881 1887 957 1927; x_wconf 88' lang='lat' dir='ltr'><strong>susm</strong></span> <span class='ocrx_word' id='word_1_199' title='bbox 987 1886 1019 1927; x_wconf 91' lang='lat' dir='ltr'><strong>sa</strong></span> <span class='ocrx_word' id='word_1_200' title='bbox 1045 1869 1228 1926; x_wconf 82' lang='lat' dir='ltr'><strong>exhibitumm</strong></span> <span class='ocrx_word' id='word_1_201' title='bbox 1277 1871 1331 1926; x_wconf 87' lang='lat' dir='ltr'><strong>bac</strong></span> <span class='ocrx_word' id='word_1_202' title='bbox 1346 1883 1429 1926; x_wconf 83' lang='grc' dir='ltr'><strong>ιιιιι</strong></span> <span class='ocrx_word' id='word_1_203' title='bbox 1443 1871 1620 1940; x_wconf 73' lang='lat' dir='ltr'><strong>permutaret.</strong></span> <span class='ocrx_word' id='word_1_204' title='bbox 1635 1867 1787 1940; x_wconf 81' lang='lat' dir='ltr'><strong>Respondit</strong></span> <span class='ocrx_word' id='word_1_205' title='bbox 1802 1885 1839 1923; x_wconf 83' lang='lat' dir='ltr'><strong>r·</strong></span> <span class='ocrx_word' id='word_1_206' title='bbox 1864 1865 1907 1922; x_wconf 85' lang='lat' dir='ltr'><strong>Na</strong></span> <span class='ocrx_word' id='word_1_207' title='bbox 1932 1869 2010 1937; x_wconf 83' lang='lat' dir='ltr'><strong>putet</strong></span> <span class='ocrx_word' id='word_1_208' title='bbox 2032 1877 2080 1919; x_wconf 89' lang='lat' dir='ltr'><strong>rex</strong></span> 
     </span>
     <span class='ocr_line' id='line_1_16' title="bbox 425 1953 2081 2034; baseline -0.007 -16"><span class='ocrx_word' id='word_1_209' title='bbox 425 1959 614 2034; x_wconf 77' lang='lat' dir='ltr'><strong>pollicebatur,</strong></span> <span class='ocrx_word' id='word_1_210' title='bbox 640 1959 687 2016; x_wconf 92' lang='lat' dir='ltr'><strong>illo</strong></span> <span class='ocrx_word' id='word_1_211' title='bbox 716 1959 869 2033; x_wconf 87' lang='lat' dir='ltr'><strong>procedere</strong></span> <span class='ocrx_word' id='word_1_212' title='bbox 895 1959 1075 2016; x_wconf 86' lang='lat' dir='ltr'><strong>detineretur.</strong></span> <span class='ocrx_word' id='word_1_213' title='bbox 1106 1959 1142 2015; x_wconf 83' lang='lat' dir='ltr'><strong>lla</strong></span> <span class='ocrx_word' id='word_1_214' title='bbox 1167 1959 1228 2015; x_wconf 76' lang='lat' dir='ltr'><strong>bno</strong></span> <span class='ocrx_word' id='word_1_215' title='bbox 1277 1973 1322 2014; x_wconf 90' lang='lat' dir='ltr'><strong>ms</strong></span> <span class='ocrx_word' id='word_1_216' title='bbox 1337 1958 1372 2013; x_wconf 90' lang='lat' dir='ltr'><strong>de</strong></span> <span class='ocrx_word' id='word_1_217' title='bbox 1385 1957 1497 2030; x_wconf 88' lang='lat' dir='ltr'><strong>negotio</strong></span> <span class='ocrx_word' id='word_1_218' title='bbox 1519 1955 1554 2012; x_wconf 91' lang='lat' dir='ltr'><strong>de</strong></span> <span class='ocrx_word' id='word_1_219' title='bbox 1580 1971 1634 2030; x_wconf 86' lang='lat' dir='ltr'><strong>quo</strong></span> <span class='ocrx_word' id='word_1_220' title='bbox 1663 1955 1721 2031; x_wconf 87' lang='lat' dir='ltr'><strong>agit</strong></span> <span class='ocrx_word' id='word_1_221' title='bbox 1744 1954 1841 2030; x_wconf 85' lang='lat' dir='ltr'><strong>queris</strong></span> <span class='ocrx_word' id='word_1_222' title='bbox 1866 1953 1974 2011; x_wconf 87' lang='lat' dir='ltr'><strong>ratione</strong></span> <span class='ocrx_word' id='word_1_223' title='bbox 2000 1966 2081 2008; x_wconf 87' lang='lat' dir='ltr'><strong>secus</strong></span> 
     </span>
     <span class='ocr_line' id='line_1_17' title="bbox 427 2044 2081 2124; baseline -0.005 -19"><span class='ocrx_word' id='word_1_224' title='bbox 427 2049 536 2124; x_wconf 87' lang='lat' dir='ltr'><strong>quidem</strong></span> <span class='ocrx_word' id='word_1_225' title='bbox 549 2049 659 2122; x_wconf 89' lang='lat' dir='ltr'><strong>sponsio</strong></span> <span class='ocrx_word' id='word_1_226' title='bbox 672 2048 795 2106; x_wconf 88' lang='lat' dir='ltr'><strong>nonnihil</strong></span> <span class='ocrx_word' id='word_1_227' title='bbox 811 2065 873 2106; x_wconf 89' lang='lat' dir='ltr'><strong>enm</strong></span> <span class='ocrx_word' id='word_1_228' title='bbox 892 2048 920 2104; x_wconf 93' lang='lat' dir='ltr'><strong>in</strong></span> <span class='ocrx_word' id='word_1_229' title='bbox 948 2047 1133 2104; x_wconf 86' lang='lat' dir='ltr'><strong>transmarinis</strong></span> <span class='ocrx_word' id='word_1_230' title='bbox 1157 2063 1225 2120; x_wconf 91' lang='lat' dir='ltr'><strong>par·</strong></span> <span class='ocrx_word' id='word_1_231' title='bbox 1241 2059 1268 2121; x_wconf 81' lang='grc' dir='ltr'>Β</span> <span class='ocrx_word' id='word_1_232' title='bbox 1284 2055 1405 2104; x_wconf 87' lang='lat' dir='ltr'><strong>acturum</strong></span> <span class='ocrx_word' id='word_1_233' title='bbox 1418 2060 1499 2118; x_wconf 87' lang='lat' dir='ltr'><strong>quam</strong></span> <span class='ocrx_word' id='word_1_234' title='bbox 1515 2045 1574 2118; x_wconf 87' lang='lat' dir='ltr'><strong>ipse</strong></span> <span class='ocrx_word' id='word_1_235' title='bbox 1596 2045 1672 2103; x_wconf 87' lang='lat' dir='ltr'><strong>velit.</strong></span> <span class='ocrx_word' id='word_1_236' title='bbox 1699 2045 1758 2102; x_wconf 83' lang='lat' dir='ltr'><strong>Nee</strong></span> <span class='ocrx_word' id='word_1_237' title='bbox 1786 2044 1858 2101; x_wconf 90' lang='lat' dir='ltr'><strong>enim</strong></span> <span class='ocrx_word' id='word_1_238' title='bbox 1886 2058 1932 2100; x_wconf 91' lang='lat' dir='ltr'><strong>ms</strong></span> <span class='ocrx_word' id='word_1_239' title='bbox 1957 2055 2081 2115; x_wconf 87' lang='lat' dir='ltr'><strong>unquam</strong></span> 
     </span>
     <span class='ocr_line' id='line_1_18' title="bbox 423 2130 2077 2211; baseline -0.007 -14"><span class='ocrx_word' id='word_1_240' title='bbox 423 2140 497 2197; x_wconf 90' lang='lat' dir='ltr'><strong>tibus</strong></span> <span class='ocrx_word' id='word_1_241' title='bbox 512 2138 659 2206; x_wconf 85' lang='lat' dir='ltr'><strong>detinebat,</strong></span> <span class='ocrx_word' id='word_1_242' title='bbox 675 2146 703 2196; x_wconf 89' lang='lat' dir='ltr'><strong>et</strong></span> <span class='ocrx_word' id='word_1_243' title='bbox 717 2147 842 2196; x_wconf 87' lang='lat' dir='ltr'><strong>eventum</strong></span> <span class='ocrx_word' id='word_1_244' title='bbox 859 2138 899 2196; x_wconf 91' lang='lat' dir='ltr'><strong>rei</strong></span> <span class='ocrx_word' id='word_1_245' title='bbox 914 2139 1048 2211; x_wconf 85' lang='lat' dir='ltr'><strong>patienter</strong></span> <span class='ocrx_word' id='word_1_246' title='bbox 1065 2139 1225 2210; x_wconf 87' lang='lat' dir='ltr'><strong>exspectare</strong></span> <span class='ocrx_word' id='word_1_247' title='bbox 1277 2137 1314 2195; x_wconf 88' lang='lat' dir='ltr'><strong>ad</strong></span> <span class='ocrx_word' id='word_1_248' title='bbox 1328 2136 1383 2194; x_wconf 88' lang='lat' dir='ltr'><strong>boe</strong></span> <span class='ocrx_word' id='word_1_249' title='bbox 1395 2151 1459 2191; x_wconf 89' lang='lat' dir='ltr'><strong>maa</strong></span> <span class='ocrx_word' id='word_1_250' title='bbox 1471 2135 1534 2191; x_wconf 91' lang='lat' dir='ltr'><strong>tulit</strong></span> <span class='ocrx_word' id='word_1_251' title='bbox 1546 2135 1677 2192; x_wconf 87' lang='lat' dir='ltr'><strong>voluntas</strong></span> <span class='ocrx_word' id='word_1_252' title='bbox 1689 2143 1717 2190; x_wconf 96' lang='lat' dir='ltr'><strong>ut</strong></span> <span class='ocrx_word' id='word_1_253' title='bbox 1731 2132 1933 2191; x_wconf 85' lang='lat' dir='ltr'><strong>cantuariensis</strong></span> <span class='ocrx_word' id='word_1_254' title='bbox 1944 2130 2077 2187; x_wconf 78' lang='lat' dir='ltr'><strong>lirelesise</strong></span> 
     </span>
     <span class='ocr_line' id='line_1_19' title="bbox 424 2217 2080 2302; baseline -0.006 -17"><span class='ocrx_word' id='word_1_255' title='bbox 424 2229 620 2302; x_wconf 87' lang='lat' dir='ltr'><strong>persuadebat.</strong></span> <span class='ocrx_word' id='word_1_256' title='bbox 639 2229 695 2285; x_wconf 85' lang='lat' dir='ltr'><strong>lter</strong></span> <span class='ocrx_word' id='word_1_257' title='bbox 711 2243 820 2302; x_wconf 86' lang='lat' dir='ltr'><strong>quoque</strong></span> <span class='ocrx_word' id='word_1_258' title='bbox 834 2227 940 2285; x_wconf 76' lang='lat' dir='ltr'><strong>bellidis</strong></span> <span class='ocrx_word' id='word_1_259' title='bbox 958 2227 1116 2284; x_wconf 86' lang='lat' dir='ltr'><strong>tumultibus</strong></span> <span class='ocrx_word' id='word_1_260' title='bbox 1141 2224 1224 2282; x_wconf 89' lang='lat' dir='ltr'><strong>nudi·</strong></span> <span class='ocrx_word' id='word_1_261' title='bbox 1278 2226 1452 2301; x_wconf 87' lang='lat' dir='ltr'><strong>dignitatem,</strong></span> <span class='ocrx_word' id='word_1_262' title='bbox 1465 2224 1510 2282; x_wconf 91' lang='lat' dir='ltr'><strong>cni</strong></span> <span class='ocrx_word' id='word_1_263' title='bbox 1532 2227 1573 2281; x_wconf 91' lang='lat' dir='ltr'><strong>tot</strong></span> <span class='ocrx_word' id='word_1_264' title='bbox 1596 2224 1721 2298; x_wconf 80' lang='lat' dir='ltr'><strong>praeclari</strong></span> <span class='ocrx_word' id='word_1_265' title='bbox 1748 2224 1851 2292; x_wconf 84' lang='lat' dir='ltr'><strong>Patres,</strong></span> <span class='ocrx_word' id='word_1_266' title='bbox 1879 2229 1909 2279; x_wconf 90' lang='lat' dir='ltr'><strong>nt</strong></span> <span class='ocrx_word' id='word_1_267' title='bbox 1933 2235 2006 2295; x_wconf 90' lang='lat' dir='ltr'><strong>pene</strong></span> <span class='ocrx_word' id='word_1_268' title='bbox 2032 2217 2080 2275; x_wconf 89' lang='lat' dir='ltr'><strong>toti</strong></span> 
     </span>
     <span class='ocr_line' id='line_1_20' title="bbox 425 2306 2078 2393; baseline -0.007 -19"><span class='ocrx_word' id='word_1_269' title='bbox 425 2334 478 2393; x_wconf 90' lang='grc' dir='ltr'><strong>ιιι</strong></span> <span class='ocrx_word' id='word_1_270' title='bbox 493 2325 651 2390; x_wconf 83' lang='grc' dir='ltr'><strong>ιιιιιιιιι,</strong></span> <span class='ocrx_word' id='word_1_271' title='bbox 667 2331 719 2374; x_wconf 88' lang='grc' dir='ltr'><strong>ιιι</strong></span> <span class='ocrx_word' id='word_1_272' title='bbox 732 2332 772 2385; x_wconf 88' lang='lat' dir='ltr'><strong>se,</strong></span> <span class='ocrx_word' id='word_1_273' title='bbox 786 2324 815 2373; x_wconf 91' lang='lat' dir='ltr'><strong>ut</strong></span> <span class='ocrx_word' id='word_1_274' title='bbox 835 2317 952 2384; x_wconf 81' lang='lat' dir='ltr'><strong>volebat,</strong></span> <span class='ocrx_word' id='word_1_275' title='bbox 981 2314 1144 2383; x_wconf 85' lang='lat' dir='ltr'><strong>deliberare,</strong></span> <span class='ocrx_word' id='word_1_276' title='bbox 1173 2329 1225 2372; x_wconf 90' lang='lat' dir='ltr'><strong>nec</strong></span> <span class='ocrx_word' id='word_1_277' title='bbox 1278 2315 1380 2372; x_wconf 89' lang='lat' dir='ltr'><strong>mundo</strong></span> <span class='ocrx_word' id='word_1_278' title='bbox 1394 2314 1563 2370; x_wconf 91' lang='lat' dir='ltr'><strong>notissimum</strong></span> <span class='ocrx_word' id='word_1_279' title='bbox 1575 2320 1626 2381; x_wconf 81' lang='lat' dir='ltr'><strong>est,</strong></span> <span class='ocrx_word' id='word_1_280' title='bbox 1642 2313 1841 2386; x_wconf 77' lang='lat' dir='ltr'><strong>proesadamut,</strong></span> <span class='ocrx_word' id='word_1_281' title='bbox 1856 2325 1968 2386; x_wconf 87' lang='grc' dir='ltr'><strong>ιιιιιι</strong></span> <span class='ocrx_word' id='word_1_282' title='bbox 1994 2306 2078 2364; x_wconf 89' lang='lat' dir='ltr'><strong>mado</strong></span> 
     </span>
     <span class='ocr_line' id='line_1_21' title="bbox 423 2396 2079 2480; baseline -0.007 -16"><span class='ocrx_word' id='word_1_283' title='bbox 423 2407 464 2464; x_wconf 90' lang='lat' dir='ltr'><strong>eis</strong></span> <span class='ocrx_word' id='word_1_284' title='bbox 478 2405 631 2464; x_wconf 86' lang='lat' dir='ltr'><strong>omissisin</strong></span> <span class='ocrx_word' id='word_1_285' title='bbox 644 2403 776 2480; x_wconf 67' lang='lat' dir='ltr'><strong>angliam</strong></span> <span class='ocrx_word' id='word_1_286' title='bbox 791 2403 868 2462; x_wconf 83' lang='lat' dir='ltr'><strong>salva</strong></span> <span class='ocrx_word' id='word_1_287' title='bbox 883 2405 1027 2462; x_wconf 82' lang='lat' dir='ltr'><strong>honestate</strong></span> <span class='ocrx_word' id='word_1_288' title='bbox 1050 2419 1098 2461; x_wconf 94' lang='grc' dir='ltr'><strong>ιιι</strong></span> <span class='ocrx_word' id='word_1_289' title='bbox 1121 2410 1226 2477; x_wconf 83' lang='grc' dir='ltr'><strong>ιιιιιιι</strong></span> <span class='ocrx_word' id='word_1_290' title='bbox 1277 2401 1465 2460; x_wconf 74' lang='lat' dir='ltr'><strong>humiliem.»</strong></span> <span class='ocrx_word' id='word_1_291' title='bbox 1493 2402 1543 2459; x_wconf 89' lang='lat' dir='ltr'><strong>llis</strong></span> <span class='ocrx_word' id='word_1_292' title='bbox 1567 2402 1709 2474; x_wconf 86' lang='lat' dir='ltr'><strong>apostolici</strong></span> <span class='ocrx_word' id='word_1_293' title='bbox 1732 2401 1825 2460; x_wconf 82' lang='lat' dir='ltr'><strong>verbis</strong></span> <span class='ocrx_word' id='word_1_294' title='bbox 1848 2401 1943 2474; x_wconf 89' lang='lat' dir='ltr'><strong>regins</strong></span> <span class='ocrx_word' id='word_1_295' title='bbox 1965 2396 2079 2454; x_wconf 87' lang='lat' dir='ltr'><strong>nuntius</strong></span> 
     </span>
    </p>
   </div>
   <div class='ocr_carea' id='block_1_3' title="bbox 327 2488 2081 2565">
    <p class='ocr_par' dir='ltr' id='par_1_3' title="bbox 327 2488 2081 2565">
     <span class='ocr_line' id='line_1_22' title="bbox 327 2488 2081 2565; baseline -0.005 -13"><span class='ocrx_word' id='word_1_296' title='bbox 327 2504 329 2512; x_wconf 82' lang='grc'><em>’</em></span> <span class='ocrx_word' id='word_1_297' title='bbox 420 2509 556 2553; x_wconf 88' lang='lat' dir='ltr'><strong>remeare.</strong></span> <span class='ocrx_word' id='word_1_298' title='bbox 1277 2491 1406 2549; x_wconf 75' lang='lat' dir='ltr'><strong>euodisius</strong></span> <span class='ocrx_word' id='word_1_299' title='bbox 1418 2491 1542 2556; x_wconf 87' lang='lat' dir='ltr'><strong>effeetus,</strong></span> <span class='ocrx_word' id='word_1_300' title='bbox 1558 2493 1594 2548; x_wconf 90' lang='lat' dir='ltr'><strong>de</strong></span> <span class='ocrx_word' id='word_1_301' title='bbox 1607 2507 1676 2562; x_wconf 76' lang='lat' dir='ltr'><strong>ane,</strong></span> <span class='ocrx_word' id='word_1_302' title='bbox 1687 2488 1834 2565; x_wconf 72' lang='lat' dir='ltr'><strong>legationis</strong></span> <span class='ocrx_word' id='word_1_303' title='bbox 1846 2489 1944 2546; x_wconf 84' lang='lat' dir='ltr'><strong>effectu</strong></span> <span class='ocrx_word' id='word_1_304' title='bbox 1966 2501 2081 2544; x_wconf 81' lang='grc' dir='ltr'><strong>ιιιιιιιι</strong></span> 
     </span>
    </p>
   </div>
   <div class='ocr_carea' id='block_1_4' title="bbox 421 2579 2086 3367">
    <p class='ocr_par' dir='ltr' id='par_1_4' title="bbox 421 2579 2086 3367">
     <span class='ocr_line' id='line_1_23' title="bbox 457 2579 2082 2656; baseline -0.007 -15"><span class='ocrx_word' id='word_1_305' title='bbox 457 2587 532 2641; x_wconf 93' lang='lat' dir='ltr'><strong>lnter</strong></span> <span class='ocrx_word' id='word_1_306' title='bbox 545 2585 615 2650; x_wconf 84' lang='lat' dir='ltr'><strong>baec,</strong></span> <span class='ocrx_word' id='word_1_307' title='bbox 627 2583 688 2656; x_wconf 89' lang='lat' dir='ltr'><strong>ipso</strong></span> <span class='ocrx_word' id='word_1_308' title='bbox 703 2581 832 2640; x_wconf 86' lang='lat' dir='ltr'><strong>videlieet</strong></span> <span class='ocrx_word' id='word_1_309' title='bbox 846 2581 987 2640; x_wconf 83' lang='grc' dir='ltr'><strong>ιιιιιίιιίι</strong></span> <span class='ocrx_word' id='word_1_310' title='bbox 1000 2597 1057 2639; x_wconf 80' lang='grc' dir='ltr'><strong>ιιι</strong></span> <span class='ocrx_word' id='word_1_311' title='bbox 1071 2597 1153 2649; x_wconf 85' lang='lat' dir='ltr'><strong>anno,</strong></span> <span class='ocrx_word' id='word_1_312' title='bbox 1169 2583 1224 2640; x_wconf 88' lang='lat' dir='ltr'><strong>Ca-</strong></span> <span class='ocrx_word' id='word_1_313' title='bbox 1279 2581 1366 2638; x_wconf 89' lang='lat' dir='ltr'><strong>fnctus</strong></span> <span class='ocrx_word' id='word_1_314' title='bbox 1378 2588 1433 2637; x_wconf 91' lang='lat' dir='ltr'><strong>est.</strong></span> <span class='ocrx_word' id='word_1_315' title='bbox 1451 2580 1604 2652; x_wconf 82' lang='lat' dir='ltr'><strong>Quaproter</strong></span> <span class='ocrx_word' id='word_1_316' title='bbox 1616 2597 1679 2638; x_wconf 91' lang='lat' dir='ltr'><strong>cnm</strong></span> <span class='ocrx_word' id='word_1_317' title='bbox 1694 2580 1787 2637; x_wconf 89' lang='lat' dir='ltr'><strong>llemis</strong></span> <span class='ocrx_word' id='word_1_318' title='bbox 1800 2579 1932 2648; x_wconf 81' lang='grc' dir='ltr'><strong>ιιιίιιιι,</strong></span> <span class='ocrx_word' id='word_1_319' title='bbox 1960 2584 1988 2634; x_wconf 90' lang='lat' dir='ltr'><strong>et</strong></span> <span class='ocrx_word' id='word_1_320' title='bbox 2001 2588 2082 2632; x_wconf 86' lang='lat' dir='ltr'><strong>rossa</strong></span> 
     </span>
     <span class='ocr_line' id='line_1_24' title="bbox 421 2662 2084 2745; baseline -0.007 -15"><span class='ocrx_word' id='word_1_321' title='bbox 421 2673 502 2730; x_wconf 88' lang='lat' dir='ltr'><strong>lixtus</strong></span> <span class='ocrx_word' id='word_1_322' title='bbox 515 2687 588 2745; x_wconf 87' lang='lat' dir='ltr'><strong>pape</strong></span> <span class='ocrx_word' id='word_1_323' title='bbox 601 2671 716 2728; x_wconf 89' lang='lat' dir='ltr'><strong>institnit</strong></span> <span class='ocrx_word' id='word_1_324' title='bbox 729 2671 822 2729; x_wconf 82' lang='lat' dir='ltr'><strong>Remis</strong></span> <span class='ocrx_word' id='word_1_325' title='bbox 836 2670 969 2745; x_wconf 88' lang='lat' dir='ltr'><strong>generale</strong></span> <span class='ocrx_word' id='word_1_326' title='bbox 991 2671 1145 2740; x_wconf 87' lang='lat' dir='ltr'><strong>concilium,</strong></span> <span class='ocrx_word' id='word_1_327' title='bbox 1173 2685 1226 2727; x_wconf 89' lang='lat' dir='ltr'><strong>xm</strong></span> <span class='ocrx_word' id='word_1_328' title='bbox 1280 2669 1482 2727; x_wconf 85' lang='lat' dir='ltr'><strong>Dominicidiei</strong></span> <span class='ocrx_word' id='word_1_329' title='bbox 1496 2671 1678 2743; x_wconf 81' lang='lat' dir='ltr'><strong>precedentis</strong></span> <span class='ocrx_word' id='word_1_330' title='bbox 1700 2670 1775 2726; x_wconf 89' lang='lat' dir='ltr'><strong>diem</strong></span> <span class='ocrx_word' id='word_1_331' title='bbox 1803 2667 1948 2742; x_wconf 74' lang='lat' dir='ltr'><strong>praestituti</strong></span> <span class='ocrx_word' id='word_1_332' title='bbox 1973 2662 2084 2722; x_wconf 83' lang='lat' dir='ltr'><strong>concilii</strong></span> 
     </span>
     <span class='ocr_line' id='line_1_25' title="bbox 423 2755 2085 2833; baseline -0.007 -14"><span class='ocrx_word' id='word_1_333' title='bbox 423 2763 483 2820; x_wconf 83' lang='lat' dir='ltr'><strong>lial.</strong></span> <span class='ocrx_word' id='word_1_334' title='bbox 507 2761 680 2830; x_wconf 84' lang='lat' dir='ltr'><strong>Novembris,</strong></span> <span class='ocrx_word' id='word_1_335' title='bbox 707 2760 756 2833; x_wconf 83' lang='lat' dir='ltr'><strong>qni</strong></span> <span class='ocrx_word' id='word_1_336' title='bbox 785 2760 837 2817; x_wconf 91' lang='lat' dir='ltr'><strong>luit</strong></span> <span class='ocrx_word' id='word_1_337' title='bbox 864 2775 950 2816; x_wconf 84' lang='lat' dir='ltr'><strong>annus</strong></span> <span class='ocrx_word' id='word_1_338' title='bbox 976 2759 1011 2816; x_wconf 90' lang='lat' dir='ltr'><strong>ab</strong></span> <span class='ocrx_word' id='word_1_339' title='bbox 1036 2760 1226 2817; x_wconf 84' lang='lat' dir='ltr'><strong>lnrsrnatione</strong></span> <span class='ocrx_word' id='word_1_340' title='bbox 1278 2773 1341 2817; x_wconf 90' lang='lat' dir='ltr'><strong>cum</strong></span> <span class='ocrx_word' id='word_1_341' title='bbox 1358 2759 1523 2816; x_wconf 69' lang='lat' dir='ltr'><strong>ustensitia</strong></span> <span class='ocrx_word' id='word_1_342' title='bbox 1536 2759 1593 2816; x_wconf 89' lang='lat' dir='ltr'><strong>suia</strong></span> <span class='ocrx_word' id='word_1_343' title='bbox 1617 2758 1699 2816; x_wconf 89' lang='lat' dir='ltr'><strong>sociis</strong></span> <span class='ocrx_word' id='word_1_344' title='bbox 1722 2758 1830 2815; x_wconf 84' lang='lat' dir='ltr'><strong>audiret</strong></span> <span class='ocrx_word' id='word_1_345' title='bbox 1854 2755 1926 2828; x_wconf 90' lang='lat' dir='ltr'><strong>apud</strong></span> <span class='ocrx_word' id='word_1_346' title='bbox 1953 2755 2085 2812; x_wconf 85' lang='lat' dir='ltr'><strong>Sanctum</strong></span> 
     </span>
     <span class='ocr_line' id='line_1_26' title="bbox 421 2845 2085 2922; baseline -0.007 -13"><span class='ocrx_word' id='word_1_347' title='bbox 421 2850 531 2909; x_wconf 91' lang='lat' dir='ltr'><strong>llomini</strong></span> <span class='ocrx_word' id='word_1_348' title='bbox 543 2850 704 2907; x_wconf 90' lang='lat' dir='ltr'><strong>millesimus</strong></span> <span class='ocrx_word' id='word_1_349' title='bbox 719 2850 887 2907; x_wconf 88' lang='lat' dir='ltr'><strong>centesimus</strong></span> <span class='ocrx_word' id='word_1_350' title='bbox 903 2865 990 2906; x_wconf 88' lang='lat' dir='ltr'><strong>nonus</strong></span> <span class='ocrx_word' id='word_1_351' title='bbox 1005 2848 1140 2920; x_wconf 87' lang='lat' dir='ltr'><strong>decimus,</strong></span> <span class='ocrx_word' id='word_1_352' title='bbox 1156 2857 1181 2906; x_wconf 92' lang='grc' dir='ltr'><strong>ιι</strong></span> <span class='ocrx_word' id='word_1_353' title='bbox 1192 2865 1225 2905; x_wconf 90' lang='lat' dir='ltr'><strong>ex</strong></span> <span class='ocrx_word' id='word_1_354' title='bbox 1278 2848 1434 2922; x_wconf 89' lang='lat' dir='ltr'><strong>llemiginm</strong></span> <span class='ocrx_word' id='word_1_355' title='bbox 1461 2849 1594 2922; x_wconf 84' lang='lat' dir='ltr'><strong>quosdam</strong></span> <span class='ocrx_word' id='word_1_356' title='bbox 1629 2853 1814 2920; x_wconf 87' lang='lat' dir='ltr'><strong>protestantes</strong></span> <span class='ocrx_word' id='word_1_357' title='bbox 1848 2847 1874 2903; x_wconf 91' lang='lat' dir='ltr'><strong>ei</strong></span> <span class='ocrx_word' id='word_1_358' title='bbox 1899 2845 2085 2902; x_wconf 72' lang='lat' dir='ltr'><strong>&#39;thurstanum</strong></span> 
     </span>
     <span class='ocr_line' id='line_1_27' title="bbox 423 2931 2084 3013; baseline -0.007 -17"><span class='ocrx_word' id='word_1_359' title='bbox 423 2949 480 3013; x_wconf 89' lang='grc' dir='ltr'><strong>ιιι</strong></span> <span class='ocrx_word' id='word_1_360' title='bbox 494 2937 626 2996; x_wconf 81' lang='lat' dir='ltr'><strong>Radulfus</strong></span> <span class='ocrx_word' id='word_1_361' title='bbox 638 2936 862 3011; x_wconf 86' lang='lat' dir='ltr'><strong>archiepiscopus</strong></span> <span class='ocrx_word' id='word_1_362' title='bbox 871 2937 985 2995; x_wconf 82' lang='lat' dir='ltr'><strong>Romam</strong></span> <span class='ocrx_word' id='word_1_363' title='bbox 996 2937 1083 2994; x_wconf 91' lang='lat' dir='ltr'><strong>iturus</strong></span> <span class='ocrx_word' id='word_1_364' title='bbox 1093 2937 1226 3011; x_wconf 80' lang='lat' dir='ltr'><strong>Angliam</strong></span> <span class='ocrx_word' id='word_1_365' title='bbox 1279 2943 1307 2994; x_wconf 89' lang='lat' dir='ltr'><strong>et</strong></span> <span class='ocrx_word' id='word_1_366' title='bbox 1321 2953 1387 2994; x_wconf 90' lang='lat' dir='ltr'><strong>suos</strong></span> <span class='ocrx_word' id='word_1_367' title='bbox 1413 2937 1520 2994; x_wconf 86' lang='lat' dir='ltr'><strong>alacres</strong></span> <span class='ocrx_word' id='word_1_368' title='bbox 1547 2938 1582 2993; x_wconf 91' lang='lat' dir='ltr'><strong>sd</strong></span> <span class='ocrx_word' id='word_1_369' title='bbox 1606 2937 1827 2994; x_wconf 82' lang='lat' dir='ltr'><strong>benedictionem</strong></span> <span class='ocrx_word' id='word_1_370' title='bbox 1855 2932 2031 3009; x_wconf 83' lang='lat' dir='ltr'><strong>pontificatus</strong></span> <span class='ocrx_word' id='word_1_371' title='bbox 2055 2931 2084 2986; x_wconf 93' lang='lat' dir='ltr'><strong>in</strong></span> 
     </span>
     <span class='ocr_line' id='line_1_28' title="bbox 427 3021 2083 3099; baseline -0.004 -13"><span class='ocrx_word' id='word_1_372' title='bbox 427 3027 542 3094; x_wconf 83' lang='lat' dir='ltr'><strong>exierat,</strong></span> <span class='ocrx_word' id='word_1_373' title='bbox 558 3041 649 3085; x_wconf 88' lang='lat' dir='ltr'><strong>annus</strong></span> <span class='ocrx_word' id='word_1_374' title='bbox 663 3034 787 3099; x_wconf 83' lang='grc' dir='ltr'><strong>ιιιιιιι.</strong></span> <span class='ocrx_word' id='word_1_375' title='bbox 817 3027 858 3085; x_wconf 87' lang='lat' dir='ltr'><strong>lid</strong></span> <span class='ocrx_word' id='word_1_376' title='bbox 886 3027 940 3085; x_wconf 87' lang='lat' dir='ltr'><strong>boc</strong></span> <span class='ocrx_word' id='word_1_377' title='bbox 967 3027 1111 3084; x_wconf 83' lang='lat' dir='ltr'><strong>eonsilium</strong></span> <span class='ocrx_word' id='word_1_378' title='bbox 1139 3027 1227 3084; x_wconf 89' lang='lat' dir='ltr'><strong>faetus</strong></span> <span class='ocrx_word' id='word_1_379' title='bbox 1279 3025 1345 3083; x_wconf 82' lang='lat' dir='ltr'><strong>sede</strong></span> <span class='ocrx_word' id='word_1_380' title='bbox 1358 3025 1507 3099; x_wconf 86' lang='lat' dir='ltr'><strong>episcopali</strong></span> <span class='ocrx_word' id='word_1_381' title='bbox 1522 3027 1683 3098; x_wconf 77' lang='lat' dir='ltr'><strong>preparari,</strong></span> <span class='ocrx_word' id='word_1_382' title='bbox 1697 3025 1813 3082; x_wconf 88' lang='lat' dir='ltr'><strong>miratus</strong></span> <span class='ocrx_word' id='word_1_383' title='bbox 1825 3021 1949 3081; x_wconf 89' lang='lat' dir='ltr'><strong>estnltrs</strong></span> <span class='ocrx_word' id='word_1_384' title='bbox 1957 3021 2083 3092; x_wconf 82' lang='lat' dir='ltr'><strong>modum,</strong></span> 
     </span>
     <span class='ocr_line' id='line_1_29' title="bbox 424 3109 2084 3189; baseline -0.006 -16"><span class='ocrx_word' id='word_1_385' title='bbox 424 3115 621 3188; x_wconf 88' lang='lat' dir='ltr'><strong>cstmultiplex</strong></span> <span class='ocrx_word' id='word_1_386' title='bbox 636 3113 919 3188; x_wconf 81' lang='lat' dir='ltr'><strong>archiepiscoporum,</strong></span> <span class='ocrx_word' id='word_1_387' title='bbox 948 3115 1147 3189; x_wconf 88' lang='lat' dir='ltr'><strong>episeopomm,</strong></span> <span class='ocrx_word' id='word_1_388' title='bbox 1172 3115 1226 3172; x_wconf 89' lang='lat' dir='ltr'><strong>ab·</strong></span> <span class='ocrx_word' id='word_1_389' title='bbox 1279 3130 1331 3171; x_wconf 90' lang='lat' dir='ltr'><strong>nec</strong></span> <span class='ocrx_word' id='word_1_390' title='bbox 1345 3114 1379 3170; x_wconf 90' lang='lat' dir='ltr'><strong>iis</strong></span> <span class='ocrx_word' id='word_1_391' title='bbox 1392 3130 1456 3186; x_wconf 86' lang='grc' dir='ltr'><strong>ιιιι</strong></span> <span class='ocrx_word' id='word_1_392' title='bbox 1473 3113 1638 3172; x_wconf 89' lang='lat' dir='ltr'><strong>dicebantur</strong></span> <span class='ocrx_word' id='word_1_393' title='bbox 1665 3113 1840 3188; x_wconf 87' lang='lat' dir='ltr'><strong>aliquatenus</strong></span> <span class='ocrx_word' id='word_1_394' title='bbox 1866 3118 1972 3185; x_wconf 85' lang='lat' dir='ltr'><strong>poterat</strong></span> <span class='ocrx_word' id='word_1_395' title='bbox 1997 3109 2084 3165; x_wconf 88' lang='lat' dir='ltr'><strong>bdem</strong></span> 
     </span>
     <span class='ocr_line' id='line_1_30' title="bbox 423 3201 2084 3277; baseline -0.004 -15"><span class='ocrx_word' id='word_1_396' title='bbox 423 3205 518 3262; x_wconf 88' lang='lat' dir='ltr'><strong>batum</strong></span> <span class='ocrx_word' id='word_1_397' title='bbox 533 3212 560 3262; x_wconf 90' lang='lat' dir='ltr'><strong>et</strong></span> <span class='ocrx_word' id='word_1_398' title='bbox 571 3203 731 3277; x_wconf 88' lang='lat' dir='ltr'><strong>principum</strong></span> <span class='ocrx_word' id='word_1_399' title='bbox 741 3203 912 3261; x_wconf 88' lang='lat' dir='ltr'><strong>diversarum</strong></span> <span class='ocrx_word' id='word_1_400' title='bbox 927 3205 1130 3277; x_wconf 82' lang='lat' dir='ltr'><strong>provinciamm</strong></span> <span class='ocrx_word' id='word_1_401' title='bbox 1158 3220 1226 3262; x_wconf 89' lang='lat' dir='ltr'><strong>eon·</strong></span> <span class='ocrx_word' id='word_1_402' title='bbox 1280 3204 1415 3276; x_wconf 75' lang='lat' dir='ltr'><strong>praebere.</strong></span> <span class='ocrx_word' id='word_1_403' title='bbox 1431 3207 1470 3260; x_wconf 79' lang='lat' dir='ltr'><strong>Ae</strong></span> <span class='ocrx_word' id='word_1_404' title='bbox 1484 3202 1533 3260; x_wconf 91' lang='lat' dir='ltr'><strong>ubi</strong></span> <span class='ocrx_word' id='word_1_405' title='bbox 1547 3203 1585 3260; x_wconf 87' lang='lat' dir='ltr'><strong>rei</strong></span> <span class='ocrx_word' id='word_1_406' title='bbox 1599 3204 1703 3260; x_wconf 83' lang='lat' dir='ltr'><strong>veritas</strong></span> <span class='ocrx_word' id='word_1_407' title='bbox 1717 3202 1809 3275; x_wconf 88' lang='lat' dir='ltr'><strong>palam</strong></span> <span class='ocrx_word' id='word_1_408' title='bbox 1823 3201 1949 3260; x_wconf 90' lang='lat' dir='ltr'><strong>innotuit.</strong></span> <span class='ocrx_word' id='word_1_409' title='bbox 1962 3201 2084 3256; x_wconf 80' lang='lat' dir='ltr'><strong>loannes</strong></span> 
     </span>
     <span class='ocr_line' id='line_1_31' title="bbox 422 3286 2086 3367; baseline -0.007 -14"><span class='ocrx_word' id='word_1_410' title='bbox 422 3307 601 3364; x_wconf 88' lang='lat' dir='ltr'><strong>eursus,eum</strong></span> <span class='ocrx_word' id='word_1_411' title='bbox 615 3307 761 3350; x_wconf 89' lang='lat' dir='ltr'><strong>numerosa</strong></span> <span class='ocrx_word' id='word_1_412' title='bbox 777 3291 937 3350; x_wconf 84' lang='lat' dir='ltr'><strong>elericorum</strong></span> <span class='ocrx_word' id='word_1_413' title='bbox 952 3307 985 3350; x_wconf 90' lang='lat' dir='ltr'><strong>ac</strong></span> <span class='ocrx_word' id='word_1_414' title='bbox 1005 3292 1126 3367; x_wconf 86' lang='lat' dir='ltr'><strong>plebium</strong></span> <span class='ocrx_word' id='word_1_415' title='bbox 1153 3294 1226 3350; x_wconf 90' lang='lat' dir='ltr'><strong>mul·</strong></span> <span class='ocrx_word' id='word_1_416' title='bbox 1281 3292 1489 3349; x_wconf 87' lang='lat' dir='ltr'><strong>archidiaconus</strong></span> <span class='ocrx_word' id='word_1_417' title='bbox 1523 3291 1725 3348; x_wconf 80' lang='lat' dir='ltr'><strong>Caumariensis</strong></span> <span class='ocrx_word' id='word_1_418' title='bbox 1752 3293 1844 3365; x_wconf 87' lang='lat' dir='ltr'><strong>(quem</strong></span> <span class='ocrx_word' id='word_1_419' title='bbox 1872 3288 1978 3364; x_wconf 76' lang='lat' dir='ltr'><strong>negtnb</strong></span> <span class='ocrx_word' id='word_1_420' title='bbox 2006 3286 2086 3343; x_wconf 91' lang='lat' dir='ltr'><strong>istius</strong></span> 
     </span>
    </p>
   </div>
   <div class='ocr_carea' id='block_1_5' title="bbox 420 3377 2093 3723">
    <p class='ocr_par' dir='ltr' id='par_1_5' title="bbox 420 3377 2093 3723">
     <span class='ocr_line' id='line_1_32' title="bbox 420 3377 2085 3484; baseline -0.004 -45"><span class='ocrx_word' id='word_1_421' title='bbox 420 3382 555 3446; x_wconf 82' lang='lat' dir='ltr'><strong>titudine.</strong></span> <span class='ocrx_word' id='word_1_422' title='bbox 574 3382 649 3453; x_wconf 84' lang='lat' dir='ltr'><strong>Quos</strong></span> <span class='ocrx_word' id='word_1_423' title='bbox 663 3382 734 3439; x_wconf 84' lang='lat' dir='ltr'><strong>iuter</strong></span> <span class='ocrx_word' id='word_1_424' title='bbox 757 3382 813 3455; x_wconf 77' lang='grc' dir='ltr'><strong>(ιι)</strong></span> <span class='ocrx_word' id='word_1_425' title='bbox 841 3382 938 3439; x_wconf 83' lang='lat' dir='ltr'><strong>direnti</strong></span> <span class='ocrx_word' id='word_1_426' title='bbox 966 3398 1074 3457; x_wconf 89' lang='lat' dir='ltr'><strong>quoqne</strong></span> <span class='ocrx_word' id='word_1_427' title='bbox 1102 3392 1164 3439; x_wconf 90' lang='lat' dir='ltr'><strong>sunt</strong></span> <span class='ocrx_word' id='word_1_428' title='bbox 1191 3382 1227 3439; x_wconf 89' lang='lat' dir='ltr'><strong>ab</strong></span> <span class='ocrx_word' id='word_1_429' title='bbox 1243 3420 1269 3484; x_wconf 72' lang='lat' dir='ltr'>C</span> <span class='ocrx_word' id='word_1_430' title='bbox 1284 3389 1361 3437; x_wconf 88' lang='lat' dir='ltr'><strong>tenor</strong></span> <span class='ocrx_word' id='word_1_431' title='bbox 1374 3381 1440 3437; x_wconf 90' lang='lat' dir='ltr'><strong>illue</strong></span> <span class='ocrx_word' id='word_1_432' title='bbox 1452 3380 1615 3453; x_wconf 85' lang='lat' dir='ltr'><strong>adduxerat)</strong></span> <span class='ocrx_word' id='word_1_433' title='bbox 1629 3398 1711 3455; x_wconf 72' lang='lat' dir='ltr'><strong>pape</strong></span> <span class='ocrx_word' id='word_1_434' title='bbox 1729 3382 1825 3449; x_wconf 80' lang='grc' dir='ltr'><strong>ιιιιιὶι,</strong></span> <span class='ocrx_word' id='word_1_435' title='bbox 1839 3388 1866 3438; x_wconf 88' lang='lat' dir='ltr'><strong>et</strong></span> <span class='ocrx_word' id='word_1_436' title='bbox 1878 3380 1907 3435; x_wconf 93' lang='lat' dir='ltr'><strong>in</strong></span> <span class='ocrx_word' id='word_1_437' title='bbox 1934 3377 2085 3451; x_wconf 83' lang='lat' dir='ltr'><strong>praeseutia</strong></span> 
     </span>
     <span class='ocr_line' id='line_1_33' title="bbox 420 3465 2087 3546; baseline -0.006 -15"><span class='ocrx_word' id='word_1_438' title='bbox 420 3473 542 3531; x_wconf 85' lang='lat' dir='ltr'><strong>ilenrico</strong></span> <span class='ocrx_word' id='word_1_439' title='bbox 553 3488 620 3545; x_wconf 90' lang='lat' dir='ltr'><strong>rege</strong></span> <span class='ocrx_word' id='word_1_440' title='bbox 634 3471 785 3546; x_wconf 79' lang='lat' dir='ltr'><strong>Anglomm</strong></span> <span class='ocrx_word' id='word_1_441' title='bbox 798 3472 833 3528; x_wconf 90' lang='lat' dir='ltr'><strong>ad</strong></span> <span class='ocrx_word' id='word_1_442' title='bbox 844 3472 931 3544; x_wconf 88' lang='lat' dir='ltr'><strong>ipsum</strong></span> <span class='ocrx_word' id='word_1_443' title='bbox 943 3472 1090 3529; x_wconf 89' lang='lat' dir='ltr'><strong>concilium</strong></span> <span class='ocrx_word' id='word_1_444' title='bbox 1102 3474 1227 3546; x_wconf 85' lang='lat' dir='ltr'><strong>episcopi</strong></span> <span class='ocrx_word' id='word_1_445' title='bbox 1283 3468 1668 3541; x_wconf 83' lang='lat' dir='ltr'><strong>plurimorum&#39;episeopomm</strong></span> <span class='ocrx_word' id='word_1_446' title='bbox 1683 3484 1769 3525; x_wconf 89' lang='lat' dir='ltr'><strong>necne</strong></span> <span class='ocrx_word' id='word_1_447' title='bbox 1797 3467 1913 3524; x_wconf 86' lang='lat' dir='ltr'><strong>aliarum</strong></span> <span class='ocrx_word' id='word_1_448' title='bbox 1942 3465 2087 3523; x_wconf 77' lang='lat' dir='ltr'><strong>excelen-</strong></span> 
     </span>
     <span class='ocr_line' id='line_1_34' title="bbox 421 3554 2091 3635; baseline -0.008 -14"><span class='ocrx_word' id='word_1_449' title='bbox 421 3570 450 3621; x_wconf 90' lang='lat' dir='ltr'><strong>et</strong></span> <span class='ocrx_word' id='word_1_450' title='bbox 464 3562 579 3620; x_wconf 83' lang='lat' dir='ltr'><strong>abbates</strong></span> <span class='ocrx_word' id='word_1_451' title='bbox 593 3560 802 3619; x_wconf 84' lang='lat' dir='ltr'><strong>Nortbmannite</strong></span> <span class='ocrx_word' id='word_1_452' title='bbox 817 3569 842 3618; x_wconf 90' lang='lat' dir='ltr'><strong>el</strong></span> <span class='ocrx_word' id='word_1_453' title='bbox 859 3562 969 3634; x_wconf 88' lang='lat' dir='ltr'><strong>insuper</strong></span> <span class='ocrx_word' id='word_1_454' title='bbox 981 3562 1106 3634; x_wconf 86' lang='lat' dir='ltr'><strong>episcopi</strong></span> <span class='ocrx_word' id='word_1_455' title='bbox 1117 3560 1227 3635; x_wconf 67' lang='lat' dir='ltr'><strong>angliae</strong></span> <span class='ocrx_word' id='word_1_456' title='bbox 1280 3557 1347 3613; x_wconf 92' lang='lat' dir='ltr'><strong>tium</strong></span> <span class='ocrx_word' id='word_1_457' title='bbox 1361 3572 1554 3627; x_wconf 88' lang='lat' dir='ltr'><strong>personarum,</strong></span> <span class='ocrx_word' id='word_1_458' title='bbox 1569 3558 1662 3630; x_wconf 90' lang='lat' dir='ltr'><strong>ipsam</strong></span> <span class='ocrx_word' id='word_1_459' title='bbox 1687 3556 1906 3614; x_wconf 82' lang='lat' dir='ltr'><strong>benedictionem</strong></span> <span class='ocrx_word' id='word_1_460' title='bbox 1934 3554 1997 3611; x_wconf 83' lang='lat' dir='ltr'><strong>riva</strong></span> <span class='ocrx_word' id='word_1_461' title='bbox 2020 3567 2091 3608; x_wconf 79' lang='lat' dir='ltr'><strong>noea</strong></span> 
     </span>
     <span class='ocr_line' id='line_1_35' title="bbox 422 3641 2093 3723; baseline -0.007 -16"><span class='ocrx_word' id='word_1_462' title='bbox 422 3650 469 3723; x_wconf 84' lang='lat' dir='ltr'><strong>qui</strong></span> <span class='ocrx_word' id='word_1_463' title='bbox 486 3658 548 3707; x_wconf 89' lang='lat' dir='ltr'><strong>tune</strong></span> <span class='ocrx_word' id='word_1_464' title='bbox 562 3648 695 3720; x_wconf 88' lang='lat' dir='ltr'><strong>temporis</strong></span> <span class='ocrx_word' id='word_1_465' title='bbox 710 3648 736 3704; x_wconf 92' lang='lat' dir='ltr'><strong>in</strong></span> <span class='ocrx_word' id='word_1_466' title='bbox 752 3648 949 3706; x_wconf 88' lang='lat' dir='ltr'><strong>Northmaunis</strong></span> <span class='ocrx_word' id='word_1_467' title='bbox 978 3664 1037 3705; x_wconf 90' lang='lat' dir='ltr'><strong>cum</strong></span> <span class='ocrx_word' id='word_1_468' title='bbox 1065 3648 1112 3705; x_wconf 91' lang='lat' dir='ltr'><strong>illo</strong></span> <span class='ocrx_word' id='word_1_469' title='bbox 1138 3648 1227 3721; x_wconf 90' lang='lat' dir='ltr'><strong>dege·</strong></span> <span class='ocrx_word' id='word_1_470' title='bbox 1282 3644 1444 3716; x_wconf 81' lang='lat' dir='ltr'><strong>spontifice</strong></span> <span class='ocrx_word' id='word_1_471' title='bbox 1454 3645 1662 3702; x_wconf 78' lang='lat' dir='ltr'><strong>cantuariomm</strong></span> <span class='ocrx_word' id='word_1_472' title='bbox 1690 3644 1750 3702; x_wconf 86' lang='lat' dir='ltr'><strong>fieri</strong></span> <span class='ocrx_word' id='word_1_473' title='bbox 1778 3644 1883 3702; x_wconf 88' lang='lat' dir='ltr'><strong>debere</strong></span> <span class='ocrx_word' id='word_1_474' title='bbox 1910 3641 2093 3701; x_wconf 82' lang='lat' dir='ltr'><strong>calumniatus</strong></span> 
     </span>
    </p>
   </div>
   <div class='ocr_carea' id='block_1_6' title="bbox 421 3731 2091 3896">
    <p class='ocr_par' dir='ltr' id='par_1_6' title="bbox 421 3731 2091 3896">
     <span class='ocr_line' id='line_1_36' title="bbox 421 3731 2091 3807; baseline -0.007 -11"><span class='ocrx_word' id='word_1_475' title='bbox 421 3740 497 3807; x_wconf 90' lang='lat' dir='ltr'><strong>bant,</strong></span> <span class='ocrx_word' id='word_1_476' title='bbox 530 3738 700 3795; x_wconf 89' lang='lat' dir='ltr'><strong>Wilhelmus</strong></span> <span class='ocrx_word' id='word_1_477' title='bbox 731 3737 862 3795; x_wconf 81' lang='lat' dir='ltr'><strong>videlicet</strong></span> <span class='ocrx_word' id='word_1_478' title='bbox 891 3738 1065 3807; x_wconf 83' lang='lat' dir='ltr'><strong>Eroniensis,</strong></span> <span class='ocrx_word' id='word_1_479' title='bbox 1093 3737 1228 3794; x_wconf 81' lang='lat' dir='ltr'><strong>Ranulfus</strong></span> <span class='ocrx_word' id='word_1_480' title='bbox 1282 3741 1342 3803; x_wconf 82' lang='lat' dir='ltr'><strong>est3</strong></span> <span class='ocrx_word' id='word_1_481' title='bbox 1359 3750 1414 3789; x_wconf 89' lang='lat' dir='ltr'><strong>nec</strong></span> <span class='ocrx_word' id='word_1_482' title='bbox 1430 3734 1531 3805; x_wconf 89' lang='lat' dir='ltr'><strong>ipsum,</strong></span> <span class='ocrx_word' id='word_1_483' title='bbox 1546 3733 1804 3806; x_wconf 83' lang='lat' dir='ltr'><strong>licetollieiopupte</strong></span> <span class='ocrx_word' id='word_1_484' title='bbox 1831 3734 2005 3806; x_wconf 88' lang='lat' dir='ltr'><strong>fungeretur,</strong></span> <span class='ocrx_word' id='word_1_485' title='bbox 2025 3731 2091 3801; x_wconf 84' lang='lat' dir='ltr'><strong>jure</strong></span> 
     </span>
     <span class='ocr_line' id='line_1_37' title="bbox 424 3819 2091 3896; baseline -0.007 -11"><span class='ocrx_word' id='word_1_486' title='bbox 424 3826 628 3896; x_wconf 85' lang='lat' dir='ltr'><strong>Dunelmensis,</strong></span> <span class='ocrx_word' id='word_1_487' title='bbox 645 3827 800 3884; x_wconf 84' lang='lat' dir='ltr'><strong>bernardus</strong></span> <span class='ocrx_word' id='word_1_488' title='bbox 819 3826 1021 3895; x_wconf 83' lang='lat' dir='ltr'><strong>lleneurensis,</strong></span> <span class='ocrx_word' id='word_1_489' title='bbox 1050 3834 1077 3883; x_wconf 90' lang='lat' dir='ltr'><strong>et</strong></span> <span class='ocrx_word' id='word_1_490' title='bbox 1103 3826 1229 3883; x_wconf 87' lang='lat' dir='ltr'><strong>Urbanus</strong></span> <span class='ocrx_word' id='word_1_491' title='bbox 1282 3822 1510 3895; x_wconf 79' lang='lat' dir='ltr'><strong>posselicelesiae</strong></span> <span class='ocrx_word' id='word_1_492' title='bbox 1535 3822 1723 3879; x_wconf 81' lang='lat' dir='ltr'><strong>Cautnarienri</strong></span> <span class='ocrx_word' id='word_1_493' title='bbox 1749 3822 1794 3894; x_wconf 83' lang='lat' dir='ltr'><strong>jus</strong></span> <span class='ocrx_word' id='word_1_494' title='bbox 1821 3838 1900 3878; x_wconf 92' lang='lat' dir='ltr'><strong>sunm</strong></span> <span class='ocrx_word' id='word_1_495' title='bbox 1926 3819 2091 3893; x_wconf 64' lang='lat' dir='ltr'><strong>preripere,</strong></span> 
     </span>
    </p>
   </div>
   <div class='ocr_carea' id='block_1_7' title="bbox 420 3910 2175 4959">
    <p class='ocr_par' dir='ltr' id='par_1_7' title="bbox 420 3910 2175 4959">
     <span class='ocr_line' id='line_1_38' title="bbox 425 3910 2092 3988; baseline -0.005 -15"><span class='ocrx_word' id='word_1_496' title='bbox 425 3914 677 3988; x_wconf 87' lang='lat' dir='ltr'><strong>Glamorganensis.</strong></span> <span class='ocrx_word' id='word_1_497' title='bbox 693 3914 826 3971; x_wconf 80' lang='lat' dir='ltr'><strong>Ranulfus</strong></span> <span class='ocrx_word' id='word_1_498' title='bbox 845 3922 935 3971; x_wconf 87' lang='lat' dir='ltr'><strong>autem</strong></span> <span class='ocrx_word' id='word_1_499' title='bbox 959 3914 1081 3987; x_wconf 81' lang='lat' dir='ltr'><strong>pontifex</strong></span> <span class='ocrx_word' id='word_1_500' title='bbox 1108 3914 1228 3971; x_wconf 85' lang='lat' dir='ltr'><strong>Cantus·</strong></span> <span class='ocrx_word' id='word_1_501' title='bbox 1282 3927 1345 3969; x_wconf 91' lang='lat' dir='ltr'><strong>eum</strong></span> <span class='ocrx_word' id='word_1_502' title='bbox 1359 3919 1499 3969; x_wconf 85' lang='lat' dir='ltr'><strong>constaret</strong></span> <span class='ocrx_word' id='word_1_503' title='bbox 1514 3926 1574 3968; x_wconf 88' lang='lat' dir='ltr'><strong>eam</strong></span> <span class='ocrx_word' id='word_1_504' title='bbox 1590 3911 1658 3968; x_wconf 94' lang='lat' dir='ltr'><strong>nulli</strong></span> <span class='ocrx_word' id='word_1_505' title='bbox 1672 3911 1745 3984; x_wconf 89' lang='lat' dir='ltr'><strong>qnod</strong></span> <span class='ocrx_word' id='word_1_506' title='bbox 1756 3913 1829 3983; x_wconf 87' lang='lat' dir='ltr'><strong>juste</strong></span> <span class='ocrx_word' id='word_1_507' title='bbox 1839 3910 1958 3968; x_wconf 88' lang='lat' dir='ltr'><strong>debebat</strong></span> <span class='ocrx_word' id='word_1_508' title='bbox 1967 3923 2092 3979; x_wconf 81' lang='lat' dir='ltr'><strong>eousque</strong></span> 
     </span>
     <span class='ocr_line' id='line_1_39' title="bbox 424 3997 2090 4076; baseline -0.004 -17"><span class='ocrx_word' id='word_1_509' title='bbox 424 4004 542 4069; x_wconf 90' lang='lat' dir='ltr'><strong>riorum,</strong></span> <span class='ocrx_word' id='word_1_510' title='bbox 557 4001 663 4073; x_wconf 86' lang='lat' dir='ltr'><strong>psreim</strong></span> <span class='ocrx_word' id='word_1_511' title='bbox 679 4004 805 4075; x_wconf 89' lang='lat' dir='ltr'><strong>eorporis</strong></span> <span class='ocrx_word' id='word_1_512' title='bbox 820 4002 1019 4071; x_wconf 86' lang='lat' dir='ltr'><strong>imbecillitate,</strong></span> <span class='ocrx_word' id='word_1_513' title='bbox 1041 4003 1141 4076; x_wconf 90' lang='lat' dir='ltr'><strong>partim</strong></span> <span class='ocrx_word' id='word_1_514' title='bbox 1169 4002 1230 4060; x_wconf 87' lang='lat' dir='ltr'><strong>aliis</strong></span> <span class='ocrx_word' id='word_1_515' title='bbox 1282 4000 1445 4072; x_wconf 72' lang='lat' dir='ltr'><strong>denegasse.</strong></span> <span class='ocrx_word' id='word_1_516' title='bbox 1461 4001 1502 4056; x_wconf 81' lang='lat' dir='ltr'><strong>lu</strong></span> <span class='ocrx_word' id='word_1_517' title='bbox 1517 4016 1579 4071; x_wconf 87' lang='grc' dir='ltr'><strong>ιιιι</strong></span> <span class='ocrx_word' id='word_1_518' title='bbox 1592 4000 1640 4057; x_wconf 89' lang='lat' dir='ltr'><strong>ille</strong></span> <span class='ocrx_word' id='word_1_519' title='bbox 1654 4000 1844 4073; x_wconf 84' lang='lat' dir='ltr'><strong>respondens:</strong></span> <span class='ocrx_word' id='word_1_520' title='bbox 1869 4023 1880 4049; x_wconf 77' lang='grc' dir='ltr'><strong>ι</strong></span> <span class='ocrx_word' id='word_1_521' title='bbox 1893 3998 2014 4069; x_wconf 86' lang='lat' dir='ltr'><strong>Nullam,</strong></span> <span class='ocrx_word' id='word_1_522' title='bbox 2045 3997 2090 4053; x_wconf 88' lang='lat' dir='ltr'><strong>in·</strong></span> 
     </span>
     <span class='ocr_line' id='line_1_40' title="bbox 426 4085 2175 4168; baseline -0.004 -21"><span class='ocrx_word' id='word_1_523' title='bbox 426 4090 578 4148; x_wconf 88' lang='lat' dir='ltr'><strong>rationibus</strong></span> <span class='ocrx_word' id='word_1_524' title='bbox 591 4089 767 4163; x_wconf 80' lang='lat' dir='ltr'><strong>prepeditus,</strong></span> <span class='ocrx_word' id='word_1_525' title='bbox 783 4090 945 4148; x_wconf 89' lang='lat' dir='ltr'><strong>abseeessu</strong></span> <span class='ocrx_word' id='word_1_526' title='bbox 966 4090 1051 4163; x_wconf 90' lang='lat' dir='ltr'><strong>ipsius</strong></span> <span class='ocrx_word' id='word_1_527' title='bbox 1077 4098 1230 4148; x_wconf 88' lang='lat' dir='ltr'><strong>conventus</strong></span> <span class='ocrx_word' id='word_1_528' title='bbox 1283 4089 1353 4163; x_wconf 92' lang='lat' dir='ltr'><strong>quit,</strong></span> <span class='ocrx_word' id='word_1_529' title='bbox 1369 4087 1530 4159; x_wconf 88' lang='lat' dir='ltr'><strong>injustitiam</strong></span> <span class='ocrx_word' id='word_1_530' title='bbox 1544 4089 1677 4145; x_wconf 78' lang='lat' dir='ltr'><strong>Ecclesiae</strong></span> <span class='ocrx_word' id='word_1_531' title='bbox 1689 4089 1882 4146; x_wconf 84' lang='lat' dir='ltr'><strong>cantuariensi</strong></span> <span class='ocrx_word' id='word_1_532' title='bbox 1898 4088 1992 4145; x_wconf 88' lang='lat' dir='ltr'><strong>facere</strong></span> <span class='ocrx_word' id='word_1_533' title='bbox 2005 4085 2086 4144; x_wconf 87' lang='lat' dir='ltr'><strong>roln-</strong></span> <span class='ocrx_word' id='word_1_534' title='bbox 2174 4157 2175 4168; x_wconf 10' lang='grc' dir='ltr'>ἵ</span> 
     </span>
     <span class='ocr_line' id='line_1_41' title="bbox 426 4174 2090 4252; baseline -0.002 -17"><span class='ocrx_word' id='word_1_535' title='bbox 426 4177 581 4252; x_wconf 86' lang='lat' dir='ltr'><strong>prohibitus</strong></span> <span class='ocrx_word' id='word_1_536' title='bbox 595 4186 647 4235; x_wconf 88' lang='lat' dir='ltr'><strong>eat.</strong></span> <span class='ocrx_word' id='word_1_537' title='bbox 663 4178 753 4252; x_wconf 86' lang='lat' dir='ltr'><strong>Supra</strong></span> <span class='ocrx_word' id='word_1_538' title='bbox 767 4178 921 4237; x_wconf 90' lang='lat' dir='ltr'><strong>nominatus</strong></span> <span class='ocrx_word' id='word_1_539' title='bbox 941 4187 1031 4235; x_wconf 88' lang='lat' dir='ltr'><strong>autern</strong></span> <span class='ocrx_word' id='word_1_540' title='bbox 1051 4179 1229 4251; x_wconf 85' lang='lat' dir='ltr'><strong>Thurstanus,</strong></span> <span class='ocrx_word' id='word_1_541' title='bbox 1282 4193 1355 4243; x_wconf 90' lang='lat' dir='ltr'><strong>mus,</strong></span> <span class='ocrx_word' id='word_1_542' title='bbox 1370 4177 1431 4245; x_wconf 87' lang='lat' dir='ltr'><strong>aed,</strong></span> <span class='ocrx_word' id='word_1_543' title='bbox 1455 4176 1533 4234; x_wconf 85' lang='lat' dir='ltr'><strong>solra</strong></span> <span class='ocrx_word' id='word_1_544' title='bbox 1558 4177 1664 4249; x_wconf 84' lang='lat' dir='ltr'><strong>justitia</strong></span> <span class='ocrx_word' id='word_1_545' title='bbox 1692 4186 1720 4233; x_wconf 90' lang='lat' dir='ltr'><strong>et</strong></span> <span class='ocrx_word' id='word_1_546' title='bbox 1747 4176 1880 4251; x_wconf 82' lang='lat' dir='ltr'><strong>dignitate</strong></span> <span class='ocrx_word' id='word_1_547' title='bbox 1906 4175 1989 4242; x_wconf 86' lang='lat' dir='ltr'><strong>illius,</strong></span> <span class='ocrx_word' id='word_1_548' title='bbox 2016 4174 2090 4245; x_wconf 83' lang='lat' dir='ltr'><strong>quod</strong></span> 
     </span>
     <span class='ocr_line' id='line_1_42' title="bbox 426 4263 2090 4342; baseline -0.004 -16"><span class='ocrx_word' id='word_1_549' title='bbox 426 4283 526 4342; x_wconf 86' lang='lat' dir='ltr'><strong>araga</strong></span> <span class='ocrx_word' id='word_1_550' title='bbox 540 4266 678 4324; x_wconf 89' lang='lat' dir='ltr'><strong>licentiam</strong></span> <span class='ocrx_word' id='word_1_551' title='bbox 692 4272 791 4340; x_wconf 90' lang='lat' dir='ltr'><strong>patens</strong></span> <span class='ocrx_word' id='word_1_552' title='bbox 811 4269 875 4325; x_wconf 91' lang='lat' dir='ltr'><strong>illuc</strong></span> <span class='ocrx_word' id='word_1_553' title='bbox 901 4267 993 4337; x_wconf 89' lang='lat' dir='ltr'><strong>eundi,</strong></span> <span class='ocrx_word' id='word_1_554' title='bbox 1020 4282 1079 4325; x_wconf 86' lang='lat' dir='ltr'><strong>eam</strong></span> <span class='ocrx_word' id='word_1_555' title='bbox 1108 4267 1232 4325; x_wconf 85' lang='lat' dir='ltr'><strong>obtinere</strong></span> <span class='ocrx_word' id='word_1_556' title='bbox 1284 4266 1477 4338; x_wconf 88' lang='lat' dir='ltr'><strong>proposuimus</strong></span> <span class='ocrx_word' id='word_1_557' title='bbox 1497 4282 1690 4338; x_wconf 88' lang='lat' dir='ltr'><strong>exsequemur.</strong></span> <span class='ocrx_word' id='word_1_558' title='bbox 1707 4288 1719 4316; x_wconf 80' lang='grc' dir='ltr'><strong>ι</strong></span> <span class='ocrx_word' id='word_1_559' title='bbox 1736 4264 1817 4337; x_wconf 82' lang='lat' dir='ltr'><strong>Quod</strong></span> <span class='ocrx_word' id='word_1_560' title='bbox 1831 4263 1999 4321; x_wconf 86' lang='lat' dir='ltr'><strong>audientium</strong></span> <span class='ocrx_word' id='word_1_561' title='bbox 2025 4263 2090 4336; x_wconf 89' lang='lat' dir='ltr'><strong>qui-</strong></span> 
     </span>
     <span class='ocr_line' id='line_1_43' title="bbox 426 4353 2091 4431; baseline -0.003 -17"><span class='ocrx_word' id='word_1_562' title='bbox 426 4356 581 4414; x_wconf 89' lang='lat' dir='ltr'><strong>nullatenus</strong></span> <span class='ocrx_word' id='word_1_563' title='bbox 595 4356 692 4428; x_wconf 87' lang='lat' dir='ltr'><strong>potuit,</strong></span> <span class='ocrx_word' id='word_1_564' title='bbox 709 4356 806 4427; x_wconf 87' lang='lat' dir='ltr'><strong>donee,</strong></span> <span class='ocrx_word' id='word_1_565' title='bbox 828 4356 987 4431; x_wconf 90' lang='lat' dir='ltr'><strong>interposita</strong></span> <span class='ocrx_word' id='word_1_566' title='bbox 1015 4356 1070 4414; x_wconf 87' lang='lat' dir='ltr'><strong>fide</strong></span> <span class='ocrx_word' id='word_1_567' title='bbox 1093 4372 1152 4426; x_wconf 89' lang='lat' dir='ltr'><strong>sua,</strong></span> <span class='ocrx_word' id='word_1_568' title='bbox 1180 4374 1232 4431; x_wconf 86' lang='grc' dir='ltr'><strong>ιιι</strong></span> <span class='ocrx_word' id='word_1_569' title='bbox 1285 4370 1338 4425; x_wconf 88' lang='grc' dir='ltr'><strong>ιιι</strong></span> <span class='ocrx_word' id='word_1_570' title='bbox 1352 4353 1450 4409; x_wconf 89' lang='lat' dir='ltr'><strong>mimm</strong></span> <span class='ocrx_word' id='word_1_571' title='bbox 1466 4354 1542 4410; x_wconf 94' lang='lat' dir='ltr'><strong>dietu</strong></span> <span class='ocrx_word' id='word_1_572' title='bbox 1555 4354 1757 4426; x_wconf 83' lang='lat' dir='ltr'><strong>judiesaerunt,</strong></span> <span class='ocrx_word' id='word_1_573' title='bbox 1769 4354 1964 4411; x_wconf 83' lang='lat' dir='ltr'><strong>sidenteseum</strong></span> <span class='ocrx_word' id='word_1_574' title='bbox 1974 4353 2091 4409; x_wconf 82' lang='lat' dir='ltr'><strong>adressa</strong></span> 
     </span>
     <span class='ocr_line' id='line_1_44' title="bbox 426 4440 2087 4515; baseline -0.002 -16"><span class='ocrx_word' id='word_1_575' title='bbox 426 4441 453 4499; x_wconf 92' lang='lat' dir='ltr'><strong>ei</strong></span> <span class='ocrx_word' id='word_1_576' title='bbox 469 4442 540 4499; x_wconf 87' lang='lat' dir='ltr'><strong>sieut</strong></span> <span class='ocrx_word' id='word_1_577' title='bbox 556 4440 667 4498; x_wconf 89' lang='lat' dir='ltr'><strong>domino</strong></span> <span class='ocrx_word' id='word_1_578' title='bbox 683 4456 735 4499; x_wconf 92' lang='lat' dir='ltr'><strong>suo</strong></span> <span class='ocrx_word' id='word_1_579' title='bbox 750 4443 879 4498; x_wconf 85' lang='lat' dir='ltr'><strong>astrictus</strong></span> <span class='ocrx_word' id='word_1_580' title='bbox 900 4450 967 4509; x_wconf 89' lang='lat' dir='ltr'><strong>crat,</strong></span> <span class='ocrx_word' id='word_1_581' title='bbox 996 4441 1036 4497; x_wconf 93' lang='lat' dir='ltr'><strong>illi</strong></span> <span class='ocrx_word' id='word_1_582' title='bbox 1060 4442 1232 4514; x_wconf 90' lang='lat' dir='ltr'><strong>promitteret</strong></span> <span class='ocrx_word' id='word_1_583' title='bbox 1286 4442 1461 4515; x_wconf 65' lang='lat' dir='ltr'><strong>fronteque</strong></span> <span class='ocrx_word' id='word_1_584' title='bbox 1480 4442 1590 4499; x_wconf 85' lang='lat' dir='ltr'><strong>dicebat</strong></span> <span class='ocrx_word' id='word_1_585' title='bbox 1617 4443 1700 4500; x_wconf 92' lang='lat' dir='ltr'><strong>nimis</strong></span> <span class='ocrx_word' id='word_1_586' title='bbox 1727 4443 1829 4514; x_wconf 91' lang='lat' dir='ltr'><strong>injuste</strong></span> <span class='ocrx_word' id='word_1_587' title='bbox 1854 4443 1926 4499; x_wconf 85' lang='lat' dir='ltr'><strong>laeto</strong></span> <span class='ocrx_word' id='word_1_588' title='bbox 1948 4440 2087 4498; x_wconf 80' lang='lat' dir='ltr'><strong>refellere.</strong></span> 
     </span>
     <span class='ocr_line' id='line_1_45' title="bbox 429 4530 2090 4605; baseline -0.001 -19"><span class='ocrx_word' id='word_1_589' title='bbox 429 4547 460 4586; x_wconf 90' lang='lat' dir='ltr'><strong>se</strong></span> <span class='ocrx_word' id='word_1_590' title='bbox 473 4530 545 4602; x_wconf 91' lang='lat' dir='ltr'><strong>apud</strong></span> <span class='ocrx_word' id='word_1_591' title='bbox 563 4546 660 4603; x_wconf 87' lang='lat' dir='ltr'><strong>papam</strong></span> <span class='ocrx_word' id='word_1_592' title='bbox 677 4530 745 4586; x_wconf 92' lang='lat' dir='ltr'><strong>nibil</strong></span> <span class='ocrx_word' id='word_1_593' title='bbox 761 4536 900 4596; x_wconf 78' lang='lat' dir='ltr'><strong>saturum,</strong></span> <span class='ocrx_word' id='word_1_594' title='bbox 915 4531 988 4587; x_wconf 90' lang='lat' dir='ltr'><strong>uude</strong></span> <span class='ocrx_word' id='word_1_595' title='bbox 1011 4530 1133 4587; x_wconf 83' lang='lat' dir='ltr'><strong>Ecclesia</strong></span> <span class='ocrx_word' id='word_1_596' title='bbox 1160 4532 1232 4587; x_wconf 88' lang='lat' dir='ltr'><strong>Can-</strong></span> <span class='ocrx_word' id='word_1_597' title='bbox 1286 4530 1474 4588; x_wconf 81' lang='lat' dir='ltr'><strong>consecratus</strong></span> <span class='ocrx_word' id='word_1_598' title='bbox 1488 4546 1607 4601; x_wconf 76' lang='lat' dir='ltr'><strong>namque</strong></span> <span class='ocrx_word' id='word_1_599' title='bbox 1620 4532 1648 4587; x_wconf 91' lang='lat' dir='ltr'><strong>in</strong></span> <span class='ocrx_word' id='word_1_600' title='bbox 1676 4531 1861 4605; x_wconf 88' lang='lat' dir='ltr'><strong>pontifieatum</strong></span> <span class='ocrx_word' id='word_1_601' title='bbox 1887 4530 2090 4587; x_wconf 77' lang='lat' dir='ltr'><strong>Eboncensem</strong></span> 
     </span>
     <span class='ocr_line' id='line_1_46' title="bbox 427 4618 2088 4694; baseline 0.001 -20"><span class='ocrx_word' id='word_1_602' title='bbox 427 4618 576 4675; x_wconf 80' lang='lat' dir='ltr'><strong>turriensis</strong></span> <span class='ocrx_word' id='word_1_603' title='bbox 589 4618 674 4675; x_wconf 92' lang='lat' dir='ltr'><strong>ullum</strong></span> <span class='ocrx_word' id='word_1_604' title='bbox 691 4619 810 4692; x_wconf 83' lang='lat' dir='ltr'><strong>antiquae</strong></span> <span class='ocrx_word' id='word_1_605' title='bbox 824 4619 966 4692; x_wconf 86' lang='lat' dir='ltr'><strong>dignitatis</strong></span> <span class='ocrx_word' id='word_1_606' title='bbox 982 4636 1036 4677; x_wconf 83' lang='lat' dir='ltr'><strong>suae</strong></span> <span class='ocrx_word' id='word_1_607' title='bbox 1061 4620 1233 4692; x_wconf 91' lang='lat' dir='ltr'><strong>dispendium</strong></span> <span class='ocrx_word' id='word_1_608' title='bbox 1285 4620 1452 4677; x_wconf 82' lang='lat' dir='ltr'><strong>Tburstanus</strong></span> <span class='ocrx_word' id='word_1_609' title='bbox 1466 4630 1516 4690; x_wconf 90' lang='lat' dir='ltr'><strong>est,</strong></span> <span class='ocrx_word' id='word_1_610' title='bbox 1543 4619 1598 4677; x_wconf 88' lang='lat' dir='ltr'><strong>lide</strong></span> <span class='ocrx_word' id='word_1_611' title='bbox 1625 4636 1706 4694; x_wconf 84' lang='lat' dir='ltr'><strong>qnam</strong></span> <span class='ocrx_word' id='word_1_612' title='bbox 1735 4622 1854 4678; x_wconf 84' lang='lat' dir='ltr'><strong>Domino</strong></span> <span class='ocrx_word' id='word_1_613' title='bbox 1879 4634 1931 4677; x_wconf 89' lang='lat' dir='ltr'><strong>suo</strong></span> <span class='ocrx_word' id='word_1_614' title='bbox 1948 4619 2002 4675; x_wconf 92' lang='lat' dir='ltr'><strong>sub</strong></span> <span class='ocrx_word' id='word_1_615' title='bbox 2029 4620 2088 4676; x_wconf 83' lang='lat' dir='ltr'><strong>lieo</strong></span> 
     </span>
     <span class='ocr_line' id='line_1_47' title="bbox 425 4703 2090 4781; baseline -0.002 -18"><span class='ocrx_word' id='word_1_616' title='bbox 425 4708 590 4774; x_wconf 90' lang='lat' dir='ltr'><strong>incurreret,</strong></span> <span class='ocrx_word' id='word_1_617' title='bbox 608 4722 659 4765; x_wconf 88' lang='grc' dir='ltr'><strong>ιιι</strong></span> <span class='ocrx_word' id='word_1_618' title='bbox 674 4708 860 4781; x_wconf 89' lang='lat' dir='ltr'><strong>episcopalem</strong></span> <span class='ocrx_word' id='word_1_619' title='bbox 876 4708 1098 4765; x_wconf 86' lang='lat' dir='ltr'><strong>benedictionem</strong></span> <span class='ocrx_word' id='word_1_620' title='bbox 1126 4709 1160 4764; x_wconf 90' lang='lat' dir='ltr'><strong>ab</strong></span> <span class='ocrx_word' id='word_1_621' title='bbox 1188 4724 1232 4772; x_wconf 86' lang='lat' dir='ltr'><strong>ao,</strong></span> <span class='ocrx_word' id='word_1_622' title='bbox 1286 4703 1538 4774; x_wconf 83' lang='lat' dir='ltr'><strong>pollicitusfuerat,</strong></span> <span class='ocrx_word' id='word_1_623' title='bbox 1553 4704 1699 4762; x_wconf 90' lang='lat' dir='ltr'><strong>boemodo</strong></span> <span class='ocrx_word' id='word_1_624' title='bbox 1714 4704 1865 4761; x_wconf 82' lang='lat' dir='ltr'><strong>fraudetur.</strong></span> <span class='ocrx_word' id='word_1_625' title='bbox 1880 4704 1990 4775; x_wconf 84' lang='lat' dir='ltr'><strong>Exque</strong></span> <span class='ocrx_word' id='word_1_626' title='bbox 2019 4703 2090 4760; x_wconf 89' lang='lat' dir='ltr'><strong>facto</strong></span> 
     </span>
     <span class='ocr_line' id='line_1_48' title="bbox 423 4779 2175 4876; baseline -0.004 -23"><span class='ocrx_word' id='word_1_627' title='bbox 423 4795 482 4853; x_wconf 88' lang='lat' dir='ltr'><strong>ulla</strong></span> <span class='ocrx_word' id='word_1_628' title='bbox 496 4796 604 4853; x_wconf 89' lang='lat' dir='ltr'><strong>ratione</strong></span> <span class='ocrx_word' id='word_1_629' title='bbox 619 4797 761 4864; x_wconf 88' lang='lat' dir='ltr'><strong>suadente,</strong></span> <span class='ocrx_word' id='word_1_630' title='bbox 778 4797 942 4870; x_wconf 88' lang='lat' dir='ltr'><strong>susciperet.</strong></span> <span class='ocrx_word' id='word_1_631' title='bbox 960 4798 1054 4869; x_wconf 90' lang='lat' dir='ltr'><strong>ltaque</strong></span> <span class='ocrx_word' id='word_1_632' title='bbox 1068 4797 1126 4855; x_wconf 89' lang='lat' dir='ltr'><strong>talli</strong></span> <span class='ocrx_word' id='word_1_633' title='bbox 1141 4813 1227 4869; x_wconf 89' lang='lat' dir='ltr'><strong>spon·</strong></span> <span class='ocrx_word' id='word_1_634' title='bbox 1241 4779 1268 4842; x_wconf 81' lang='lat' dir='ltr'>D</span> <span class='ocrx_word' id='word_1_635' title='bbox 1284 4798 1314 4852; x_wconf 83' lang='lat' dir='ltr'><strong>in</strong></span> <span class='ocrx_word' id='word_1_636' title='bbox 1341 4793 1550 4850; x_wconf 80' lang='lat' dir='ltr'><strong>admirationem</strong></span> <span class='ocrx_word' id='word_1_637' title='bbox 1573 4809 1706 4850; x_wconf 81' lang='lat' dir='ltr'><strong>concussa</strong></span> <span class='ocrx_word' id='word_1_638' title='bbox 1731 4802 1795 4849; x_wconf 90' lang='lat' dir='ltr'><strong>sunt</strong></span> <span class='ocrx_word' id='word_1_639' title='bbox 1821 4792 1905 4850; x_wconf 84' lang='lat' dir='ltr'><strong>eorda</strong></span> <span class='ocrx_word' id='word_1_640' title='bbox 1929 4791 2091 4850; x_wconf 89' lang='lat' dir='ltr'><strong>multorom.</strong></span> <span class='ocrx_word' id='word_1_641' title='bbox 2174 4863 2175 4876; x_wconf 11' lang='grc' dir='ltr'>χ</span> 
     </span>
     <span class='ocr_line' id='line_1_49' title="bbox 420 4881 2175 4959; baseline -0.005 -18"><span class='ocrx_word' id='word_1_642' title='bbox 420 4885 499 4941; x_wconf 89' lang='lat' dir='ltr'><strong>sione</strong></span> <span class='ocrx_word' id='word_1_643' title='bbox 515 4883 617 4958; x_wconf 92' lang='lat' dir='ltr'><strong>ligatus</strong></span> <span class='ocrx_word' id='word_1_644' title='bbox 632 4884 685 4941; x_wconf 89' lang='lat' dir='ltr'><strong>iter</strong></span> <span class='ocrx_word' id='word_1_645' title='bbox 699 4885 823 4958; x_wconf 87' lang='lat' dir='ltr'><strong>arripuit,</strong></span> <span class='ocrx_word' id='word_1_646' title='bbox 840 4894 867 4943; x_wconf 89' lang='lat' dir='ltr'><strong>et</strong></span> <span class='ocrx_word' id='word_1_647' title='bbox 882 4887 915 4941; x_wconf 91' lang='lat' dir='ltr'><strong>ad</strong></span> <span class='ocrx_word' id='word_1_648' title='bbox 930 4901 1028 4959; x_wconf 88' lang='lat' dir='ltr'><strong>papum</strong></span> <span class='ocrx_word' id='word_1_649' title='bbox 1049 4886 1230 4959; x_wconf 87' lang='lat' dir='ltr'><strong>quamadmo-</strong></span> <span class='ocrx_word' id='word_1_650' title='bbox 1288 4881 1349 4938; x_wconf 85' lang='lat' dir='ltr'><strong>ltati</strong></span> <span class='ocrx_word' id='word_1_651' title='bbox 1379 4882 1452 4937; x_wconf 90' lang='lat' dir='ltr'><strong>enim</strong></span> <span class='ocrx_word' id='word_1_652' title='bbox 1495 4889 1559 4938; x_wconf 88' lang='lat' dir='ltr'><strong>sunt</strong></span> <span class='ocrx_word' id='word_1_653' title='bbox 1592 4890 1695 4939; x_wconf 89' lang='lat' dir='ltr'><strong>tantam</strong></span> <span class='ocrx_word' id='word_1_654' title='bbox 1732 4898 1793 4939; x_wconf 88' lang='lat' dir='ltr'><strong>rem</strong></span> <span class='ocrx_word' id='word_1_655' title='bbox 1832 4897 1895 4939; x_wconf 92' lang='lat' dir='ltr'><strong>eum</strong></span> <span class='ocrx_word' id='word_1_656' title='bbox 1935 4881 2090 4937; x_wconf 81' lang='lat' dir='ltr'><strong>nullatenus</strong></span> <span class='ocrx_word' id='word_1_657' title='bbox 2174 4899 2175 4932; x_wconf 82' lang='lat' dir='ltr'><strong>t</strong></span> 
     </span>
    </p>
   </div>
   <div class='ocr_carea' id='block_1_8' title="bbox 426 4969 2175 5047">
    <p class='ocr_par' dir='ltr' id='par_1_8' title="bbox 426 4969 2175 5047">
     <span class='ocr_line' id='line_1_50' title="bbox 426 4969 2175 5047; baseline 0 -22"><span class='ocrx_word' id='word_1_658' title='bbox 426 4970 496 5026; x_wconf 92' lang='lat' dir='ltr'><strong>dum</strong></span> <span class='ocrx_word' id='word_1_659' title='bbox 512 4986 561 5027; x_wconf 90' lang='lat' dir='ltr'><strong>suo</strong></span> <span class='ocrx_word' id='word_1_660' title='bbox 575 4972 688 5043; x_wconf 85' lang='lat' dir='ltr'><strong>negotio</strong></span> <span class='ocrx_word' id='word_1_661' title='bbox 703 4971 833 5044; x_wconf 85' lang='lat' dir='ltr'><strong>expedire</strong></span> <span class='ocrx_word' id='word_1_662' title='bbox 853 4973 966 5041; x_wconf 86' lang='lat' dir='ltr'><strong>sciebat,</strong></span> <span class='ocrx_word' id='word_1_663' title='bbox 996 4974 1115 5047; x_wconf 87' lang='lat' dir='ltr'><strong>impiger</strong></span> <span class='ocrx_word' id='word_1_664' title='bbox 1141 4974 1229 5030; x_wconf 88' lang='lat' dir='ltr'><strong>renit·</strong></span> <span class='ocrx_word' id='word_1_665' title='bbox 1288 4986 1457 5042; x_wconf 76' lang='lat' dir='ltr'><strong>praesumere</strong></span> <span class='ocrx_word' id='word_1_666' title='bbox 1484 4972 1615 5042; x_wconf 86' lang='lat' dir='ltr'><strong>potuisse,</strong></span> <span class='ocrx_word' id='word_1_667' title='bbox 1644 4971 1666 5027; x_wconf 92' lang='lat' dir='ltr'><strong>si</strong></span> <span class='ocrx_word' id='word_1_668' title='bbox 1702 4972 1809 5045; x_wconf 90' lang='lat' dir='ltr'><strong>regiam</strong></span> <span class='ocrx_word' id='word_1_669' title='bbox 1843 4970 2009 5027; x_wconf 82' lang='lat' dir='ltr'><strong>uoluntatem</strong></span> <span class='ocrx_word' id='word_1_670' title='bbox 2036 4969 2089 5025; x_wconf 91' lang='lat' dir='ltr'><strong>sibi</strong></span> <span class='ocrx_word' id='word_1_671' title='bbox 2174 5015 2175 5034; x_wconf 75' lang='lat'><strong>,</strong></span> 
     </span>
    </p>
   </div>
   <div class='ocr_carea' id='block_1_9' title="bbox 422 5043 2175 5134">
    <p class='ocr_par' dir='ltr' id='par_1_9' title="bbox 422 5043 2175 5134">
     <span class='ocr_line' id='line_1_51' title="bbox 422 5043 2175 5134; baseline 0.001 -21"><span class='ocrx_word' id='word_1_672' title='bbox 422 5057 494 5128; x_wconf 85' lang='lat' dir='ltr'><strong>Quid</strong></span> <span class='ocrx_word' id='word_1_673' title='bbox 509 5059 614 5131; x_wconf 87' lang='lat' dir='ltr'><strong>plura‘l</strong></span> <span class='ocrx_word' id='word_1_674' title='bbox 628 5060 787 5117; x_wconf 86' lang='lat' dir='ltr'><strong>Posthabita</strong></span> <span class='ocrx_word' id='word_1_675' title='bbox 803 5060 867 5119; x_wconf 89' lang='lat' dir='ltr'><strong>fidei</strong></span> <span class='ocrx_word' id='word_1_676' title='bbox 883 5062 1032 5134; x_wconf 88' lang='lat' dir='ltr'><strong>sponsione</strong></span> <span class='ocrx_word' id='word_1_677' title='bbox 1051 5064 1189 5120; x_wconf 85' lang='lat' dir='ltr'><strong>Romanos</strong></span> <span class='ocrx_word' id='word_1_678' title='bbox 1203 5062 1232 5118; x_wconf 94' lang='lat' dir='ltr'><strong>in</strong></span> <span class='ocrx_word' id='word_1_679' title='bbox 1286 5068 1495 5118; x_wconf 84' lang='lat' dir='ltr'><strong>consentaneam</strong></span> <span class='ocrx_word' id='word_1_680' title='bbox 1522 5061 1551 5116; x_wconf 93' lang='lat' dir='ltr'><strong>in</strong></span> <span class='ocrx_word' id='word_1_681' title='bbox 1578 5076 1611 5117; x_wconf 85' lang='lat' dir='ltr'><strong>aa</strong></span> <span class='ocrx_word' id='word_1_682' title='bbox 1637 5076 1691 5118; x_wconf 92' lang='lat' dir='ltr'><strong>uon</strong></span> <span class='ocrx_word' id='word_1_683' title='bbox 1717 5060 1888 5117; x_wconf 84' lang='lat' dir='ltr'><strong>advertisset.</strong></span> <span class='ocrx_word' id='word_1_684' title='bbox 1903 5058 1974 5115; x_wconf 89' lang='lat' dir='ltr'><strong>lluie</strong></span> <span class='ocrx_word' id='word_1_685' title='bbox 1986 5073 2087 5115; x_wconf 81' lang='grc' dir='ltr'><strong>ιοιιι-</strong></span> <span class='ocrx_word' id='word_1_686' title='bbox 2174 5043 2175 5122; x_wconf 60' lang='lat' dir='ltr'><strong>i</strong></span> 
     </span>
    </p>
   </div>
   <div class='ocr_carea' id='block_1_10' title="bbox 424 5146 2175 5224">
    <p class='ocr_par' dir='ltr' id='par_1_10' title="bbox 424 5146 2175 5224">
     <span class='ocr_line' id='line_1_52' title="bbox 424 5146 2175 5224; baseline -0.002 -21"><span class='ocrx_word' id='word_1_687' title='bbox 424 5160 539 5203; x_wconf 89' lang='lat' dir='ltr'><strong>causam</strong></span> <span class='ocrx_word' id='word_1_688' title='bbox 554 5163 652 5217; x_wconf 84' lang='lat' dir='ltr'><strong>auam,·</strong></span> <span class='ocrx_word' id='word_1_689' title='bbox 665 5163 719 5222; x_wconf 90' lang='grc' dir='ltr'><strong>ιιι</strong></span> <span class='ocrx_word' id='word_1_690' title='bbox 748 5149 776 5204; x_wconf 92' lang='lat' dir='ltr'><strong>in</strong></span> <span class='ocrx_word' id='word_1_691' title='bbox 806 5168 921 5223; x_wconf 81' lang='lat' dir='ltr'><strong>quaeque</strong></span> <span class='ocrx_word' id='word_1_692' title='bbox 948 5152 1060 5224; x_wconf 90' lang='lat' dir='ltr'><strong>negotia</strong></span> <span class='ocrx_word' id='word_1_693' title='bbox 1086 5168 1135 5223; x_wconf 87' lang='lat' dir='ltr'><strong>par</strong></span> <span class='ocrx_word' id='word_1_694' title='bbox 1162 5149 1231 5207; x_wconf 89' lang='lat' dir='ltr'><strong>trabi</strong></span> <span class='ocrx_word' id='word_1_695' title='bbox 1286 5148 1402 5206; x_wconf 89' lang='lat' dir='ltr'><strong>crationi</strong></span> <span class='ocrx_word' id='word_1_696' title='bbox 1428 5150 1550 5206; x_wconf 89' lang='lat' dir='ltr'><strong>eumad</strong></span> <span class='ocrx_word' id='word_1_697' title='bbox 1575 5150 1682 5221; x_wconf 88' lang='lat' dir='ltr'><strong>jussum</strong></span> <span class='ocrx_word' id='word_1_698' title='bbox 1695 5164 1776 5221; x_wconf 78' lang='lat' dir='ltr'><strong>papas</strong></span> <span class='ocrx_word' id='word_1_699' title='bbox 1789 5150 1885 5221; x_wconf 90' lang='lat' dir='ltr'><strong>plures</strong></span> <span class='ocrx_word' id='word_1_700' title='bbox 1898 5165 1915 5204; x_wconf 90' lang='lat' dir='ltr'><strong>e</strong></span> <span class='ocrx_word' id='word_1_701' title='bbox 1928 5146 2088 5219; x_wconf 85' lang='lat' dir='ltr'><strong>Gallisepi·</strong></span> <span class='ocrx_word' id='word_1_702' title='bbox 2174 5149 2175 5200; x_wconf 75' lang='lat' dir='ltr'><strong>i</strong></span> 
     </span>
    </p>
   </div>
   <div class='ocr_carea' id='block_1_11' title="bbox 421 5229 2175 5488">
    <p class='ocr_par' dir='ltr' id='par_1_11' title="bbox 421 5229 2175 5488">
     <span class='ocr_line' id='line_1_53' title="bbox 421 5229 2175 5311; baseline 0.001 -22"><span class='ocrx_word' id='word_1_703' title='bbox 421 5234 523 5300; x_wconf 84' lang='lat' dir='ltr'><strong>solent,</strong></span> <span class='ocrx_word' id='word_1_704' title='bbox 541 5234 679 5309; x_wconf 84' lang='lat' dir='ltr'><strong>largitatis</strong></span> <span class='ocrx_word' id='word_1_705' title='bbox 694 5236 941 5307; x_wconf 85' lang='lat' dir='ltr'><strong>officiotranstulit,</strong></span> <span class='ocrx_word' id='word_1_706' title='bbox 958 5248 985 5296; x_wconf 94' lang='lat' dir='ltr'><strong>et</strong></span> <span class='ocrx_word' id='word_1_707' title='bbox 999 5256 1047 5311; x_wconf 90' lang='lat' dir='ltr'><strong>per</strong></span> <span class='ocrx_word' id='word_1_708' title='bbox 1070 5256 1128 5307; x_wconf 81' lang='lat' dir='ltr'><strong>ens,</strong></span> <span class='ocrx_word' id='word_1_709' title='bbox 1157 5248 1187 5296; x_wconf 91' lang='lat' dir='ltr'><strong>ut</strong></span> <span class='ocrx_word' id='word_1_710' title='bbox 1213 5256 1231 5297; x_wconf 91' lang='lat' dir='ltr'><strong>a</strong></span> <span class='ocrx_word' id='word_1_711' title='bbox 1287 5238 1364 5309; x_wconf 87' lang='lat' dir='ltr'><strong>scopi</strong></span> <span class='ocrx_word' id='word_1_712' title='bbox 1391 5238 1564 5307; x_wconf 89' lang='lat' dir='ltr'><strong>interessent,</strong></span> <span class='ocrx_word' id='word_1_713' title='bbox 1593 5238 1753 5295; x_wconf 81' lang='lat' dir='ltr'><strong>reverendae</strong></span> <span class='ocrx_word' id='word_1_714' title='bbox 1782 5237 1922 5294; x_wconf 77' lang='lat' dir='ltr'><strong>memoriae</strong></span> <span class='ocrx_word' id='word_1_715' title='bbox 1946 5236 2090 5292; x_wconf 88' lang='lat' dir='ltr'><strong>llubaldns</strong></span> <span class='ocrx_word' id='word_1_716' title='bbox 2174 5229 2175 5238; x_wconf 71' lang='grc'>’</span> 
     </span>
     <span class='ocr_line' id='line_1_54' title="bbox 421 5321 2088 5399; baseline 0.001 -22"><span class='ocrx_word' id='word_1_717' title='bbox 421 5336 496 5393; x_wconf 88' lang='lat' dir='ltr'><strong>papa</strong></span> <span class='ocrx_word' id='word_1_718' title='bbox 510 5321 659 5395; x_wconf 87' lang='lat' dir='ltr'><strong>episcopua</strong></span> <span class='ocrx_word' id='word_1_719' title='bbox 681 5334 842 5393; x_wconf 88' lang='lat' dir='ltr'><strong>sacraretur,</strong></span> <span class='ocrx_word' id='word_1_720' title='bbox 872 5342 924 5383; x_wconf 91' lang='lat' dir='ltr'><strong>sua</strong></span> <span class='ocrx_word' id='word_1_721' title='bbox 952 5344 1034 5384; x_wconf 87' lang='lat' dir='ltr'><strong>manu</strong></span> <span class='ocrx_word' id='word_1_722' title='bbox 1063 5335 1230 5399; x_wconf 84' lang='lat' dir='ltr'><strong>cooperante</strong></span> <span class='ocrx_word' id='word_1_723' title='bbox 1285 5326 1507 5399; x_wconf 83' lang='lat' dir='ltr'><strong>archiepiscopus</strong></span> <span class='ocrx_word' id='word_1_724' title='bbox 1521 5326 1714 5399; x_wconf 82' lang='lat' dir='ltr'><strong>Lugdunensis</strong></span> <span class='ocrx_word' id='word_1_725' title='bbox 1731 5325 1808 5383; x_wconf 92' lang='lat' dir='ltr'><strong>nullo</strong></span> <span class='ocrx_word' id='word_1_726' title='bbox 1833 5333 1925 5398; x_wconf 87' lang='lat' dir='ltr'><strong>pacto,</strong></span> <span class='ocrx_word' id='word_1_727' title='bbox 1954 5342 2010 5381; x_wconf 88' lang='lat' dir='ltr'><strong>nee</strong></span> <span class='ocrx_word' id='word_1_728' title='bbox 2025 5325 2088 5396; x_wconf 88' lang='lat' dir='ltr'><strong>ipso</strong></span> 
     </span>
     <span class='ocr_line' id='line_1_55' title="bbox 423 5408 2089 5488; baseline 0.002 -23"><span class='ocrx_word' id='word_1_729' title='bbox 423 5408 590 5481; x_wconf 87' lang='lat' dir='ltr'><strong>impetrarit.</strong></span> <span class='ocrx_word' id='word_1_730' title='bbox 619 5411 702 5479; x_wconf 84' lang='lat' dir='ltr'><strong>Sane,</strong></span> <span class='ocrx_word' id='word_1_731' title='bbox 718 5419 784 5470; x_wconf 90' lang='lat' dir='ltr'><strong>anta</strong></span> <span class='ocrx_word' id='word_1_732' title='bbox 799 5415 858 5471; x_wconf 75' lang='lat' dir='ltr'><strong>bne</strong></span> <span class='ocrx_word' id='word_1_733' title='bbox 870 5415 992 5471; x_wconf 88' lang='lat' dir='ltr'><strong>nuntium</strong></span> <span class='ocrx_word' id='word_1_734' title='bbox 1007 5432 1086 5474; x_wconf 93' lang='lat' dir='ltr'><strong>suum</strong></span> <span class='ocrx_word' id='word_1_735' title='bbox 1115 5432 1165 5473; x_wconf 87' lang='lat' dir='ltr'><strong>rex</strong></span> <span class='ocrx_word' id='word_1_736' title='bbox 1193 5416 1230 5473; x_wconf 90' lang='lat' dir='ltr'><strong>ad</strong></span> <span class='ocrx_word' id='word_1_737' title='bbox 1286 5430 1359 5488; x_wconf 87' lang='lat' dir='ltr'><strong>papa</strong></span> <span class='ocrx_word' id='word_1_738' title='bbox 1385 5416 1507 5486; x_wconf 77' lang='lat' dir='ltr'><strong>iubente,</strong></span> <span class='ocrx_word' id='word_1_739' title='bbox 1536 5416 1667 5473; x_wconf 89' lang='lat' dir='ltr'><strong>iuteresse</strong></span> <span class='ocrx_word' id='word_1_740' title='bbox 1696 5414 1798 5482; x_wconf 80' lang='lat' dir='ltr'><strong>noluit,</strong></span> <span class='ocrx_word' id='word_1_741' title='bbox 1831 5412 2005 5488; x_wconf 86' lang='lat' dir='ltr'><strong>perpendens</strong></span> <span class='ocrx_word' id='word_1_742' title='bbox 2031 5428 2089 5469; x_wconf 90' lang='lat' dir='ltr'><strong>non</strong></span> 
     </span>
    </p>
   </div>
   <div class='ocr_carea' id='block_1_12' title="bbox 418 5508 2086 5982">
    <p class='ocr_par' dir='ltr' id='par_1_12' title="bbox 418 5508 2086 5982">
     <span class='ocr_line' id='line_1_56' title="bbox 422 5508 2086 5588; baseline 0.001 -23"><span class='ocrx_word' id='word_1_743' title='bbox 422 5522 522 5581; x_wconf 84' lang='lat' dir='ltr'><strong>papam</strong></span> <span class='ocrx_word' id='word_1_744' title='bbox 536 5508 686 5579; x_wconf 81' lang='lat' dir='ltr'><strong>direxerat,</strong></span> <span class='ocrx_word' id='word_1_745' title='bbox 701 5519 810 5567; x_wconf 89' lang='lat' dir='ltr'><strong>cautum</strong></span> <span class='ocrx_word' id='word_1_746' title='bbox 825 5510 900 5569; x_wconf 92' lang='lat' dir='ltr'><strong>illurn</strong></span> <span class='ocrx_word' id='word_1_747' title='bbox 923 5512 1026 5571; x_wconf 89' lang='lat' dir='ltr'><strong>iaciens</strong></span> <span class='ocrx_word' id='word_1_748' title='bbox 1054 5514 1089 5571; x_wconf 88' lang='lat' dir='ltr'><strong>da</strong></span> <span class='ocrx_word' id='word_1_749' title='bbox 1115 5513 1228 5588; x_wconf 82' lang='lat' dir='ltr'><strong>querela</strong></span> <span class='ocrx_word' id='word_1_750' title='bbox 1283 5521 1357 5571; x_wconf 85' lang='lat' dir='ltr'><strong>recto</strong></span> <span class='ocrx_word' id='word_1_751' title='bbox 1371 5513 1442 5570; x_wconf 89' lang='lat' dir='ltr'><strong>ealle</strong></span> <span class='ocrx_word' id='word_1_752' title='bbox 1456 5528 1515 5569; x_wconf 92' lang='lat' dir='ltr'><strong>rem</strong></span> <span class='ocrx_word' id='word_1_753' title='bbox 1528 5514 1689 5585; x_wconf 83' lang='lat' dir='ltr'><strong>procedere,</strong></span> <span class='ocrx_word' id='word_1_754' title='bbox 1705 5520 1734 5570; x_wconf 89' lang='lat' dir='ltr'><strong>et</strong></span> <span class='ocrx_word' id='word_1_755' title='bbox 1747 5514 1863 5570; x_wconf 86' lang='lat' dir='ltr'><strong>horrens</strong></span> <span class='ocrx_word' id='word_1_756' title='bbox 1877 5518 1982 5568; x_wconf 87' lang='lat' dir='ltr'><strong>tantam</strong></span> <span class='ocrx_word' id='word_1_757' title='bbox 2009 5510 2086 5581; x_wconf 80' lang='lat' dir='ltr'><strong>inju-</strong></span> 
     </span>
     <span class='ocr_line' id='line_1_57' title="bbox 426 5606 2085 5681; baseline 0.002 -20"><span class='ocrx_word' id='word_1_758' title='bbox 426 5622 490 5679; x_wconf 77' lang='lat' dir='ltr'><strong>quae</strong></span> <span class='ocrx_word' id='word_1_759' title='bbox 505 5622 591 5680; x_wconf 90' lang='lat' dir='ltr'><strong>usque</strong></span> <span class='ocrx_word' id='word_1_760' title='bbox 606 5606 635 5663; x_wconf 92' lang='lat' dir='ltr'><strong>id</strong></span> <span class='ocrx_word' id='word_1_761' title='bbox 650 5608 782 5680; x_wconf 88' lang='lat' dir='ltr'><strong>temporis</strong></span> <span class='ocrx_word' id='word_1_762' title='bbox 796 5610 954 5667; x_wconf 78' lang='lat' dir='ltr'><strong>versabatur</strong></span> <span class='ocrx_word' id='word_1_763' title='bbox 980 5610 1054 5668; x_wconf 85' lang='lat' dir='ltr'><strong>inter</strong></span> <span class='ocrx_word' id='word_1_764' title='bbox 1080 5612 1229 5669; x_wconf 83' lang='lat' dir='ltr'><strong>lindulfum</strong></span> <span class='ocrx_word' id='word_1_765' title='bbox 1283 5612 1353 5667; x_wconf 91' lang='lat' dir='ltr'><strong>riam</strong></span> <span class='ocrx_word' id='word_1_766' title='bbox 1373 5610 1503 5668; x_wconf 72' lang='lat' dir='ltr'><strong>Ecclesiae</strong></span> <span class='ocrx_word' id='word_1_767' title='bbox 1526 5609 1725 5678; x_wconf 74' lang='lat' dir='ltr'><strong>cormariensi,</strong></span> <span class='ocrx_word' id='word_1_768' title='bbox 1754 5609 1798 5666; x_wconf 90' lang='lat' dir='ltr'><strong>eni</strong></span> <span class='ocrx_word' id='word_1_769' title='bbox 1826 5609 1938 5681; x_wconf 88' lang='lat' dir='ltr'><strong>speeisli</strong></span> <span class='ocrx_word' id='word_1_770' title='bbox 1965 5607 2085 5666; x_wconf 78' lang='lat' dir='ltr'><strong>amicitia</strong></span> 
     </span>
     <span class='ocr_line' id='line_1_58' title="bbox 419 5704 2085 5782; baseline 0.001 -21"><span class='ocrx_word' id='word_1_771' title='bbox 419 5704 658 5779; x_wconf 87' lang='lat' dir='ltr'><strong>srebiepisoopum</strong></span> <span class='ocrx_word' id='word_1_772' title='bbox 685 5706 889 5763; x_wconf 79' lang='lat' dir='ltr'><strong>cantuariorum</strong></span> <span class='ocrx_word' id='word_1_773' title='bbox 916 5715 943 5766; x_wconf 93' lang='lat' dir='ltr'><strong>et</strong></span> <span class='ocrx_word' id='word_1_774' title='bbox 971 5710 1063 5781; x_wconf 90' lang='lat' dir='ltr'><strong>ipsum</strong></span> <span class='ocrx_word' id='word_1_775' title='bbox 1092 5710 1228 5767; x_wconf 85' lang='lat' dir='ltr'><strong>Thursts·</strong></span> <span class='ocrx_word' id='word_1_776' title='bbox 1282 5716 1312 5765; x_wconf 89' lang='lat' dir='ltr'><strong>et</strong></span> <span class='ocrx_word' id='word_1_777' title='bbox 1326 5709 1445 5765; x_wconf 85' lang='lat' dir='ltr'><strong>fraterna</strong></span> <span class='ocrx_word' id='word_1_778' title='bbox 1460 5708 1642 5765; x_wconf 88' lang='lat' dir='ltr'><strong>familiaritate</strong></span> <span class='ocrx_word' id='word_1_779' title='bbox 1662 5707 1840 5782; x_wconf 90' lang='lat' dir='ltr'><strong>jungebatur,</strong></span> <span class='ocrx_word' id='word_1_780' title='bbox 1855 5714 1949 5764; x_wconf 89' lang='lat' dir='ltr'><strong>eontra</strong></span> <span class='ocrx_word' id='word_1_781' title='bbox 1974 5722 2085 5778; x_wconf 75' lang='lat' dir='ltr'><strong>nquam</strong></span> 
     </span>
     <span class='ocr_line' id='line_1_59' title="bbox 421 5803 2082 5881; baseline -0.001 -20"><span class='ocrx_word' id='word_1_782' title='bbox 421 5819 500 5861; x_wconf 92' lang='lat' dir='ltr'><strong>num.</strong></span> <span class='ocrx_word' id='word_1_783' title='bbox 520 5803 638 5861; x_wconf 87' lang='lat' dir='ltr'><strong>Nuntius</strong></span> <span class='ocrx_word' id='word_1_784' title='bbox 653 5810 742 5861; x_wconf 89' lang='lat' dir='ltr'><strong>autem</strong></span> <span class='ocrx_word' id='word_1_785' title='bbox 758 5806 854 5861; x_wconf 89' lang='lat' dir='ltr'><strong>borum</strong></span> <span class='ocrx_word' id='word_1_786' title='bbox 869 5813 896 5863; x_wconf 90' lang='lat' dir='ltr'><strong>et</strong></span> <span class='ocrx_word' id='word_1_787' title='bbox 911 5814 1059 5865; x_wconf 86' lang='lat' dir='ltr'><strong>exsecutor</strong></span> <span class='ocrx_word' id='word_1_788' title='bbox 1073 5806 1125 5864; x_wconf 92' lang='lat' dir='ltr'><strong>fuit</strong></span> <span class='ocrx_word' id='word_1_789' title='bbox 1151 5806 1227 5867; x_wconf 82' lang='lat' dir='ltr'><strong>stet·</strong></span> <span class='ocrx_word' id='word_1_790' title='bbox 1282 5806 1379 5881; x_wconf 89' lang='lat' dir='ltr'><strong>infligi.</strong></span> <span class='ocrx_word' id='word_1_791' title='bbox 1405 5806 1532 5880; x_wconf 84' lang='lat' dir='ltr'><strong>Episcopi</strong></span> <span class='ocrx_word' id='word_1_792' title='bbox 1559 5822 1625 5865; x_wconf 83' lang='lat' dir='ltr'><strong>raro</strong></span> <span class='ocrx_word' id='word_1_793' title='bbox 1650 5806 1729 5881; x_wconf 90' lang='lat' dir='ltr'><strong>regni</strong></span> <span class='ocrx_word' id='word_1_794' title='bbox 1757 5804 1920 5879; x_wconf 85' lang='lat' dir='ltr'><strong>lingiomm,</strong></span> <span class='ocrx_word' id='word_1_795' title='bbox 1949 5819 2019 5877; x_wconf 85' lang='lat' dir='ltr'><strong>quos</strong></span> <span class='ocrx_word' id='word_1_796' title='bbox 2046 5804 2082 5860; x_wconf 90' lang='lat' dir='ltr'><strong>ad</strong></span> 
     </span>
     <span class='ocr_line' id='line_1_60' title="bbox 418 5900 2079 5982; baseline 0.002 -27"><span class='ocrx_word' id='word_1_797' title='bbox 418 5900 521 5974; x_wconf 86' lang='lat' dir='ltr'><strong>tradus,</strong></span> <span class='ocrx_word' id='word_1_798' title='bbox 537 5900 700 5979; x_wconf 85' lang='lat' dir='ltr'><strong>cognomine</strong></span> <span class='ocrx_word' id='word_1_799' title='bbox 714 5900 886 5977; x_wconf 85' lang='lat' dir='ltr'><strong>Palaebinus,</strong></span> <span class='ocrx_word' id='word_1_800' title='bbox 902 5904 985 5961; x_wconf 88' lang='lat' dir='ltr'><strong>freter</strong></span> <span class='ocrx_word' id='word_1_801' title='bbox 1008 5904 1221 5980; x_wconf 85' lang='lat' dir='ltr'><strong>archiepiscopi,</strong></span> <span class='ocrx_word' id='word_1_802' title='bbox 1281 5903 1426 5967; x_wconf 78' lang='lat' dir='ltr'><strong>eoncilimo</strong></span> <span class='ocrx_word' id='word_1_803' title='bbox 1438 5920 1456 5963; x_wconf 90' lang='lat' dir='ltr'><strong>a</strong></span> <span class='ocrx_word' id='word_1_804' title='bbox 1467 5920 1534 5982; x_wconf 90' lang='lat' dir='ltr'><strong>rege</strong></span> <span class='ocrx_word' id='word_1_805' title='bbox 1542 5904 1659 5966; x_wconf 86' lang='lat' dir='ltr'><strong>ilenrico</strong></span> <span class='ocrx_word' id='word_1_806' title='bbox 1673 5903 1795 5962; x_wconf 85' lang='lat' dir='ltr'><strong>directos</strong></span> <span class='ocrx_word' id='word_1_807' title='bbox 1808 5902 1938 5977; x_wconf 88' lang='lat' dir='ltr'><strong>diximus,</strong></span> <span class='ocrx_word' id='word_1_808' title='bbox 1956 5901 2079 5961; x_wconf 84' lang='lat' dir='ltr'><strong>nondam</strong></span> 
     </span>
    </p>
   </div>
   <div class='ocr_carea' id='block_1_13' title="bbox 0 0 2382 6724">
    <p class='ocr_par' dir='ltr' id='par_1_13' title="bbox 0 0 2382 6724">
     <span class='ocr_line' id='line_1_61' title="bbox 0 0 2382 6724; baseline 0 0"><span class='ocrx_word' id='word_1_809' title='bbox 0 0 2382 6724; x_wconf 95' lang='lat' dir='ltr'><strong> </strong></span> 
     </span>
    </p>
   </div>
  </div>
 </body>
</html>
