4750 6725
195 629 197 646 '
302 663 350 717 333

810 651 945 711 Sedala.
962 649 1059 706 -1111
1074 649 1296 708 satellitum
1309 652 1478 710 1101110111.

1905 656 1957 720 ast

303 783 420 858 qualiter
448 788 542 854 posset
574 778 667 836 anima
695 777 865 833 cervicosum
893 791 925 832 ac
954 774 1214 846 superbumAque
1236 777 1379 834 confestim
1398 778 1574 836 311313331ιί3
1602 783 1743 852 percussit.
1773 785 1860 841 llmbo
1888 787 1961 842 euim

303 874 382 928 valde
406 871 547 942 subigere,
577 869 698 940 lorisque
726 873 870 930 arctatum,
901 879 955 936 qao
993 871 1103 919 saocts

304 971 410 1034 martyr
423 961 614 1022 maudaverat,
631 957 742 1013 ducere.
766 953 802 1010 Et
820 969 970 1010 conscenso
991 881 1103 1044 333111

302 1057 441 1125 quaercrel
457 1057 573 1115 laurum,
587 1044 828 1120 egredienscernit
840 1043 915 1114 prius
930 1043 1100 1110 indomitum,

300 1142 386 1196 modo
417 1140 467 1196 Dei
496 1137 597 1194 3131313
625 1133 870 1190 mansuetissimum
899 1131 1102 1186 3313331331333

299 1245 351 1304 pro
377 1227 496 1296 foribus,
522 1225 568 1298 qui
593 1232 690 1300 sponte
719 1230 781 1278 aute
806 1222 946 1277 dominum
971 1219 1102 1294 gradiens

299 1326 463 1374 mansuetus
486 1324 562 1372 recto
590 1315 685 1368 itinere
709 1311 841 1384 pergebat
864 1311 897 1366 ad
927 1309 1026 1376 locutu,
1054 1309 1102 1365 ubl

301 1406 420 1463 arciacas
440 1405 565 1476 inopere
585 1401 694 1458 oratorii
724 1400 895 1456 laborabant.
924 1399 1055 1454 113313133
1069 1395 1102 1428 '⁰⁷

299 1497 399 1562 bestie,
416 1503 442 1550 33
458 1501 599 1550 cernentes
622 1491 750 1562 martyris
765 1489 817 1545 sibi
846 1489 940 1544 adesse
955 1489 1099 1558 auxillum,

299 1584 379 1656 operi
394 1583 543 1639 3133331333
562 1579 687 1637 devotius
714 1579 874 1634 institerunt.
903 1575 983 1630 aliud
1011 1577 1101 1647 quod-

298 1675 362 1730 dam
379 1671 559 1728 memorabile
579 1677 606 1724 31
625 1669 738 1742 dignum
765 1667 895 1722 relatione
923 1668 951 1720 in
975 1665 1101 1735 ejusdam

299 1777 408 1834 qrioque
447 1761 532 1816 lertur
567 1757 688 1813 basilicas
726 1755 924 1812 coristructioue
955 1754 1101 1826 contigisse

298 1851 473 1906 miraculum.
497 1850 573 1906 Unus
596 1848 709 1920 quidam
730 1863 765 1904 cx
790 1845 822 1900 iis
844 1843 990 1904 artificibus
1014 1843 1058 1914 qui
1073 1843 1101 1898 ia

1159 862 1259 930 arrepti
1279 879 1295 916 a
1315 865 1450 932 eleemona,
1471 865 1540 920 alter
1561 883 1656 922 eorum
1672 867 1794 940 linguam
1823 871 1959 926 1333331133

1157 951 1295 1006 concisam
1310 953 1436 1007 dentibus
1455 955 1615 1024 masticavit,
1647 957 1759 1012 allerias
1788 959 1893 1014 viscera
1910 976 1961 1030 per

1126 1093 1128 1104 ,
1157 1051 1294 1108 postrema
1318 1041 1415 1096 diflusa
1436 1051 1497 1098 sunt
1520 1045 1620 1112 omnia,
1637 1046 1671 1099 sil
1695 1055 1805 1119 uterque
1820 1048 1893 1102 exitu
1908 1065 1959 1103 ex-

1157 1130 1271 1199 spiravit
1285 1131 1429 1186 horrcndo.
1446 1132 1517 1186 Erro
1532 1149 1565 1185 es
1580 1134 1632 1188 boc
1646 1143 1735 1204 potest
1749 1136 1813 1190 satis
1827 1137 1960 1209 perpendi

1157 1223 1258 1288 quanta
1294 1229 1401 1274 sanctos
1438 1221 1495 1277 uult
1530 1222 1603 1276 Deus
1638 1225 1788 1279 reverentia
1818 1225 1957 1295 honorari,

1157 1323 1271 1378 quomm
1286 1316 1471 1379 contemptum
1486 1317 1541 1365 tam
1564 1311 1685 1367 districto
1701 1313 1819 1384 disponit
1833 1313 1959 1371 examine

1156 1397 1273 1468 expiari.
1303 1398 1390 1470 Super
1407 1401 1609 1470 sarcophagum
1627 1400 1788 1456 venerabilis
1816 1403 1958 1472 cujusdam

1156 1486 1288 1556 episcopi,
1305 1487 1350 1557 qui
1365 1488 1400 1542 de
1415 1487 1653 1543 contubernalibus
1668 1490 1756 1544 fuerat
1769 1491 1843 1564 regis
1871 1492 1957 1548 Clito-

1155 1574 1207 1643 nis,
1228 1584 1371 1646 corruptor
1389 1576 1500 1646 quidam
1530 1576 1638 1649 gremia
1665 1578 1807 1646 cujusdam
1835 1580 1957 1636 mulieris

1155 1663 1290 1720 incestare
1304 1665 1488 1734 praesumpsit,
1500 1666 1546 1735 qai
1556 1680 1633 1720 mere
1646 1682 1745 1722 eanum
1759 1667 1787 1720 in
1801 1668 1860 1740 ipso
1873 1685 1958 1740 opera

1157 1753 1331 1824 turpitudinis
1350 1753 1567 1822 inseparabiliter
1589 1754 1718 1824 copulati,
1735 1755 1809 1810 33113
1834 1765 1960 1826 poterant

1155 1842 1259 1898 ratione
1275 1842 1309 1896 ab
1324 1842 1442 1897 invicem
1457 1841 1587 1912 separari.
1602 1843 1781 1898 adducuntur
1798 1846 1907 1900 tandem
1921 1847 1959 1902 ad

303 1957 386 2012 opere
413 1937 583 2006 laborabant,
611 1953 673 1995 rum
698 1933 726 1992 13
753 1934 840 1991 secari
868 1933 1019 2002 induceret,
1034 1947 1102 1986 con-
1155 1931 1316 1988 memoriarn
1339 1931 1463 2004 martyris
1487 1929 1599 2002 gloriosi
1623 1931 1763 2002 Guigneri,
1792 1932 1838 1988 ubi
1862 1935 1958 1990 merito

304 2031 391 2085 133313
420 2028 448 2083 13
474 2028 528 2082 3133
558 2027 642 2081 frusta
670 2024 758 2079 divisa
786 2031 834 2079 est.
855 2023 989 2078 Turbatus
1008 2023 1099 2090 homo,
1157 2019 1231 2073 testis
1251 2019 1359 2085 Christi,
1382 2027 1409 2074 ct
1433 2020 1623 2075 intercessione
1650 2019 1772 2076 fidelium
1800 2021 1956 2078 liberantur.

295 2120 389 2190 jurare
417 2115 500 2188 rmpit
527 2123 553 2171 et
581 2113 708 2172 obtestari
736 2129 765 2168 se
793 2114 820 2168 in
843 2127 925 2184 opere
948 2113 982 2166 de
1001 2122 1099 2167 3331333
1114 2135 1141 2196 Β
1155 2108 1281 2162 Habebat
1303 2117 1436 2178 praeterea
1461 2107 1576 2163 aedituus
1604 2107 1635 2136 '⁰⁸
1660 2109 1958 2181 3331331333331333-

298 2209 367 2268 nilril
389 2208 534 2263 facturum.
556 2204 636 2271 erod
655 2219 716 2258 cum
736 2203 855 2258 audisset
883 2202 971 2271 operis
999 2217 1099 2272 procu-
1156 2213 1232 2259 cam;
1254 2213 1334 2267 quam
1354 2213 1417 2251 cum
1435 2197 1559 2253 scelerati
1587 2197 1710 2253 homines
1737 2200 1849 2270 quidam
1877 2201 1958 2258 furati

298 2305 374 2352 rator
391 2295 445 2367 (cir
464 2295 573 2366 quidem
593 2293 691 2361 bonus,
711 2291 755 2364 qui
775 2305 824 2362 pro
844 2292 900 2346 1133
916 2289 1037 2346 basilicus
1053 2307 1102 2345 cu·
1158 2285 1281 2354 fuissent,
1310 2287 1448 2355 ducentes,
1476 2303 1559 2358 super
1584 2303 1687 2344 cornua
1713 2289 1773 2359 ejus
1792 2289 1882 2345 subito
1901 2291 1956 2347 duo

300 2401 358 2441 ram
380 2393 546 2456 susceperat,
576 2391 603 2438 ot
630 2382 726 2438 devota
753 2397 781 2436 se
799 2379 1001 2451 mancipaverat
1019 2379 1101 2435 obse-
1157 2376 1303 2432 luminaria
1317 2376 1664 2446 ardentiacouspexerunt,
1680 2385 1707 2432 et
1721 2384 1794 2433 tanto
1808 2379 1958 2435 tremefacti

304 2475 371 2546 quiis
391 2474 498 2543 sancti),
523 2472 605 2543 roepit
628 2470 760 2526 consolari
785 2470 932 2540 homiaem,
955 2475 980 2526 et
994 2468 1103 2528 blandis
1157 2465 1322 2536 spectaculo,
1338 2465 1479 2521 redeuutes
1493 2465 1521 2520 in
1542 2466 1698 2534 crastinum,
1714 2481 1825 2521 vaccam
1839 2467 1958 2524 sacrista

302 2565 405 2622 tristem
426 2563 579 2618 demulcere
602 2559 738 2630 alloquiis,
764 2567 791 2614 31
813 2557 950 2629 accipiens
970 2557 1056 2612 frasta
1074 2559 1104 2614 13
1156 2553 1298 2624 propriam
1325 2553 1512 2622 reddiderunt,
1541 2561 1569 2610 et
1596 2553 1679 2609 aliam
1700 2570 1751 2624 pro
1774 2555 1957 2611 satisfactione

301 2653 412 2710 nominc
440 2652 501 2707 lesu
531 2648 639 2718 Christi,
659 2656 686 2703 et
705 2647 844 2703 fractionis
869 2648 959 2700 minos
987 2647 1104 2717 conjun-
1158 2642 1296 2698 commissi
1325 2641 1406 2696 simul
1433 2650 1460 2696 33
1486 2657 1537 2711 pro
1565 2642 1744 2714 indulgentia,
1773 2643 1957 2714 supplicantes

301 2758 381 2816 gens,
401 2739 545 2796 confestim
563 2737 667 2792 meritis
685 2736 812 2808 martyris
832 2735 943 2806 gloriosi
958 2735 1103 2806 compagi·
1158 2730 1481 2800 dederunt.Terra,cum
1512 2729 1567 2785 lide
1584 2739 1611 2785 ct
1628 2731 1781 2800 devotione,
1809 2733 1896 2787 sancti
1923 2733 1959 2788 dc

298 2839 392 2885 uatum
413 2837 440 2884 ct
458 2826 656 2884 consolidatum
670 2833 711 2880 est
729 2825 921 2880 ferramentum
936 2823 983 2892 lta,
998 2831 1027 2878 ut
1040 2823 1104 2878 nul·
1157 2819 1262 2875 tumulo
1277 2827 1397 2889 sumpta,
1407 2835 1458 2890 per
1471 2819 1600 2874 meritum
1613 2820 1739 2889 marteris
1751 2820 1831 2890 pellit
1839 2820 1958 2894 languo-

301 2917 358 2974 lum
383 2917 419 2974 de
442 2915 473 2948 '⁰¹
502 2923 602 2972 cratero
632 2915 759 2970 fracturas
785 2913 931 2985 vestigium
950 2921 1102 2984 appareret.
1157 2924 1212 2976 res,
1227 2917 1254 2964 et
1267 2908 1372 2980 perlicit
1385 2909 1524 2963 sanitates.

305 3007 446 3066 laudatur
474 3005 547 3061 Deus
578 3003 605 3059 in
637 3017 792 3071 commuue,
821 3010 848 3057 et
879 3001 1047 3058 benedicitur
1078 3008 1105 3056 31
1149 3001 1152 3008 ’
1193 2999 1259 3054 11333
1272 3013 1326 3070 ego
1339 3012 1434 3052 serras
1448 2997 1615 3054 Christilcsu
1628 2999 1772 3056 anselmus
1786 2996 1960 3074 depassiotra

304 3099 399 3167 bomo,
421 3095 467 3172 qui
486 3111 516 3151 sc
535 3094 569 3150 de
588 3099 686 3150 cetero
704 3092 771 3147 nibil
799 3091 933 3148 laesurum
958 3090 1103 3159 1313333331,
1157 3095 1311 3142 sanctorum
1324 3095 1353 3142 et
1365 3086 1510 3145 3131311333
1523 3088 1649 3159 martyris
1675 3089 1786 3159 pretiosi
1814 3089 1958 3162 Gaigneri,

302 3195 379 3243 tanto
399 3183 566 3242 3331333133
582 3182 715 3238 miraculo
735 3181 831 3237 sortior
844 3179 902 3250 jam
929 3179 1050 3251 perstitit
1076 3177 1104 3234 in
1155 3174 1234 3246 juxta
1246 3175 1330 3231 1131333
1344 3176 1523 3244 narrantium,
1537 3176 1616 3232 breri
1628 3175 1699 3248 styla
1718 3176 1831 3251 digessi,
1852 3187 1883 3236 at
1901 3177 1958 3236 ha-

300 3289 394 3347 ορρη,
1156 3265 1240 3321 beant
1254 3263 1358 3334 fideles,
1372 3265 1420 3336 qui
1448 3264 1508 3335 ejus
1521 3264 1635 3335 speciali
1649 3264 1682 3296 '¹‘
1698 3266 1776 3324 titulo
1795 3267 1958 3339 gloriantur,

615 3362 727 3419 CAPUT
745 3361 781 3417 x,
1157 3354 1256 3427 quibus
1269 3370 1299 3411 se
1315 3351 1475 3410 lectionibus
1498 3363 1640 3426 occupent,
1666 3362 1694 3410 et
1719 3355 1827 3426 patroni
1854 3356 1960 3428 proprii

408 3454 494 3513 illata
510 3452 621 3512 eoetttas
636 3452 821 3525 supplicitate
836 3450 998 3522 3333113933.
1118 3492 1142 3560 C
1157 3444 1237 3501 fortia
1251 3451 1328 3516 gesta
1341 3447 1519 3516 cognoscant,
1525 3452 1551 3498 et
1561 3443 1597 3499 ob
1604 3445 1656 3499 hoc
1663 3458 1862 3501 nomenmeum
1872 3444 1961 3501 131133

335 3543 534 3615 sedquoniam
551 3541 637 3597 333311
656 3554 771 3596 exorsus
790 3554 991 3594 sumenarrare
1013 3536 1100 3593 31133-
1156 3534 1296 3604 subjunxi,
1310 3542 1341 3589 31
1356 3549 1406 3603 per
1431 3530 1558 3588 meritum
1584 3532 1725 3603 martyris,
1754 3542 1781 3588 et
1806 3533 1959 3590 orationem

298 3644 351 3703 tes,
373 3632 442 3689 illud
462 3632 633 3688 inserendum
652 3628 755 3685 credidi
779 3628 898 3697 lectioni,
918 3628 991 3699 quod
1011 3635 1038 3682 et
1055 3626 1101 3681 in·
1154 3624 1289 3692 fidelium,
1311 3620 1526 3677 misericordiam
1552 3636 1658 3676 merear
1679 3622 1871 3691 Redemptoris
1893 3624 1958 3679 1333

298 3725 422 3782 credulis
441 3730 543 3779 metum
562 3718 656 3775 incutit
675 3727 701 3773 33
719 3718 861 3773 universos
889 3716 924 3772 de
948 3724 1100 3772 sanctorum
1156 3713 1256 3769 Christi
1284 3710 1393 3767 Domini
1421 3710 1517 3776 nostri,
1549 3708 1679 3780 quicum
1709 3709 1789 3765 Patre
1805 3718 1834 3764 et
1851 3708 1957 3779 Spiritu

295 3812 451 3872 reverentia
461 3817 563 3867 monet.
576 3810 642 3864 Cam
657 3822 738 3877 super
752 3822 848 3861 aarum
881 3806 1012 3876 uoddam,
1028 3806 1101 3877 quod
1154 3810 1248 3858 sancto
1263 3800 1331 3856 virlt
1343 3807 1372 3855 ct
1383 3806 1480 3871 regnat
1493 3798 1576 3866 Deus,
1592 3797 1747 3869 peremnia
1759 3797 1957 3855 aaecalasaeea·

297 3902 388 3959 fuerat
411 3904 529 3957 anchora
557 3898 634 3955 navis
662 3896 777 3965 313313
801 3903 986 3965 contemptum
1015 3898 1101 3953 sancti
1155 3892 1253 3948 lorum.

296 3990 438 4064 martyris,
458 3985 797 4045 31333311113313331133313
820 3984 968 4054 uriuereut,
994 3992 1100 4040 utrum-

955 4100 1068 4157 VrllllAE
1096 4092 1302 4158 LECTIONES.

334 4202 548 4263 Μ113333133333
565 4218 619 4261 333.
637 4208 777 4259 mactatur.
815 4196 948 4257 '‘⁸Nallaa
972 4196 1007 4255 313
1027 4214 1081 4258 ms.
1107 4198 1269 4265 nullumde.
1307 4194 1448 4255 Μ11111333
1468 4188 1664 4257 3333111333.
1702 4187 1735 4230 ¹³⁰
1751 4194 1943 4277 spiritalitate

297 4302 421 4374 speciali.

1266 4418 1478 4448 ,,
1923 4420 1955 4448 „

968 4548 1234 4659 JUDlClUM

672 4740 719 4799 DE
738 4730 1134 4801 3333331331333033331
1153 4740 1190 4797 ΙΝ
1207 4737 1300 4797 LOCO
1320 4736 1418 4809 Queat
1437 4734 1568 4800 POSUIT

943 4868 1311 4899 mnu—u·-

336 5004 398 5065 Tria
413 5012 476 5063 suat
489 5004 618 5077 capitula,
630 5019 680 5079 pro
695 5002 794 5077 3311333
811 5012 915 5061 muare
939 5004 1002 5065 11331
1029 5006 1099 5077 1333,
1115 5003 1142 5068 D
1157 5006 1288 5073 randum;
1313 5019 1371 5067 noa
1396 5008 1546 5063 comodum
1573 5005 1608 5062 de
1635 5010 1691 5065 toto
1718 5006 1844 5068 exteriori
1862 4996 1957 5070 babittt

299 5096 443 5171 inquibus
456 5112 488 5153 se
502 5093 612 5151 stabiles
626 5110 684 5151 esse
697 5093 878 5165 promiserunt
891 5093 1024 5167 religiosi.
1041 5096 1101 5151 l‘ri-
1156 5097 1245 5169 qualis
1256 5097 1301 5164 sit,
1315 5096 1364 5153 scd
1392 5097 1465 5167 qaod
1492 5092 1652 5151 scandalum
1678 5110 1734 5153 333
1761 5096 1857 5155 faciat·
1890 5102 1957 5159 lude

299 5202 375 5245 marn
390 5194 442 5255 est,
465 5184 551 5241 nimia
573 5190 741 5255 paupertas;
770 5184 928 5255 secandum,
950 5184 1102 5255 persecutio
1155 5185 1319 5244 1331333333
1331 5185 1369 5243 ad
1383 5185 1531 5257 quemdam
1545 5185 1706 5241 monachum
1722 5203 1729 5241 :
1744 5186 1895 5246 ludicaturn
1918 5200 1960 5247 ast

298 5276 403 5339 uiruia;
434 5273 554 5343 13311313,
583 5269 779 5345 irreligiositas.
807 5273 879 5327 Nam
914 5272 1048 5329 stabilitas
1074 5274 1102 5329 13
1155 5274 1226 5331 mihi
1248 5274 1312 5346 quia
1330 5273 1365 5331 313
1381 5272 1547 5331 monsterio
1571 5281 1616 5330 133
1636 5272 1763 5331 recedere
1782 5274 1834 5345 ris,
1858 5278 1958 5336 sedda

298 5364 359 5423 loco
374 5380 430 5421 3333
443 5362 610 5435 promittitur
623 5360 675 5419 nisi
701 5364 814 5433 proptor
840 5360 964 5435 regulam
987 5377 1100 5419 servan-
1154 5364 1288 5435 promissa
1315 5362 1466 5419 stabilitate
1488 5361 1620 5419 radicitus
1647 5378 1686 5433 es,
1709 5378 1744 5419 ne
1766 5362 1840 5421 ande
1866 5366 1955 5423 Deum

299 5453 452 5525 (1313333333
467 5466 521 5507 333
536 5453 640 5509 coastat
654 5448 849 5521 1333333333,
878 5456 907 5505 ut
935 5449 1011 5505 multi
1025 5450 1100 5507 333313
1153 5451 1265 5526 placare
1275 5450 1368 5521 debes,
1379 5450 1443 5508 inde
1456 5450 1546 5523 magis
1552 5449 1684 5507 offendas.
1699 5452 1740 5512 113
1754 5468 1808 5525 quo
1821 5454 1957 5513 33313333

298 5550 382 5615 mam,
398 5542 449 5599 sed
464 5538 683 5598 institutionibus.
701 5537 787 5593 311133
801 5537 873 5593 euim
889 5546 1102 5613 transgressores
1155 5540 1280 5608 ostendo,
1296 5548 1323 5595 et
1334 5540 1365 5595 13
1379 5538 1547 5597 ostendendo
1561 5555 1606 5597 rac
1616 5539 1646 5596 in
1660 5542 1817 5611 exemplum
1827 5543 1957 5602 313-31381

298 5638 396 5701 essem,
414 5628 567 5701 quicunque
589 5644 638 5699 per
656 5626 749 5683 omnia
771 5624 895 5701 regulam
921 5642 975 5683 nea
1002 5642 1098 5685 scrua—
1155 5644 1207 5701 ego
1230 5628 1397 5685 laufrancus
1415 5644 1497 5685 mauu
1521 5628 1632 5699 propria
1646 5644 1690 5686 mc
1704 5622 1842 5703 dc'eliqao
1857 5648 1956 5689 mona-

296 5730 364 5789 rcat,
378 5734 431 5778 333
446 5718 481 5773 de
494 5717 638 5789 praeceptis
652 5714 680 5771 ia
701 5714 812 5771 arbitrio
831 5723 989 5790 portaretur.
1016 5716 1098 5773 lusti-
1153 5716 1236 5776 sterio
1262 5732 1318 5775 333
1345 5733 1515 5775 recessumm
1540 5717 1685 5789 jurassem,
1714 5726 1741 5774 et
1767 5720 1890 5777 3131333333
1905 5723 1957 5777 boc

297 5807 413 5867 13313333
427 5820 494 5865 vero
508 5804 617 5875 mutari,
631 5812 662 5863 et
676 5803 734 5861 fieri
747 5812 864 5877 possunt
890 5804 925 5861 ab
953 5804 1061 5875 abbate,
1077 5804 1100 5864 sl
1156 5806 1229 5877 qaod
1239 5806 1360 5864 enimam
1372 5822 1465 5865 meam
1479 5806 1588 5866 salvare
1608 5822 1664 5863 333
1687 5822 1818 5877 possem;
1842 5808 1955 5875 eaimm,

297 5898 385 5971 magis
413 5896 494 5953 utiles
522 5892 642 5949 suntad
668 5892 814 5965 puritatem
833 5892 942 5963 mentis,
968 5910 1028 5965 quas
1043 5894 1102 5950 sola
1154 5909 1205 5950 nec
1232 5895 1344 5965 periurii
1372 5896 1475 5952 crimen
1502 5896 1678 5960 incurrerem.
1712 5894 1764 5963 Qui
1798 5896 1870 5951 enim
1897 5896 1957 5952 Ilco

296 5986 449 6067 quaerenda
476 5980 722 6058 3333331133,
747 5990 774 6038 et
795 5996 846 6057 pro
870 5998 923 6059 qua
947 5982 1006 6041 sola
1021 5982 1100 6039 labo-
1154 5992 1268 6059 propter
1293 5985 1381 6042 113333
1410 5986 1546 6063 alligatur,
1569 5999 1624 6040 333
1644 5982 1680 6037 ab
1701 5982 1760 6061 ipso
1788 5982 1841 6044 uisi
1864 5992 1959 6044 contra
