4750 6725
317 613 366 667 ast

899 607 1065 666 HISTORIA
1073 605 1257 667 Novoautt.
1274 641 1308 652 —
1323 611 1386 665 LlB.
1399 613 1420 666 l.

1913 623 1963 676 3:38

318 752 363 792 sus
379 735 456 792 lecit.
477 737 649 792 Lanlrancus
664 735 736 791 eninr
749 734 838 793 relide
850 734 954 792 ratione
973 735 1113 804 subnixus,
1128 735 1157 796 A
1172 733 1239 790 ordo
1253 751 1306 790 nou
1321 736 1374 790 sibi
1388 736 1558 804 astrinxerat,
1574 738 1640 794 eniti
1665 750 1804 811 coeperunt
1833 752 1967 814 aliatenus

319 843 350 882 ex
366 825 505 880 communi
524 825 646 881 omnium
673 825 861 896 astipulatione
889 831 916 880 et
940 823 1051 894 judicio,
1079 823 1117 878 ibi

318 923 413 968 cuneta
428 915 598 986 recuperavit
613 930 674 986 quae
689 921 798 970 ostensa
812 921 875 968 sunt
905 911 1053 982 antiquitus
1080 911 1115 966 ad

315 1003 376 1072 jura
392 1003 522 1059 Ecclesiae
537 1003 635 1058 Christi
651 1003 854 1058 Cautuaricnsis
869 1001 1043 1071 pertinuisse,
1061 1009 1114 1056 tam

317 1093 344 1146 in
362 1095 439 1148 terris
454 1107 537 1164 quem
551 1091 578 1148 in
593 1091 707 1148 dirersis
721 1091 972 1148 consuctudinibus.

353 1201 424 1256 ltem
439 1200 492 1256 alio
509 1208 630 1270 ternpore
646 1200 718 1256 idem
743 1199 813 1268 Odo‚
838 1199 1011 1270 permittente
1038 1213 1114 1269 rege,

319 1289 449 1361 placitum
465 1289 579 1348 instituit
605 1297 702 1346 contra
728 1289 884 1357 sepeliam
912 1287 1068 1354 ecclesiam,
1091 1295 1117 1342 et

319 1387 432 1434 tutorem
447 1377 508 1448 ejus
528 1379 634 1434 Putrem
661 1377 853 1444 Lanlrancam,
882 1385 909 1432 et
938 1375 1002 1432 illuc
1019 1391 1115 1430 carues

317 1483 385 1540 quos
398 1467 540 1539 peritiores
555 1467 646 1539 legam
661 1474 688 1522 et
703 1482 780 1522 usum
804 1464 911 1539 anglici
925 1465 1003 1536 regni
1028 1479 1115 1519 nore·

316 1564 367 1626 rat,
382 1572 484 1629 gnarus
494 1555 616 1612 adduxit.
633 1555 701 1610 Cum
727 1554 810 1626 igitur
836 1554 872 1610 ad
899 1553 1114 1610 eventilationem

317 1659 458 1702 causarum
473 1653 584 1700 ventum
597 1651 679 1712 esset,
696 1643 850 1712 omnesqui
865 1642 972 1698 tuendis
986 1641 1115 1698 Ecclesiae

316 1734 406 1792 causis
421 1747 530 1805 quaque
544 1737 730 1788 convenerant
743 1731 771 1786 in
796 1730 884 1802 primo
913 1747 1059 1802 cerrgressu
1077 1731 1116 1784 ita

316 1823 434 1880 caurien
450 1831 522 1890 sunt,
539 1825 570 1878 ut
584 1823 610 1876 in
626 1836 680 1890 quo
695 1835 742 1876 eas
757 1827 896 1876 tuerentur
909 1818 989 1874 simul
1004 1817 1115 1874 amitte-

1165 824 1262 876 saltenr
1277 825 1311 878 de
1324 826 1446 893 primatu
1462 827 1650 881 Cautum-lensi
1665 833 1815 885 moncellos
1842 834 1968 888 eradiea-

1165 920 1233 972 reut,
1246 912 1416 968 intendentes
1430 931 1460 968 se
1476 916 1527 969 line
1543 915 1614 971 sacto
1630 918 1758 975 facillime
1779 923 1813 974 al³
1836 922 1969 979 saliunde

1165 1001 1336 1054 exclusuros.
1356 1003 1395 1056 De
1420 1003 1474 1056 illis
1498 1005 1611 1074 etenira,
1641 1009 1800 1074 potioribus,
1833 1020 1902 1066 sicut
1930 1013 1969 1066 eis

1165 1089 1317 1156 videbatur,
1331 1091 1481 1146 rationibus
1496 1093 1529 1146 ad
1553 1093 1580 1146 id
1608 1096 1746 1164 egelidum
1770 1098 1816 1151 lul·
1829 1101 1965 1168 letarentur,

1166 1177 1264 1248 partim
1280 1177 1316 1234 ob
1331 1179 1525 1254 sublimitatem
1533 1182 1655 1251 primatis
1674 1186 1755 1253 sedis,
1781 1204 1842 1258 ῳιιι·
1872 1188 1968 1260 dispo·

1164 1265 1255 1320 sitioni
1271 1275 1296 1322 et
1312 1269 1473 1323 correctioni
1488 1271 1669 1326 Ecclesiamm
1686 1290 1734 1344 per
1743 1290 1808 1329 suas
1832 1293 1964 1346 personas

1164 1370 1272 1426 quaque
1287 1372 1335 1425 per
1362 1357 1488 1428 Angliam
1517 1358 1660 1431 invigilare
1681 1362 1774 1428 babet,
1803 1365 1899 1433 partim
1928 1369 1965 1422 ob

1165 1442 1233 1496 alias
1248 1443 1421 1514 multiplices
1445 1461 1542 1502 causas
1569 1465 1684 1517 quarum
1712 1455 1860 1520 exsecutio,
1886 1455 1966 1524 juxta

1166 1530 1237 1600 quod
1252 1530 1302 1600 ipsi
1317 1532 1517 1605 confingebant,
1534 1537 1623 1607 magis
1638 1538 1796 1595 elericorum
1813 1559 1892 1614 quam
1907 1561 1967 1600 mo·

1164 1619 1314 1674 uaclrorunr
1330 1621 1451 1677 officium
1466 1629 1583 1694 spectat.
1599 1626 1736 1682 Deductus
1750 1640 1789 1684 est
1805 1632 1833 1684 in
1852 1641 1966 1688 sentcn-

1166 1706 1229 1762 tiam
1245 1707 1323 1763 istam
1338 1725 1386 1764 rex
1401 1712 1488 1766 etalii
1504 1712 1642 1784 principes
1655 1717 1743 1787 regni,
1766 1719 1920 1775 Lant'ranro
1940 1731 1969 1776 ut

1164 1794 1206 1850 sui
1220 1797 1304 1850 moris
1318 1807 1376 1853 erat
1391 1800 1453 1854 totis
1476 1801 1580 1856 riribus
1607 1804 1761 1873 obnitente,
1791 1815 1817 1862 et
1846 1811 1967 1866 omnium

317 1911 584 1984 rent.lpsinamque
614 1909 780 1964 Lanlrancus
804 1921 856 1963 non
876 1907 1014 1964 interemi,
1039 1905 1115 1961 Tap.
1164 1883 1297 1984 molimini
1313 1903 1345 1941 nc
1359 1887 1470 1944 invidiae
1485 1888 1596 1944 viriliter
1623 1893 1775 1950 resistente.
1805 1897 1846 1950 Ne
1876 1905 1967 1953 tanren

316 2000 367 2056 bus
382 1999 468 2066 enim,
483 1999 535 2054 nisi
551 1998 699 2056 necessitas
713 2011 821 2054 summa
836 2004 955 2069 urgeret,
986 2004 1013 2052 et
1039 1995 1112 2051 inte·
1163 1981 1228 2044 P0⁵²
1241 1975 1344 2030 ΟΜΝΗ]
1359 1994 1440 2031 fllium
1456 1977 1530 2033 fies&
1546 1980 1618 2048 quod
1641 1999 1670 2035 ⁵⁰
1695 1987 1838 2052 wimadi·
1865 1988 1969 2044 sciebat

315 2106 389 2146 mse
404 2089 489 2144 mori,
501 2103 556 2146 ΠΟΥ,
570 2095 640 2144 em·
660 2087 713 2157 ψῃ
730 2101 796 2158 ergo
817 2085 845 2142 in
872 2100 982 2142 „amem
1005 2083 1116 2146 lectioni
1133 2078 1219 2150 Bper
1232 2064 1361 2118 brixillum
1371 2065 1419 2120 Dei
1435 2083 1609 2137 nequaquam
1624 2071 1828 2139 perticiendum.
1843 2077 1969 2133 nesciens

315 2179 419 2236 divinae
434 2185 566 2250 occupato
580 2176 646 2248 quid
667 2183 773 2248 gestum
803 2174 883 2230 luerit
906 2174 1052 2230 nuntietur.
1081 2177 1116 2229 llt

313 2268 360 2324 ille
375 2268 414 2324 nil
437 2267 520 2324 corde
539 2265 696 2337 perterritus
719 2264 792 2320 dicta
820 2263 1032 2320 adversariorum
1060 2278 1116 2320 non

316 2366 390 2414 recte
405 2355 571 2428 processisse
585 2353 707 2420 asseruit,
724 2361 751 2408 et
766 2353 829 2408 idco
844 2357 940 2408 cuncte
959 2351 988 2406 in
1016 2353 1115 2408 crasti-

315 2463 381 2502 num
396 2443 529 2500 induciari
544 2441 684 2514 precepta.
709 2441 838 2513 Sequenti
867 2449 956 2508 nocte,
986 2440 1063 2496 adest
1086 2443 1115 2497 in

315 2536 378 2592 visu
392 2533 505 2590 antistiti
528 2532 625 2590 bestm
647 2531 812 2601 Dunstauus,
841 2545 955 2586 monens
977 2545 1011 2585 no
1038 2530 1114 2586 illam

317 2623 465 2682 multitudo
479 2620 636 2692 conturbet,
651 2620 701 2678 sed
714 2620 749 2676 de
764 2619 912 2692 praesentia
938 2619 980 2674 eui
1006 2635 1116 2674 secums

316 2712 447 2785 placitum
463 2726 543 2766 mnne
560 2711 675 2782 ipsemet
689 2707 780 2764 hilaris
795 2707 897 2764 intret:
915 2707 986 2778 quod
1000 2715 1026 2763 et
1039 2707 1113 2764 lacit.

316 2803 387 2860 Sues
401 2803 595 2872 itaquocausaa
609 2799 727 2872 quodam
746 2795 857 2854 exordio
886 2797 963 2867 quasi
990 2811 1008 2852 a
1035 2797 1116 2854 rebus

313 2907 377 2965 quar
391 2897 513 2947 tractate
529 2889 636 2946 luerent
648 2887 693 2944 vel
720 2885 866 2944 tractandae
893 2885 1001 2958 penitus
1027 2886 1116 2944 alieno

1169 2152 1266 2206 mortis
1280 2169 1337 2208 suae
1351 2154 1425 2209 diem
1436 2156 1478 2210 rel
1494 2155 1601 2225 lteram,
1618 2160 1674 2227 egit
1688 2163 1838 2232 stagacitat.¹
1871 2173 1898 2220 et
1922 2166 1968 2220 in·

1170 2240 1282 2311 dustria,
1314 2259 1367 2314 qua
1393 2243 1524 2314 pollebat,
1550 2253 1580 2300 ut
1605 2249 1762 2304 auctoritate
1784 2253 1916 2309 ltenraum
1943 2264 1971 2311 et

1169 2330 1416 2399 apostolicaesedis
1440 2335 1636 2390 monachorum
1665 2336 1794 2395 habitatio
1816 2341 1845 2394 in
1873 2343 1969 2398 eadem

1168 2419 1296 2474 Ecclesia
1312 2420 1530 2490 continuaretur,
1546 2432 1573 2478 et
1584 2425 1746 2480 inconvulsa
1760 2427 1824 2482 dum
1837 2430 1970 2486 saeculum

1169 2508 1281 2562 duraret
1295 2507 1322 2563 ia
1338 2518 1497 2580 perpetuum
1513 2511 1691 2571 stabiliretur.
1718 2515 1798 2584 Quod
1825 2519 1970 2591 privilegio

1170 2596 1216 2651 tali
1231 2613 1355 2652 summus
1368 2600 1526 2668 apostolica
1541 2602 1653 2658 antistas
1667 2604 1823 2661 Alexander
1837 2609 1910 2663 sedis
1932 2609 1971 2664 ite

1168 2685 1271 2756 scripto
1285 2702 1336 2742 suo
1350 2687 1488 2744 roboravit
1503 2705 1509 2743 ι

1207 2791 1390 2849 «Alexander
1416 2795 1570 2868 episcopus,
1600 2813 1697 2854 serviis
1724 2816 1866 2858 servornm
1905 2804 1968 2872 Dei,

1169 2881 1396 2938 reverendissimo
1411 2883 1490 2940 tratri
1504 2885 1532 2940 ia
1546 2886 1653 2943 Christo
1673 2889 1823 2945 lanfranco
1851 2908 1968 2948 serrara-

314 2981 423 3042 cunetis
442 2978 616 3050 stupentibus
631 2976 766 3044 orsenius
780 2974 955 3048 pronascitur
982 2993 1043 3048 qum
1072 2992 1116 3032 gu.
1153 2969 1217 3024 'bili
1237 2969 1445 3027 cantuariomm
1459 2974 1677 3049 archiepiscope,
1693 2977 1844 3036 salutemet
1858 2991 1972 3054 aposto-

317 3086 370 3144 per
383 3085 446 3126 enm
461 3067 550 3140 pridie
564 3065 637 3122 dicta
651 3065 760 3122 luerunt
774 3063 815 3120 sic
835 3063 992 3120 devinceret
1007 3071 1033 3120 et
1053 3063 1116 3120 ina·
1170 3058 1249 3113 licem
1264 3059 1491 3117 benedictionem.

313 3159 362 3214 nia
374 3173 436 3214 esse
451 3161 623 3223 monstraret,
643 3162 672 3212 ut
687 3153 775 3210 donec
788 3153 852 3209 vite
865 3153 995 3224 praesenti
1020 3169 1116 3224 super·
1208 3170 1221 3197 ι
1237 3149 1401 3220 decepimus
1415 3165 1432 3205 a
1446 3151 1621 3224 quibusdam,
1631 3178 1644 3204 s
1659 3164 1709 3212 etc.
1725 3157 1829 3215 Vidcin
1844 3160 1973 3219 Alexan·

313 3247 376 3317 luit,
392 3245 482 3302 nullus
496 3251 654 3317 exsurgeret
663 3242 710 3315 qui
723 3241 788 3298 inde
801 3247 896 3298 contra
909 3255 972 3297 eum
986 3256 1019 3297 os
1046 3258 1115 3314 ape·
1170 3237 1221 3294 dre
1235 3237 1275 3292 Il.

311 3337 388 3395 riret.
405 3335 447 3392 De
461 3334 503 3391 hie
518 3333 564 3391 ita.
1207 3325 1297 3390 Quam
1315 3343 1381 3385 aero
1393 3345 1488 3387 secure
1511 3331 1635 3390 libertate
1661 3342 1691 3391 at
1713 3335 1800 3395 libera
1832 3341 1972 3399 securitate

349 3439 440 3510 Super
450 3438 510 3495 hm
523 3436 580 3495 wi,
594 3450 713 3511 quoque,
728 3444 756 3494 et
774 3436 876 3494 eisdem
905 3439 991 3495 ferme
1019 3436 1116 3494 diebus
1130 3452 1156 3519 C
1171 3431 1287 3487 quaeque
1300 3418 1334 3473 ad
1346 3419 1410 3489 jura
1424 3420 1555 3477 Ecclesiae
1579 3425 1781 3481 cantuariensis
1809 3430 1972 3499 pertinentia

312 3545 411 3587 omnes
425 3526 536 3585 nimiter
550 3527 596 3598 qui
616 3542 651 3581 ex
679 3526 799 3584 clericali
827 3527 921 3585 ordine
948 3544 997 3599 pel.
1022 3542 1116 3599 regem
1170 3506 1261 3603 patiri,
1275 3517 1351 3577 saep'c
1366 3508 1438 3563 latus
1452 3510 1533 3566 Pater
1549 3511 1716 3569 lanfrancus
1729 3514 1885 3587 intenderit,
1901 3527 1929 3573 et
1939 3535 1972 3575 ex

314 3616 546 3674 Willbelmomin
573 3614 672 3689 Anglia
694 3616 835 3671 constituti
861 3616 1006 3687 pontifices
1028 3623 1114 3685 eraut,
1170 3596 1214 3648 ¹¹¹⁸
1227 3596 1391 3694 quaepaucis
1405 3597 1618 3669 dffligflatimusss
1638 3609 1665 3657 0¹
1683 3618 1718 3658 2¹
1745 3604 1861 3673 epistole
1890 3623 1971 3677 (luam

313 3708 465 3765 monachos
479 3704 526 3776 qui
541 3704 567 3759 in
582 3703 939 3776 nonnullisepjseopafibus
950 3706 1055 3777 Angljoe
1082 3705 1117 3759 ab
1170 3697 1234 3782 eece
1248 3684 1453 3740 subscribemus
1467 3687 1552 3744 cuivis
1574 3688 1643 3745 scire
1662 3691 1764 3747 volenti
1793 3702 1886 3763 patere
1904 3696 1971 3750 satis

314 3797 428 3867 antiquo
443 3794 529 3851 ritem
542 3795 672 3867 agebant,
688 3793 752 3847 inde
780 3792 921 3849 eliminare
939 3793 1025 3850 moliti
1044 3801 1116 3863 sunt,
1170 3780 1222 3827 ent
1237 3788 1244 3825 ε
1261 3788 1342 3843 quam
1354 3774 1497 3845 epistolam
1511 3780 1546 3832 de
1578 3779 1671 3833 causis·
1688 3780 1878 3837 ecclesiasticis
1900 3783 1972 3837 scri-

313 3894 450 3958 etrcgem
466 3884 556 3955 ipsum
571 3883 598 3937 in
613 3880 668 3939 boc
697 3881 749 3937 sibl
775 3892 987 3939 consentaneum
1016 3882 1116 3940 affece—
1171 3868 1295 3960 Ρωηξθῦ
1309 3864 1471 3919 semime
1498 3865 1600 3937 Plffllst
1628 3867 1691 3921 aliis
1713 3869 1823 3925 Omissis
1845 3871 1973 3941 Plfflsessfi

313 3980 390 4035 rnnt;
408 3972 437 4026 in
448 3986 503 4044 quo
517 3978 610 4027 tamen
624 3984 654 4027 se
668 3969 764 4027 effectu
776 3972 911 4043 potituros
934 3972 1000 4027 certi
1029 3973 1118 4028 exsti·
1171 3966 1249 4021 ⁰9⁰⁰
1264 3952 1450 4009 mmmmm·
1467 3952 1607 4022 Quatenus
1622 3955 1649 4009 hi
1663 3956 1708 4027 qui
1721 3958 1866 4014 mendam
1891 3960 1974 4015 lflltffl

316 4069 414 4130 terant,
445 4067 474 4114 ul
498 4060 686 4115 li'alclreliuus
714 4060 858 4131 episcopus
886 4060 1018 4117 adunatos
1048 4076 1119 4133 pene
1171 4040 1345 4113 ”08⁰¹50fflm
1359 4042 1671 4115 ¹¹⁰¹¹0¹¹¹⁰5¹¹⁰i³illt³ftl³s
1695 4054 1768 4116 ⁸⁰⁰¹,
1798 4064 1831 4102 ΕΚ
1859 4064 1975 4105 00115118·

315 4150 500 4223 quadrnginta
514 4148 640 4217 elericos,
656 4149 847 4205 canonicorum
862 4158 1073 4218 moranensem
1088 4165 1120 4207 ιο
1174 4129 1314 4185 iudicibus
1332 4131 1447 4185 aliarum
1475 4132 1659 4188 Ecclesiamru
1687 4136 1976 4211 animadvertuntque

315 4249 394 4295 vene
416 4238 559 4294 reffimstos
585 4237 710 4307 haberet,
741 4252 819 4307 (μῦς,
840 4238 938 4308 ejectis
966 4238 1118 4308 monachis,
1173 4218 1306 4290 dignitate
1319 4220 1408 4291 ipsam
1424 4221 1573 4276 Ecclesiam
1587 4222 1659 4278 inter
1672 4222 1741 4279 alias
1768 4235 1875 4283 constet
1901 4228 1974 4283 emi-

317 4328 470 4385 Wentanae
486 4326 619 4383 Ecclesiae
629 4327 672 4383 cui
687 4326 862 4397 presidebat,
878 4342 942 4383 mox
961 4328 1120 4385 intromitte·
1173 4323 1251 4363 nere·
1270 4309 1392 4379 Elim
1406 4308 1489 4380 igitur
1502 4309 1553 4365 5⁵¹⁸
1563 4318 1626 4366 ⁰5²²

315 4425 366 4472 ret.
381 4416 448 4473 Sala
461 4430 539 4471 mora
553 4416 611 4471 hec
624 4414 785 4487 peragendi,
802 4414 921 4470 nondum
935 4415 1066 4486 requisita
1085 4416 1120 4471 ab
1212 4434 1224 4461 ιι
1241 4414 1413 4469 lanfrancus
1427 4412 1515 4485 gratia
1528 4415 1579 4470 Dei
1594 4417 1826 4493 archiepiscopus,
1852 4421 1976 4478 dilectis-

315 4505 525 4577 arcblepiscopo
553 4502 702 4559 lanfranco
729 4502 836 4559 licentia
863 4502 926 4561 tuit.
960 4505 994 4560 Ut
1031 4512 1121 4560 antem
1175 4502 1245 4557 simo
1261 4501 1338 4557 tratri
1354 4501 1487 4573 stigando
1501 4504 1662 4559 cicestrensi
1683 4506 1820 4578 episcopo,
1850 4510 1972 4566 salutem.

316 4610 377 4651 eam
404 4594 478 4649 dicto
507 4608 615 4665 qnoque
644 4592 724 4649 citius
748 4592 914 4663 impetraret,
938 4592 1014 4648 nulla
1037 4592 1122 4649 menti
1214 4614 1225 4641 a
1241 4590 1643 4647 Clerieivillarumnostrarum
1659 4596 1747 4666 quiin
1762 4599 1975 4656 restradimeesi

315 4684 378 4753 ejus
395 4682 531 4738 dubitatio
547 4682 631 4737 inerat
647 4680 716 4745 :sed
735 4680 815 4737 aliter
837 4696 868 4735 ac
892 4680 945 4735 sibi
972 4696 1050 4737 mens
1073 4696 1123 4737 sua
1176 4680 1316 4746 exsistunt,
1333 4680 1422 4751 questi
1436 4680 1515 4736 nobis
1529 4690 1591 4736 sunt
1605 4683 1768 4753 quodvestri
1779 4687 1973 4758 archidiaconi,

319 4772 510 4845 spoponderat
525 4770 610 4826 exitus
638 4770 679 4825 rei
707 4769 845 4840 provenit.
870 4770 941 4825 Nam
969 4769 1016 4825 ubi
1048 4770 1121 4843 quod
1135 4816 1162 4878 D
1175 4770 1290 4840 repertis
1304 4769 1505 4839 occasionibus,
1521 4771 1694 4840 pecuniasab
1711 4773 1750 4827 eis
1772 4777 1924 4847 exquireret,
1947 4786 1974 4837 et

323 4860 469 4933 episcopus
497 4859 637 4915 moliretur
662 4856 785 4914 insonuit
803 4858 913 4914 auribus
940 4858 1010 4929 dus,
1046 4858 1120 4915 illico
1176 4858 1372 4930 aquibusdam
1389 4858 1630 4930 iamaccepenmt.
1647 4861 1800 4918 lteminisse
1815 4864 1895 4920 debet
1918 4866 1975 4922 lra-

321 4950 427 5007 tacinus
441 4946 591 5015 calamit,
607 4962 658 5003 nec
672 4962 701 5001 se
716 4946 781 5001 dum
804 4947 909 5003 rivaret
937 4954 966 5003 ut
993 4946 1120 5003 allectum
1176 4948 1290 5004 remites
1317 4957 1411 5003 vestra
1430 4948 1494 5017 qula
1519 4956 1614 5004 contra
1642 4966 1745 5005 morem
1768 4960 1975 5013 antecessomm

319 5052 426 5111 quoque
441 5036 523 5095 modo
551 5034 613 5091 talis
639 5034 787 5091 voluntatis
815 5034 947 5090 obtineret
969 5050 1119 5092 consensu-

319 5144 379 5183 mm
398 5126 529 5183 asseruit.
558 5126 599 5181 lta
626 5130 741 5197 ergoet
768 5122 870 5192 clerici,
904 5124 950 5195 qui
976 5124 1120 5181 succedere

320 5216 464 5273 monacbis
480 5214 588 5271 tuamet
602 5228 652 5285 per
679 5211 879 5268 Walcbelinum
901 5212 1018 5280 collecti,
1042 5224 1069 5269 et
1094 5214 1122 5269 in

320 5322 368 5361 sua
382 5304 488 5360 dimissi
501 5310 575 5370 sunt,
592 5309 619 5357 et
632 5301 761 5358 monachi
779 5301 823 5371 qui
838 5300 940 5357 cedere
961 5302 1122 5359 clericorum

318 5392 475 5467 prejudicio
491 5390 607 5465 quedem
622 5388 749 5445 damnati
762 5394 849 5457 erant,
865 5390 953 5461 gratia
968 5390 1018 5446 Dei
1040 5398 1066 5446 ct
1094 5391 1123 5446 in

319 5482 419 5539 stantia
445 5481 510 5537 boni
536 5478 682 5536 Lansranci
708 5477 828 5549 pristinae
858 5480 1074 5537 conversationis
1096 5479 1125 5535 in

320 5588 369 5628 sua
381 5570 504 5627 Ecclesia
526 5576 666 5640 compotes
689 5566 778 5625 effecti
805 5576 881 5624 sunt.
916 5569 974 5625 Nec
1001 5567 1053 5623 ista
1075 5584 1124 5641 pro

319 5660 446 5717 sedandis
461 5656 641 5731 quommdam
657 5656 884 5725 animositatibus,
899 5672 968 5731 quas
982 5657 1018 5713 ad
1045 5658 1124 5728 deje-

318 5751 435 5806 ctionem
456 5750 651 5807 monacborum
676 5752 867 5817 conceperant,
896 5743 1022 5801 sufficere
1049 5753 1126 5817 pote·

317 5847 388 5897 rant.
407 5838 533 5911 Namque
545 5835 606 5909 peri
620 5843 694 5906 rote,
705 5835 786 5892 simili
802 5834 957 5900 conamine,
973 5850 1027 5891 uuo
1055 5848 1124 5892 ceu·

320 5942 412 6005 sensu,
432 5926 562 5987 concordi
582 5925 673 5983 animo
699 5922 852 6005 pontifices,
883 5938 951 6004 qnos
978 5922 1124 6001 religionis

1173 5045 1329 5092 nostrorum
1344 5044 1372 5091 ct
1384 5045 1537 5091 vestrorum
1552 5037 1630 5093 vobis
1656 5040 1851 5111 concessimus,
1881 5046 1976 5119 eisque

1174 5126 1367 5195 imperavimus
1380 5132 1517 5195 quatenus
1532 5124 1566 5180 ad
1580 5134 1684 5183 vestras
1698 5130 1817 5200 synodos
1840 5134 1920 5201 irent,
1949 5144 1976 5195 et

1175 5228 1208 5269 ca
1223 5230 1283 5285 qum
1298 5213 1334 5268 od
1347 5212 1507 5269 Christianae
1525 5213 1667 5287 religionis
1691 5218 1816 5275 notitiam
1844 5224 1974 5293 prodesse

1175 5309 1297 5373 possunt,
1312 5302 1370 5357 sine
1384 5300 1601 5373 interpellatione
1616 5304 1659 5361 rel
1687 5306 1859 5366 discussione
1886 5312 1976 5385 aliqua

1176 5391 1284 5447 anobis
1297 5390 1431 5445 audirent.
1448 5390 1476 5447 Si
1491 5408 1552 5463 quae
1563 5392 1591 5447 in
1616 5393 1682 5464 ipsis
1709 5398 1797 5469 culpae
1821 5400 1973 5459 inveniren-

1178 5486 1229 5545 tur,
1245 5495 1378 5550 suspensa
1390 5480 1499 5534 interim
1514 5482 1643 5549 vindicta,
1659 5484 1694 5539 ad
1709 5494 1833 5542 nostrum
1861 5504 1977 5547 examen

1178 5576 1350 5625 servarentur
1364 5576 1390 5625 et
1405 5568 1485 5624 nobis
1496 5570 1539 5625 rel
1553 5569 1581 5625 iu
1601 5572 1756 5630 miserendo
1780 5576 1822 5631 rel
1851 5578 1881 5633 in
1910 5581 1978 5635 ulei·

1178 5657 1289 5726 scendo,
1305 5658 1374 5713 sicut
1388 5675 1496 5729 semper
1519 5663 1687 5717 consuetudo
1712 5664 1771 5730 init,
1797 5666 1906 5721 obnoxii
1933 5677 1976 5723 tc-

1178 5751 1318 5803 necentur.
1331 5746 1494 5803 Mandemus
1508 5748 1604 5822 itaquo
1617 5750 1697 5807 robis
1716 5761 1745 5806 ut
1767 5753 1839 5808 male
1867 5766 1978 5827 accepta

1178 5836 1237 5893 sine
1251 5834 1381 5891 dilatione
1393 5836 1473 5893 reddi
1484 5837 1612 5908 jubeatis,
1627 5846 1653 5894 ct
1678 5840 1807 5897 ministris
1827 5842 1919 5897 cestris
1942 5862 1978 5907 ne

1178 5922 1520 5999 ulteriusidpraesumant,
1537 5928 1679 5984 servandac
1708 5928 1846 5986 charitatis
1875 5933 1975 6013 studio,
