4750 6725
406 529 455 583 951
955 526 983 585 S.
1003 528 1162 585 ilUGONlS
1181 526 1322 584 astutiis
1341 526 1500 584 cudatus.

2008 530 2067 582 sss
2164 576 2165 596 ,

405 652 509 722 absque
523 665 557 705 ea
569 650 724 721 disciplina,
749 668 809 725 quae
836 668 890 707 non
908 651 998 708 solum
1021 651 1137 723 leminis,
1153 654 1202 709 sed
1216 654 1245 713 A
1258 653 1386 709 Ecclesia
1401 660 1512 717 nostrae,
1528 660 1625 709 etcum
1639 659 1703 709 soto
1715 659 1742 707 et
1768 664 1903 706 consensu
1932 648 2066 703 omnium
2164 632 2165 655 ¹

407 740 489 795 etiam
502 738 570 794 viris
586 740 699 795 nrultum
709 748 750 796 est
763 739 929 795 necessaria.
948 740 981 795 Et
995 740 1070 796 locus
1082 756 1116 797 ea
1129 756 1206 797 sem·
1262 742 1376 797 fratrum
1400 749 1563 806 nostrorum,
1589 748 1615 795 et
1644 738 1671 795 in
1696 738 1801 795 Christo
1822 736 2062 793 commilitonum.
2164 734 2165 781 ξ

407 844 460 900 per
482 835 643 898 permaneat
670 828 824 884 conditione
844 844 963 899 quanos
991 828 1206 885 euminchoavi-
1258 832 1325 887 lesu
1353 829 1434 900 bone,
1462 827 1755 893 Jesuclemeutissime,
1780 826 1826 898 qui
1853 824 1967 881 blaciam
1982 824 2066 879 illam
2164 828 2165 831 ’

411 931 482 983 mus,
500 923 526 971 et
533 915 679 981 tenuimus,
695 924 725 971 ut
737 916 765 971 in
779 917 840 988 ipso
864 933 1000 988 nunquam
1028 917 1064 974 ad
1082 918 1204 973 habitum

408 1002 557 1059 sanctitatis
583 1004 694 1073 puerilis
722 1013 788 1060 aetas
809 1005 963 1075 recipiatur,
991 1021 1041 1061 neo
1055 1006 1205 1078 aliaquam

407 1091 435 1146 in
451 1106 504 1163 qua
516 1091 605 1161 possit
618 1092 726 1163 probari
740 1094 849 1163 spiritus
864 1092 886 1148 si
896 1109 931 1148 ex
945 1095 1004 1151 Deo
1018 1094 1063 1163 sit,
1078 1097 1106 1149 et
1118 1094 1142 1149 si
1151 1109 1206 1150 nan

406 1179 486 1248 ultra,
500 1186 590 1235 tamen
605 1180 727 1249 omnino,
744 1182 787 1237 vel
803 1197 889 1252 usque
908 1182 945 1237 ad
959 1199 994 1236 xx
1020 1197 1120 1237 annum
1147 1183 1205 1253 jam

407 1266 574 1336 pervenerit.
591 1265 705 1336 Quodsi
720 1284 774 1339 qua
788 1268 926 1324 estoetatis
941 1269 1105 1338 lascivioris,
1121 1272 1206 1327 ethoo

404 1354 439 1409 ad
458 1363 562 1411 certum
592 1356 678 1411 inerit
705 1360 885 1426 compertum,
905 1373 940 1412 ne
954 1357 1017 1414 buia
1043 1358 1205 1413 feminamm

407 1443 526 1515 collegio
542 1443 641 1499 debeat
655 1444 812 1514 coadunari,
827 1452 952 1516 exparte
965 1446 1016 1500 Dei
1030 1440 1204 1517 omnipoten-

406 1531 463 1601 tiss
480 1546 514 1587 ex
536 1540 614 1603 parte
623 1532 799 1602 beatissimae,
816 1541 843 1588 et
856 1533 1023 1589 intemeratae
1040 1534 1157 1607 Virginis
1178 1542 1206 1590 et

403 1618 455 1675 Dei
471 1619 611 1691 genitricis
629 1620 729 1687 llariae,
759 1628 786 1676 et
799 1636 835 1676 ex
848 1628 926 1692 parte
940 1621 990 1677 SS.
1015 1623 1205 1691 apostolorum

403 1709 474 1764 Petri
489 1716 516 1763 et
531 1707 616 1777 Pauli,
633 1708 856 1777 contradicimus,
871 1708 1067 1777 interdicimus,
1093 1719 1120 1765 et
1133 1726 1204 1766 ana-

403 1796 624 1851 thematizamus.
641 1797 673 1851 Et
687 1795 742 1853 boc
755 1797 895 1853 decretum
920 1805 946 1853 et
969 1807 1144 1869 praecaptum,
1173 1802 1203 1854 ul

401 1898 435 1939 eo
459 1883 591 1954 majorem
606 1884 814 1940 aestimationem
830 1892 857 1941 et
871 1884 1041 1940 stabilitatem
1071 1886 1201 1955 obtineat,

403 1969 603 2041 confirmamus,
619 1972 830 2029 corroboramus
850 1988 914 2030 aum
933 1974 1092 2030 auctoritate
1119 1974 1240 2043 totiusss

1259 918 1437 989 peccatricem
1451 924 1513 989 post
1536 917 1631 973 sordes
1656 924 1683 973 et
1704 916 1911 986 inquinamenta
1935 913 2065 984 corporis

1259 1008 1296 1063 ita
1310 1006 1457 1074 honorasti,
1474 1006 1510 1061 ita
1524 1004 1694 1077 glorillcasti,
1709 1012 1738 1059 ut
1752 1004 1780 1058 in
1794 1002 1994 1059 resurrectione
2015 1010 2065 1055 aaa
2164 988 2165 1053 l

1259 1096 1319 1167 ipsa
1335 1093 1518 1165 apostolorum
1530 1092 1654 1165 apostola
1667 1108 1725 1149 csse
1739 1097 1894 1159 mereretur,
1921 1094 1950 1147 et
1967 1089 2065 1160 prima

1260 1184 1335 1240 testis
1349 1182 1408 1238 lieri
1423 1181 1627 1237 resurrectionis
1643 1190 1706 1245 tuae,
1727 1180 1872 1249 tulargire,
1899 1187 1927 1233 tu
1955 1193 2062 1245 annue,

1258 1281 1359 1327 utcum
1375 1270 1473 1327 eadem
1486 1272 1570 1326 Maria
1580 1269 1608 1323 in
1617 1270 1664 1326 illo
1678 1269 1722 1325 die
1737 1276 1840 1340 partam
1859 1275 1886 1324 et
1898 1268 2063 1323 societatem

1259 1360 1369 1425 habeat,
1383 1360 1541 1430 quicunque
1556 1358 1613 1413 istis
1628 1357 1824 1428 peccatricibus
1843 1356 1947 1428 tuisque
1969 1371 2060 1426 spon-
2164 1342 2165 1359 ¹

1260 1447 1346 1506 laneis
1367 1447 1532 1521 pauperibus
1558 1446 1683 1503 solatium
1714 1450 1742 1501 et
1761 1444 1926 1517 adjutorium
1954 1445 1982 1499 ia
2013 1453 2062 1501 tuo
2164 1502 2165 1523 ξ

1259 1538 1371 1594 nomine
1385 1536 1559 1606 praerogabit.
1575 1535 1646 1591 Etsi
1665 1534 1725 1605 quia
1739 1533 1780 1591 eis
1802 1533 1950 1589 acutianus
1963 1532 2061 1605 aliquo
2164 1608 2165 1615 ἵ

1259 1626 1344 1683 mado
1358 1625 1501 1689 exstiterit,
1526 1632 1552 1679 et
1566 1640 1600 1679 ne
1628 1624 1655 1677 in
1678 1622 1871 1695 tranquillitate
1890 1622 1937 1677 tibi
1952 1620 2061 1677 servire

1259 1714 1362 1787 possint
1385 1712 1550 1785 impedierit,
1570 1712 1592 1767 si
1609 1728 1664 1767 uon
1691 1711 1853 1784 resipiscens
1874 1709 2061 1767 satisfactione

1259 1804 1340 1876 digna
1356 1800 1515 1871 corroserit,
1531 1809 1556 1855 ta
1571 1800 1696 1866 ultorem,
1713 1807 1738 1855 te
1752 1800 1889 1857 vindicem
1903 1798 2061 1871 experiatur

1257 1892 1284 1947 in
1296 1894 1347 1948 boc
1359 1890 1468 1960 seculo,
1485 1896 1512 1945 et
1524 1889 1552 1945 in
1568 1889 1670 1945 lutuno.

1149 2178 1309 2187 —n--u-n-tu—
1319 2174 1610 2187 *au-

708 2298 1061 2396 lMPRECATlO
1091 2300 1146 2391 B.
1188 2296 1447 2393 HUGONIS
1477 2296 1742 2396 unsaris.

1112 2508 1324 2521 ——a-—ffl

436 2635 610 2693 cbarissimis
637 2635 884 2708 amantissimisque
926 2636 1066 2704 fratribus,
1091 2642 1118 2692 et
1138 2634 1202 2690 filiis

405 2724 566 2795 filiabusque
579 2724 762 2795 presentibus
777 2729 806 2779 et
820 2723 987 2790 absentibus,
1016 2724 1099 2779 irater
1120 2725 1201 2779 Haeo

403 2817 533 2884 peccator
556 2812 651 2883 abbas,
668 2812 697 2867 ia
717 2812 834 2869 Domino
848 2815 912 2869 lesu
925 2812 1120 2885 sempiternum
1136 2826 1203 2885 gau-

406 2900 492 2955 dium.

441 2988 616 3045 Dilectissimi
651 2988 699 3044 lilii
720 2997 746 3045 et
778 2990 861 3047 amici
888 2988 953 3056 mei,
978 2996 1034 3045 tam
1056 2999 1205 3062 praesentes

405 3092 488 3148 quam
509 3076 599 3141 lutari,
630 3085 729 3132 vestrae
755 3078 926 3134 innotescere
941 3079 1064 3134 charitati
1091 3080 1204 3151 dignum

401 3162 537 3230 duximus,
566 3164 638 3233 quod
654 3164 791 3237 benignus
812 3165 895 3235 Deus,
924 3167 970 3239 qui
985 3174 1063 3223 vocat
1076 3184 1137 3237 quae
1151 3182 1206 3223 nou

403 3256 467 3307 aunt
481 3258 609 3322 tanquam
633 3266 666 3308 ea
680 3268 740 3323 quae
751 3261 824 3322 sunt,
840 3270 884 3310 me
898 3256 1047 3324 quemdam
1076 3264 1205 3325 peccato·

403 3356 471 3408 rem,
500 3355 590 3409 reum,
617 3340 766 3414 multisque
780 3342 977 3400 lubricitatibus
1001 3344 1150 3418 obligatum
1178 3344 1206 3400 in

401 3430 542 3501 juventute
558 3444 629 3495 mea,
646 3445 729 3500 quam
743 3447 829 3502 prava
856 3432 1053 3504 expendebam,
1083 3433 1142 3490 sola
1158 3449 1208 3490 sua

404 3517 593 3574 misericordia
615 3517 741 3592 dignatus
769 3519 819 3575 fuit
844 3521 966 3577 saeculari
993 3528 1069 3578 veste
1096 3538 1206 3580 exuere,

404 3615 558 3676 sanctaeque
583 3607 729 3679 religionis
763 3609 859 3665 habitu
887 3610 1009 3678 induere,
1039 3617 1122 3682 atque
1140 3611 1211 3666 intra

406 3693 488 3766 liujus
506 3694 558 3750 loci
584 3711 698 3768 gregem
714 3712 876 3769 aggregare,
902 3698 951 3753 ubi
969 3706 1033 3754 tunc
1060 3708 1150 3770 patres
1178 3714 1211 3755 aa

410 3783 511 3837 iratres
525 3784 611 3838 nostri
627 3784 774 3854 meipsum,
790 3785 854 3842 licet
867 3785 1019 3858 indignum,
1035 3785 1098 3843 licet
1120 3787 1210 3842 irreli-

407 3870 485 3943 giose
496 3877 577 3942 atqua
591 3869 693 3927 lascive
709 3873 857 3942 viventem,
869 3875 933 3930 licet
946 3875 1029 3930 etiam
1044 3875 1111 3930 satis
1125 3875 1212 3931 recla-

408 3965 539 4023 mantem,
557 3959 620 4014 huic
634 3959 711 4024 ovili,
729 3961 788 4016 Deo
803 3961 843 4016 ita
870 3962 1039 4034 disponente,
1063 3963 1211 4033 opilionem

410 4046 563 4115 elegerunt,
579 4047 701 4117 hancque
726 4049 834 4104 tandem
863 4051 1054 4122 gravissimam
1077 4053 1213 4108 sarcinam

412 4133 483 4188 collo
497 4147 559 4190 meo
570 4132 766 4204 imposuerunt.
783 4137 986 4208 Verumtamen,
1002 4140 1072 4196 sicut
1084 4141 1113 4195 in
1139 4156 1214 4212 prm-

414 4219 563 4275 sentiarum
589 4221 705 4292 videtur,
729 4225 900 4297 omnipotens
927 4227 1000 4282 Deus
1032 4244 1087 4285 non
1114 4229 1215 4286 nostris

417 4309 533 4376 meritis,
560 4312 607 4366 sed
634 4328 683 4367 sue
709 4313 840 4370 immensa
865 4316 1018 4386 clementia,
1041 4317 1122 4373 istam
1150 4318 1217 4374 satis

417 4397 630 4471 circumquaque
657 4401 800 4473 ampliavit
827 4403 928 4471 locum,
958 4412 985 4459 et
1011 4414 1063 4460 tam
1088 4406 1216 4481 iratribus

416 4502 498 4559 quam
509 4489 726 4558 possessionibus
741 4491 849 4547 ditavit.
881 4493 939 4548 Nec
953 4492 1040 4548 solum
1056 4494 1084 4548 in
1097 4493 1150 4551 baa
1164 4511 1217 4552 uo-

416 4583 471 4631 stra
482 4575 606 4648 regione,
622 4579 814 4634 verumetiam
829 4579 958 4647 initalia,
979 4581 1007 4634 in
1032 4582 1217 4654 botharingia,

417 4663 446 4719 in
474 4664 583 4736 lngus,
607 4667 787 4735 Normannia,
810 4668 924 4734 francia,
955 4670 1113 4742 Aquitania,
1142 4672 1219 4728 Gua-

419 4752 523 4822 soonia,
548 4754 693 4811 Provincia
717 4763 798 4828 atque
812 4756 944 4827 Hispania
967 4758 1064 4828 ipsum
1086 4759 1218 4816 dilatavit.

417 4839 505 4909 Unde,
533 4841 582 4896 lilii
611 4844 775 4912 charissimi,
803 4845 1010 4916 quantomajor
1035 4846 1220 4905 locorumlra-

420 4936 549 5001 iramque
576 4931 693 4987 babetur
719 4948 859 5002 numerus,
885 4941 959 4991 tanto
987 4934 1053 4990 mibi
1087 4938 1221 5008 peccatori

421 5033 471 5089 pro
484 5033 577 5074 aarum
593 5020 751 5076 excessibus
760 5021 938 5093 gravissimus
952 5031 1055 5078 tremor
1081 5023 1221 5094 insistitur,

423 5104 475 5160 nisi
491 5121 591 5178 magna
605 5109 656 5164 Dei
677 5109 775 5179 pietas,
792 5112 892 5166 animes
918 5125 997 5175 meae,
1020 5112 1115 5167 vestris
1137 5113 1223 5169 inter-

424 5191 597 5250 venientibus
625 5196 806 5270 eleemosynis
827 5207 856 5254 et
863 5200 1001 5270 precibus,
1024 5201 1150 5257 misereri
1178 5202 1222 5256 di-

1256 2634 1336 2689 ralde
1351 2634 1484 2689 timendas
1498 2648 1550 2706 ego
1567 2647 1744 2705 cognoscem,
1760 2636 1907 2690 ernendare
1922 2633 1993 2689 siout
2009 2633 2059 2689 di·

1260 2740 1343 2795 gnum
1372 2730 1445 2778 esset
1471 2722 1736 2793 neglexi3quidam
1775 2730 1864 2778 autem
1899 2722 2063 2794 praecipitiis

1260 2812 1360 2878 obniti,
1376 2810 1499 2867 nonnulli
1514 2811 1593 2867 ctiam
1605 2811 1682 2881 aquis
1708 2810 1766 2866 slve
1794 2811 1903 2884 ignibus
1922 2810 2061 2877 suffocati,

1259 2908 1304 2955 aut
1321 2898 1528 2973 quampluribus
1550 2898 1611 2955 aliis
1634 2899 1765 2971 periculis
1788 2899 1878 2955 subita
1905 2900 2061 2971 intercepti,

1259 2989 1294 3043 de
1310 2989 1361 3043 hac
1371 2986 1479 3043 miseria
1492 2989 1613 3042 exierunt
1627 2988 1693 3043 vita.
1711 2988 1744 3041 Et
1758 2987 1821 3058 quia
1834 2995 1888 3043 tarn
1899 2986 1965 3043 istos
1978 3004 2062 3058 quam

1259 3076 1341 3132 etiam
1357 3083 1469 3132 caeteros
1486 3076 1574 3131 adbuc
1587 3076 1759 3145 superstites,
1775 3084 1821 3131 aut
1837 3077 1895 3147 jam
1907 3076 2061 3144 defunctos,

1261 3180 1314 3219 nau
1340 3164 1409 3219 sicut
1434 3166 1585 3221 debuissem
1610 3166 1725 3233 correxi,
1754 3181 1857 3237 eosque
1884 3166 1911 3219 in
1938 3164 2064 3237 plurimis

1262 3252 1404 3309 remissius
1431 3252 1524 3320 habui,
1558 3253 1760 3309 admonendum
1790 3252 1872 3310 timeo
1887 3270 1921 3307 ua
1936 3254 2004 3321 ipsis
2029 3253 2063 3308 sd

1263 3349 1394 3398 uternam
1420 3340 1562 3414 praemium
1604 3340 1651 3397 ilat
1682 3341 1917 3414 impedimentum,
1943 3340 2064 3412 mihique

1264 3431 1384 3486 fortassis
1413 3430 1447 3486 ad
1472 3437 1602 3486 eternam
1618 3431 1733 3504 gloriam
1750 3435 1890 3501 repuletur
1902 3430 2059 3486 adversum.

1264 3521 1293 3573 ln
1322 3519 1420 3590 quihus
1448 3517 1574 3574 omnibus
1590 3519 1662 3574 Deus
1674 3519 1754 3574 nobis
1768 3519 1904 3591 propitius
1917 3536 1948 3575 ac
1963 3519 2066 3575 miseri-

1264 3622 1327 3664 cors
1341 3607 1435 3663 adesse
1449 3607 1586 3680 dignetur,
1602 3622 1704 3678 vosque
1713 3622 1763 3679 pro
1778 3607 1875 3663 animas
1889 3623 1957 3663 meae
1971 3624 2065 3663 reme-

1266 3697 1311 3752 dio
1327 3697 1520 3766 deprecaturos
1534 3695 1594 3766 pius
1609 3697 1746 3765 exaudiat,
1762 3703 1859 3751 ettam
1882 3695 1963 3751 vobis
1985 3711 2064 3768 quem

1266 3781 1391 3839 omnibus
1407 3783 1566 3838 Christianis
1592 3785 1647 3838 mei
1674 3783 1833 3839 memoriam
1861 3783 2013 3858 agentibus,
2038 3783 2064 3837 in
2164 3839 2165 3842 ,

1268 3871 1361 3942 magni
1373 3871 1469 3940 judicii
1486 3871 1529 3926 die
1544 3870 1723 3928 indeficientis
1737 3871 1875 3927 mercedis
1901 3887 2065 3942 recompen-

1269 3967 1307 4016 set
1322 3961 1474 4031 praemium.
1489 3961 1520 4014 ln
1540 3961 1591 4015 laac
1603 3960 1730 4032 equidem
1746 3967 1801 4015 tam
1812 3960 1888 4032 gravi
1899 3959 2065 4028 obedientia,

1265 4050 1321 4119 jam
1338 4049 1481 4122 sexaginta
1508 4065 1640 4104 annorum
1654 4063 1767 4104 cursum
1781 4055 1809 4104 et
1821 4049 1922 4120 aliquid
1936 4051 2064 4120 amplius,

1268 4137 1377 4205 vestris,
1399 4145 1429 4192 ut
1456 4137 1540 4194 oredo
1568 4135 1691 4192 suffultus
1718 4137 1895 4204 orationibus,
1932 4147 2067 4210 utcunque

1270 4225 1390 4297 expleri.
1406 4226 1483 4295 Quod
1498 4226 1519 4280 si
1534 4225 1883 4297 lortealiquotiesoorporis
1898 4223 2065 4292 infirmitate,

1270 4314 1328 4369 sive
1344 4312 1531 4386 alioquolibet
1549 4313 1669 4369 laboravi
1681 4313 1865 4380 incommodo,
1885 4323 1982 4370 restrae
2004 4313 2068 4368 mihi

1271 4417 1325 4457 non
1354 4401 1496 4458 defuerunt
1508 4401 1656 4468 orationes,
1672 4410 1824 4474 vestraeque
1838 4403 1873 4457 ad
1887 4402 1974 4458 Deum
1994 4402 2067 4473 peti-

1274 4491 1370 4546 tiones.
1390 4491 1513 4545 Vestram
1528 4489 1645 4560 denique
1659 4503 1724 4562 erga
1739 4505 1782 4544 ma
1796 4487 1908 4559 bonam,
1936 4499 1963 4545 et
1982 4489 2067 4546 devo·
2164 4489 2165 4528 ἑ

1272 4585 1326 4633 tam
1341 4579 1511 4642 charitatem,
1528 4593 1674 4649 veramque
1686 4577 1880 4644 obedientiam,
1906 4594 1981 4634 meus
1995 4593 2069 4634 enar·

1273 4683 1331 4722 rara
1368 4682 1459 4722 sermo
1482 4681 1537 4721 non
1563 4665 1671 4722 sufficit.
1695 4665 1876 4736 Quapropter,
1896 4673 1975 4738 prout
1998 4667 2070 4721 Deus

1274 4755 1512 4823 administraverit,
1529 4770 1578 4810 vos
1599 4755 1715 4827 diligero
1742 4754 1842 4824 studui,
1871 4771 1921 4811 vos
1951 4755 2070 4810 modeste

1274 4843 1399 4912 tractavi,
1424 4859 1473 4900 vos
1487 4845 1557 4899 sicut
1571 4845 1668 4899 charos
1681 4843 1826 4914 amplexus
1852 4859 1912 4898 aum
1942 4841 2022 4898 lilios.
2040 4844 2070 4899 ln

1276 4949 1331 5005 qua
1359 4933 1483 4988 videlicet
1510 4931 1680 5004 indulgentia
1708 4931 1937 5003 siquidpeccavi,
1952 4931 2072 5004 ignoscet

1276 5021 1341 5076 mibi
1358 5021 1446 5076 Deus.
1466 5022 1499 5076 Et
1514 5036 1595 5088 nunc,
1611 5019 1669 5090 lilii,
1696 5019 1815 5091 quandiu
1843 5019 1870 5074 in
1895 5020 1946 5076 bac
1973 5018 2072 5075 caduca
2164 5053 2165 5098 ,

1277 5111 1332 5164 vita
1347 5111 1443 5180 partim
1460 5125 1509 5179 pro
1523 5109 1599 5164 robis
1620 5107 1757 5177 omnibus,
1774 5123 1823 5180 pro
1838 5108 1936 5163 nostris
1960 5107 2072 5179 propriis
2164 5155 2165 5186 ,

1277 5196 1490 5254 necessitatibus
1528 5195 1680 5270 agonizavi,
1705 5197 1816 5267 iamque
1838 5197 1864 5252 in
1893 5196 1987 5253 diebus
2009 5197 2073 5252 mus
2164 5227 2165 5240 ,

423 5287 534 5352 gnetur.
550 5282 634 5352 Cujus
648 5299 765 5357 namque
778 5301 878 5353 sermo,
893 5297 1022 5359 quantum
1046 5305 1108 5346 reus
1121 5297 1223 5356 tenear,
1239 5271 1265 5331 D
1281 5287 1408 5357 processi,
1424 5287 1512 5342 exitus
1537 5285 1590 5342 mei
1606 5286 1733 5359 ignorans
1745 5287 1899 5354 articulum,
1929 5286 2070 5356 quamdam

426 5367 566 5438 explicare
589 5371 695 5442 sufficit,
719 5375 764 5444 qui
790 5391 852 5431 cum
879 5383 921 5433 tot
947 5377 1083 5450 tantisque
1106 5377 1224 5450 propriis

423 5455 583 5514 constrictus
596 5459 711 5516 existam
726 5462 842 5531 delictis,
856 5465 892 5521 de
907 5470 1042 5522 tantorum
1054 5467 1119 5522 mibi
1145 5483 1224 5522 com·

426 5545 573 5602 missorum
583 5548 758 5621 negligentiis
772 5553 800 5606 iu
810 5563 956 5624 conspectu
969 5556 1078 5611 Domini
1093 5555 1224 5611 rationem

427 5635 583 5692 redditurus
596 5639 686 5692 sum‘l
703 5638 757 5694 atii
785 5641 856 5695 eninr
875 5657 970 5698 eorum
985 5627 1116 5715 preventi
1126 5654 1224 5712 morte,

426 5723 533 5796 absque
546 5725 727 5797 confessione,
757 5736 784 5784 et
811 5729 931 5800 corporis
954 5732 1147 5805 sanguinisque
1167 5735 1225 5788 Do-

1279 5375 1344 5430 milri
1353 5375 1425 5446 elegi
1440 5373 1716 5441 obedientiunculam,
1732 5375 1843 5430 nomine
1866 5373 2027 5438 Beraiacum,
2043 5382 2071 5429 ut

1278 5479 1340 5520 aum
1356 5464 1521 5520 linisaursus
1531 5463 1583 5519 mei
1596 5465 1725 5526 evenerit,
1742 5479 1774 5518 ex
1790 5463 1888 5535 ipsein
1905 5465 2069 5535 perpetuum,

1277 5553 1357 5621 juxta
1385 5553 1515 5624 temporis
1542 5551 1785 5623 opportunitatem,
1827 5561 1922 5607 cuncta
1950 5567 2009 5624 quar
2046 5552 2071 5607 in

1279 5641 1341 5697 cibo
1369 5641 1412 5697 vel
1438 5651 1502 5711 potu
1518 5641 1616 5696 luerint
1627 5639 1791 5706 necessaria,
1803 5639 1829 5696 iu
1844 5640 1890 5696 die
1898 5641 2071 5696 anniversarii

1280 5731 1333 5786 mei
1349 5730 1666 5798 iratribusinoonveatu,
1686 5745 1735 5786 seu
1751 5729 1778 5784 in
1796 5729 1881 5784 domo
1904 5727 2071 5785 infirmorum

427 5812 493 5868 mini
519 5814 705 5886 perceptione,
736 5816 783 5872 alii
803 5831 880 5887 vero,
908 5833 1023 5889 quoram
1037 5821 1227 5894 negligentias
1279 5817 1458 5888 morantibus,
1474 5819 1527 5875 mei
1537 5818 1690 5892 peccatoris
1705 5817 1864 5874 memoriam
1886 5816 2061 5876 recolentibus
