4750 6725
914 520 1073 577 ιιιιιιιι
1089 518 1249 576 ιοιιιιι
1275 516 1551 574 ιιιιιιιιιιιιι
2013 515 2070 567 soa
2160 494 2161 527 ³

704 648 821 706 CAPUT
837 647 915 702 lllll.
1224 648 1249 705 Α
1265 642 1337 711 illos,
1352 641 1420 697 siout
1435 648 1463 697 tu
1480 648 1505 696 te
1521 640 1620 713 ipsum.
1636 641 1763 695 Potestne
1778 637 1862 709 igitur
1875 634 1950 692 illius
1968 634 2070 709 gaudii

700 738 739 795 lie
756 738 921 795 securitate.
1266 733 1365 789 modus
1388 731 1543 803 aquodam
1565 728 1674 785 bomine
1687 726 1717 757 ¹¹¹
1731 727 1881 799 penetrari,
1907 740 1970 781 cum
1997 724 2071 779 ultra

450 826 481 886 st
500 842 566 885 sero
585 826 620 883 ad
642 828 701 883 ιιι
725 824 837 883 omnino
859 839 973 881 senorum
989 822 1119 880 existeres
1142 822 1215 894 qnod
1266 822 1342 879 mille
1369 819 1455 875 millia
1473 827 1499 874 et
1521 818 1613 875 decies
1636 818 1735 873 millies
1753 824 1868 872 centena
1882 814 1968 870 millia
1982 812 2070 867 innu-

414 932 447 973 ιι
473 914 538 972 dum
565 914 682 983 viveres,
710 912 784 970 nullo
811 920 911 969 ereata
942 912 1092 980 amitteres,
1119 910 1215 967 omitto
1268 910 1414 967 mernbiles
1434 909 1474 963 ibi
1497 909 1561 977 sint,
1586 916 1614 965 et
1639 922 1734 963 omnes
1766 906 1862 963 eadem
1896 902 2070 959 beatitudine

413 1004 507 1061 dicere
533 1009 624 1059 utrum
651 1000 696 1057 val
723 1001 845 1074 cogitare
872 1000 972 1074 possis,
996 1014 1032 1055 ιι
1058 1014 1124 1069 ιιι,
1148 997 1216 1071 quid
1268 1000 1451 1073 pertruantur,
1467 1013 1516 1055 nae
1542 997 1614 1053 ullus
1641 1010 1735 1053 corum
1764 995 1799 1051 sit
1822 992 1942 1067 quinon
1962 997 2069 1047 tantum

415 1091 589 1151 exultationis
612 1090 660 1147 tibi
678 1096 765 1147 esset.
793 1092 898 1163 ltaque,
920 1104 982 1146 eom
1005 1097 1052 1145 tua
1072 1089 1127 1145 nita
1146 1104 1215 1160 per-
1269 1088 1387 1146 debono
1400 1086 1513 1143 altat-ius
1526 1086 1780 1160 gaudeatqnantum
1795 1085 1831 1139 de
1844 1083 1917 1139 suoi
1932 1082 2069 1136 Praeterea

412 1188 495 1254 petuo
522 1178 599 1236 duret
624 1179 651 1235 in
681 1180 727 1235 illa
760 1178 825 1249 rita,
857 1186 885 1235 et
913 1180 972 1235 base
987 1177 1018 1208 ¹⁸¹
1045 1178 1139 1235 omnia
1165 1176 1216 1233 tibi
1269 1178 1394 1237 videntes
1414 1176 1501 1233 Deum
1524 1176 1625 1246 ipsum,
1639 1188 1721 1244 supra
1744 1188 1825 1244 quam
1846 1170 2070 1244 ipsiseaeama-

414 1267 525 1325 ltabenti
548 1268 682 1324 securitas
705 1282 813 1340 quoqne
834 1283 867 1323 ιι
885 1267 1072 1337 ampliusnon
1086 1266 1218 1338 perdendi
1271 1268 1347 1336 bunt,
1376 1266 1451 1337 ipsos
1474 1273 1608 1319 amantem
1623 1272 1650 1320 et
1672 1262 1855 1334 intelligentes
1871 1276 1901 1316 se
1923 1258 2073 1315 inenarra-

414 1365 489 1415 eerto
515 1355 646 1424 arriserit,
674 1356 800 1425 obsecro,
822 1356 889 1429 quid
916 1356 1036 1412 aestimas
1062 1355 1112 1411 tibi
1138 1355 1218 1411 erili
1272 1354 1531 1427 biliterplusquam
1547 1347 2076 1423 setnrtipsasillumamantes,ingloria

416 1447 506 1504 Credo
520 1444 685 1519 quodetiam
700 1444 850 1501 adnomen
864 1445 1016 1501 securitatis
1031 1452 1105 1501 mota
1126 1454 1169 1501 est
1192 1444 1219 1499 in
1273 1445 1333 1516 ejus
1361 1443 1429 1499 mira
1457 1449 1483 1499 ιι
1510 1440 1638 1498 ineffabili
1672 1440 1854 1497 exsultatione
1882 1437 2072 1495 exsultabunt.

416 1542 444 1593 te
459 1534 585 1607 quadam
597 1532 726 1605 jubilatio
747 1533 849 1601 cordis,
864 1539 891 1588 et
906 1548 942 1589 an
956 1540 1030 1589 tanta
1044 1532 1116 1589 bona
1128 1548 1222 1590 ιιιιιι
1275 1533 1408 1591 Gaudium
1424 1548 1490 1604 argo
1505 1531 1559 1588 erit
1574 1531 1613 1587 eis
1628 1530 1699 1587 intus
1713 1538 1741 1586 et
1756 1538 1840 1599 extra,
1861 1528 1993 1601 gaudium
2010 1542 2079 1581 sur-

418 1623 457 1682 sis
483 1630 615 1695 perpetuo
643 1636 828 1693 possessuras,
848 1621 946 1677 nvidus
963 1620 1106 1678 addiscere
1133 1621 1220 1693 cupis.
1276 1639 1337 1679 sum
1352 1630 1432 1693 atque
1447 1622 1584 1687 deorsum,
1600 1620 1732 1693 gaudium
1747 1620 1774 1674 in
1789 1618 1904 1675 oircuitu
1917 1624 1945 1672 et
1958 1614 2077 1688 ubique;

421 1712 491 1769 Dico
519 1710 604 1783 igitur
630 1708 706 1783 quia,
721 1708 747 1765 si
770 1724 805 1766 ea
817 1709 972 1782 perdituros
993 1724 1036 1779 es,
1052 1718 1098 1767 aut
1116 1719 1143 1765 tu
1163 1710 1223 1781 ipse
1277 1719 1304 1769 et
1319 1712 1371 1768 ιιι
1389 1714 1440 1779 est,
1459 1710 1528 1766 ιιιιι
1546 1717 1681 1781 putamus,
1700 1707 1783 1781 quod,
1805 1704 2036 1780 quemadmodum
2052 1703 2079 1757 in

419 1800 495 1857 enias
518 1814 552 1855 ea
572 1798 688 1871 perdere
710 1806 755 1854 ιιι
782 1808 889 1871 sponte,
911 1806 958 1855 aut
975 1799 1049 1856 Dens
1069 1814 1103 1855 ea
1121 1799 1225 1857 auterst
1277 1800 1366 1872 eapite
1381 1800 1460 1871 hujus
1468 1798 1591 1871 opusculi
1607 1798 1674 1867 diri,
1691 1798 1766 1853 Deus
1779 1794 1947 1867 preparavit
1963 1792 2081 1864 diligen-

420 1888 468 1945 tibi
482 1886 599 1955 nolenti,
616 1893 663 1943 aut
680 1886 779 1958 aliquis
802 1887 872 1943 alins
893 1888 954 1943 lieo
975 1887 1072 1945 tortior
1089 1904 1223 1960 superre-
1279 1890 1350 1946 tibus
1365 1904 1404 1945 sa.
1428 1888 1492 1945 lima
1508 1887 1609 1958 itaque,
1621 1886 1698 1957 juxta
1719 1886 1793 1959 quod
1807 1883 1913 1940 interim
1937 1882 2003 1936 mibi
2018 1896 2081 1936 mea

420 1978 500 2035 niens
523 1992 556 2033 ea
577 1974 662 2043 tollet,
678 1976 736 2031 Deo
756 1983 783 2032 et
797 1980 824 2032 te
838 1975 872 2005 ’¹¹
885 1992 940 2033 non
954 1976 1072 2044 volente,
1087 1978 1137 2033 sed
1150 1984 1223 2033 certe
1237 2006 1264 2068 B
1279 1978 1422 2036 aestimatio
1449 1976 1527 2047 dicit,
1556 1975 1758 2047 quodammodo
1786 1980 1876 2046 potest
1896 1969 1927 2001 ¹⁸¹
1951 1970 2008 2028 dini
2034 1970 2081 2024 illa

422 2082 475 2125 nee
489 2076 527 2133 tn,
556 2064 665 2137 abjeoto
693 2071 769 2121 tanto
795 2064 923 2137 bono,in
949 2065 1074 2122 mitonins
1101 2081 1170 2137 quas
1197 2070 1224 2123 te
1277 2066 1415 2125 beatitudo
1429 2074 1540 2131 aeterua.
1557 2063 1671 2121 felic-itas
1682 2062 2016 2134 uatema‚eommodomm
2031 2058 2078 2115 sci·

420 2156 544 2213 evasisse
559 2152 740 2227 ¹¹'gratiosus
760 2154 897 2211 exultabis
919 2154 1055 2211 resideres
1077 2155 1154 2211 voles
1173 2170 1224 2211 nac
1279 2157 1340 2213 licet
1368 2155 1488 2213 omniurn
1510 2152 1671 2209 sufficientia
1693 2152 1845 2208 seeundum
1868 2151 2039 2207 voluntatem
2052 2155 2079 2201 et

420 2244 505 2313 Dens,
533 2242 580 2316 qui
605 2241 675 2299 illud
706 2249 760 2297 tarn
790 2243 868 2317 larga
893 2250 922 2299 ιι
948 2242 1075 2300 elementi
1102 2243 1225 2299 bonitate
1279 2244 1337 2303 sine
1351 2244 1425 2302 omni
1440 2242 1601 2317 indigentia,
1626 2258 1707 2315 quam
1729 2244 1810 2314 plene
1831 2240 1970 2297 habebunt
1984 2252 2078 2295 omnes

420 2332 542 2400 donavit,
567 2331 595 2387 id
610 2330 658 2388 tibi
680 2329 829 2402 aliqnando
851 2332 960 2389 auterre
982 2332 1066 2399 volet,
1081 2349 1133 2397 nne
1153 2332 1225 2387 itlius
1280 2333 1360 2392 amici
1376 2334 1424 2389 Dei
1445 2333 1472 2388 in
1497 2332 1552 2389 rita
1567 2340 1682 2395 antema3
1705 2347 1756 2387 neo
1777 2330 1848 2387 enim
1864 2329 1994 2385 voluimus
2007 2325 2078 2381 affir-

423 2420 523 2479 inrtior
549 2420 607 2479 Deo
635 2419 818 2492 superveniet,
835 2420 891 2494 qni,
916 2420 974 2478 lieo
1003 2428 1028 2478 te
1054 2428 1225 2496 protegente,
1280 2423 1438 2479 mamillam
1455 2424 1601 2493 braquam
1615 2419 1647 2449 ’⁸⁸
1660 2419 1827 2494 digessimus
1842 2418 1927 2475 multo
1950 2416 2078 2487 majorem

421 2510 489 2567 illud
511 2508 561 2566 tibi
586 2508 671 2565 insito
694 2508 866 2581 aliquetenus
889 2510 978 2566 tollet.
1003 2509 1123 2567 Secum
1144 2510 1228 2583 igitur
1281 2529 1334 2571 non
1349 2528 1416 2569 esse.

422 2607 556 2657 tantomm
584 2597 718 2655 bonomm
743 2606 876 2671 perpetuo
899 2599 954 2656 eris
968 2597 1010 2670 ¹⁸⁴,
1039 2616 1090 2657 ιιι
1107 2598 1226 2670 alieuJas
1578 2600 1698 2659 CAPUT
1722 2601 1783 2656 XV.

423 2687 473 2747 tibi
487 2685 626 2745 adversari
646 2686 763 2743 volentis
782 2685 923 2745 incursum
939 2688 1056 2747 timebis.
1076 2688 1148 2758 Quid
1161 2704 1227 2762 ergo
1489 2694 1527 2749 be
1541 2691 1660 2747 miseria
1674 2689 1870 2763 reproborum.

423 2785 507 2851 putas
522 2776 573 2833 tibi
601 2775 662 2845 erit,
691 2792 753 2833 eum
781 2777 842 2833 ιιι
867 2778 970 2843 omnia,
997 2778 1228 2850 pulchritudinem
1317 2782 1385 2838 cum
1411 2780 1496 2855 igitur
1522 2780 1589 2851 justi
1614 2779 1715 2835 luerint
1742 2786 1816 2835 tanta
1849 2777 1977 2835 inlicitate
2000 2775 2080 2841 beati,

422 2865 561 2934 videlicet,
595 2864 780 2934 velocitatem,
806 2865 984 2937 voluptatem,
1022 2867 1227 2925 diuturnitatem
1281 2878 1364 2927 restat
1391 2873 1421 2924 ιι
1449 2868 1542 2939 injusti
1571 2867 1808 2939 percontrarium
1832 2867 1886 2923 sint
1905 2864 2082 2923 inestimabili

425 2955 500 3023 vitas,
526 2953 727 3023 tortitudinem,
752 2953 916 3023 libertatem,
941 2955 1094 3023 sanitatem,
1117 2955 1229 3027 snpien-
1283 2960 1402 3031 quadam
1431 2956 1589 3013 infelicitate
1617 2957 1720 3012 miseri.
1756 2956 1833 3013 Siout
1861 2954 1936 3011 enirn
1965 2952 2081 3023 istos¹⁸¹,

425 3042 504 3111 tiam,
519 3041 679 3110 amicitiam,
697 3042 882 3112 concordiam,
897 3050 1070 3114 potestatem,
1084 3045 1227 3114 bonorem,
1279 3050 1359 3122 juata
1374 3047 1457 3121 quod,
1480 3054 1560 3118 pmut
1579 3046 1730 3118 potuimus,
1746 3046 1805 3101 Deo
1824 3046 1952 3111 donante,
1976 3044 2082 3101 descri-

425 3129 611 3198 securitatem,
641 3129 789 3186 secondum
817 3130 890 3203 quod
904 3147 938 3188 ea
951 3131 1153 3204 descripsimus,
1172 3132 1229 3190 imo
1284 3138 1399 3211 pamas,
1437 3136 1507 3190 mira
1548 3134 1731 3205 pulchritudo.
1773 3134 1914 3200 velocitas,
1944 3133 2083 3201 tortitudo,

425 3234 509 3292 snpra
536 3233 647 3275 omnem
674 3219 822 3274 humanam
847 3219 1055 3279 estimationem
1082 3221 1229 3293 gloriosius
1282 3228 1403 3293 libertas,
1414 3226 1527 3293 sanitas,
1539 3224 1665 3295 voluptas
1679 3225 1783 3279 alacres
1793 3223 1875 3280 iactet
1885 3231 1912 3278 et
1917 3223 2082 3292 jubilantes;

426 3316 507 3380 atque
517 3305 661 3364 sublimius
676 3321 760 3379 quam
776 3306 860 3364 scribi
874 3308 917 3364 vel
932 3308 987 3365 dici
999 3308 1116 3381 possint,
1124 3311 1152 3365 in
1167 3326 1230 3382 pos·
1283 3314 1321 3373 ita
1337 3315 1399 3372 illos
1413 3313 1539 3369 immanis
1560 3313 1686 3385 quadam
1709 3320 1736 3368 et
1751 3312 1952 3370 inestimabilis
1966 3312 2082 3379 faeditas,

425 3397 549 3455 sessione
563 3396 727 3453 retemaliter
741 3397 880 3468 habueris,
896 3415 986 3456 nonne
1000 3399 1144 3472 gaudium,
1156 3399 1230 3472 quod
1244 3362 1268 3425 C
1282 3404 1405 3468 tarditas.
1422 3402 1600 3464 imbecillitas.
1617 3403 1740 3470 sert-itus,
1762 3402 1878 3474 languor
1906 3411 1989 3473 atque
2011 3401 2086 3456 dolor

424 3487 476 3544 erit
489 3485 686 3544 consummatio
701 3485 823 3544 omnium
838 3488 959 3544 horumi
978 3488 1018 3546 lie
1037 3489 1136 3546 etenim
1154 3505 1229 3559 vera,
1283 3501 1429 3550 rnoereutas
1452 3491 1547 3548 reddet
1569 3499 1596 3547 et
1616 3491 1765 3562 ejulantes.
1792 3491 1866 3546 Sane
1888 3491 2086 3546 diuturnitatem

429 3575 524 3634 ridere
539 3591 593 3633 non
607 3589 719 3647 possum
741 3575 878 3648 quomodo
898 3575 1232 3651 inaestimsbdegandium
1286 3581 1360 3648 vitas,
1387 3596 1466 3652 quam
1495 3580 1539 3636 isti
1564 3595 1613 3652 pro
1634 3579 1756 3636 fruendis
1778 3580 1860 3635 tantis
1882 3580 1962 3636 bonis
1984 3595 2087 3636 summa

428 3663 642 3740 eimumqaaqua
657 3680 713 3720 non
727 3665 826 3722 babeat
840 3681 921 3736 quem
937 3673 975 3723 tot
988 3668 1132 3724 commoda
1146 3666 1233 3724 beatas
1286 3687 1380 3728 arnone
1401 3668 1624 3742 complectentur,
1641 3669 1682 3724 illi
1709 3683 1760 3739 pro
1783 3669 1979 3725 interminabili
2002 3685 2085 3740 paens.

426 3753 566 3828 lalicitptis
589 3752 733 3825 ialieisque
761 3753 938 3812 beatitudinis
958 3754 1016 3811 sina
1032 3753 1086 3813 ιιι
1113 3757 1232 3813 eircum-
1288 3777 1342 3834 qua
1356 3760 1559 3832 torquebuntur,
1576 3757 1705 3829 quoniam
1720 3758 1774 3813 illis
1789 3758 1879 3823 inerit,
1906 3773 2012 3812 summo
2027 3760 2087 3814 odia

422 3839 551 3904 tantm.
577 3841 654 3898 Tana
675 3840 760 3914 igitur
778 3849 806 3897 et
825 3850 853 3898 ιι
874 3840 928 3898 isto
951 3843 1233 3916 gaudioperimeriss
1288 3846 1562 3907 cassamentum.
1591 3849 1632 3903 lle
1657 3847 1789 3917 sapientia
1813 3848 1966 3918 veroquid
1989 3849 2085 3912 dicam,
2160 3857 2161 3868 ¹

424 3930 489 4002 quin
501 3927 579 3999 nibil,
594 3928 667 3986 unde
680 3929 802 4003 gaudere
815 3929 992 4000 nondebeas‚
1008 3931 1134 3989 babebis.
1290 3953 1346 3992 non
1373 3936 1491 4005 invenio,
1508 3935 1560 3990 nisi
1588 3937 1651 4007 quia
1677 3935 1745 3991 sieut
1763 3936 1844 4007 justis
1868 3935 1894 3991 in
1915 3936 2049 4009 gaudium
2063 3942 2088 3991 et
2160 3969 2161 3972 =

731 4015 845 4074 CAPUT
863 4018 936 4074 XIV.
1290 4028 1433 4096 bonorem,
1458 4025 1494 4081 ita
1516 4024 1638 4096 injustis,
1650 4024 1781 4096 quidquid
1805 4023 1904 4093 soient,
1920 4030 2043 4080 vertetur
2063 4024 2087 4078 in

750 4105 916 4177 Diiflssditi·
1291 4129 1437 4172 moerorem
1466 4122 1492 4170 et
1514 4113 1714 4170 contusionem.
1738 4112 1864 4168 Amicitia
1890 4127 1966 4174 raro.
1983 4128 2036 4184 qua
2064 4113 2089 4167 in

465 4205 561 4276 itaqua
584 4201 611 4258 si
635 4201 753 4258 haberes
773 4202 905 4275 aliquem,
924 4219 1004 4276 qnam
1041 4214 1071 4262 ut
1096 4207 1237 4279 teipsum
1292 4202 1409 4260 invicem
1437 4201 1475 4274 pii
1503 4217 1611 4257 summa
1635 4201 1804 4271 jucunditate
1831 4200 2042 4270 copulabuntur,
2068 4201 2089 4255 si

432 4292 545 4366 penitus
573 4305 692 4358 amaras,
708 4299 735 4349 ιι
753 4291 788 4347 de
812 4292 890 4365 eujus
913 4293 996 4364 bono,
1019 4292 1092 4352 ιιιιι
1119 4296 1154 4352 ιιι
1181 4304 1237 4372 tuo,
1292 4307 1346 4364 qua
1373 4291 1401 4346 in
1424 4291 1516 4364 impiis
1540 4289 1600 4360 erit,
1615 4291 1644 4346 in
1668 4298 1834 4346 tormentum
1848 4288 1879 4318 ’¹⁸
1894 4289 1933 4347 eia
1952 4290 2012 4347 erit.
2034 4289 2090 4359 Qun

431 4381 543 4440 omnino
553 4377 587 4408 ”⁸
601 4380 748 4453 gauderes,
759 4379 891 4452 illumque
914 4399 969 4440 non
990 4383 1087 4440 minori
1108 4401 1188 4457 quam
1213 4393 1240 4443 te
1293 4381 1367 4438 enim
1382 4380 1472 4452 magis
1493 4395 1616 4450 quosque
1640 4379 1779 4448 amabunt,
1795 4395 1829 4434 eo
1844 4380 1931 4451 megia
1945 4377 2091 4452 graviusin

433 4469 567 4528 felicitate
580 4484 632 4541 per
645 4467 740 4526 omnia
753 4469 850 4526 tultum
862 4470 980 4535 videres.
989 4488 1082 4529 nanno
1093 4473 1122 4528 in
1136 4473 1239 4547 gaudio
1253 4506 1279 4568 D
1294 4469 1404 4526 illorum
1427 4481 1507 4538 poena
1528 4467 1671 4524 dolebunt.
1700 4468 1728 4524 Si
1744 4474 1848 4534 contra,
1873 4467 2047 4523 concordiam
2061 4481 2093 4522 an
2160 4475 2161 4546 j

436 4557 642 4632 atasqaudian
666 4556 834 4629 duplicatum
856 4558 998 4618 habetest
1016 4561 1046 4619 Si
1068 4577 1135 4619 vero
1158 4562 1238 4630 duos,
1294 4555 1471 4614 habitasti*
1485 4555 1549 4626 sint,
1579 4555 1737 4627 quaeritur:
1768 4555 1932 4612 discordiam
1961 4555 2094 4612 habebunt
2160 4567 2161 4576 ¹

435 4655 482 4706 ιιι
498 4656 564 4717 tres,
579 4654 627 4703 ιιι
641 4645 736 4719 plures
750 4647 814 4705 truie
829 4647 880 4704 tibi
900 4649 929 4705 in
952 4665 1047 4708 amore
1061 4667 1141 4723 pares
1155 4651 1244 4724 possi·
1297 4661 1358 4702 cum
1383 4645 1474 4702 omnis
1489 4653 1625 4711 ereatura,
1641 4652 1669 4700 et
1690 4645 1780 4701 omnis
1794 4653 1916 4700 creatura
1931 4645 2094 4701 discordabit

434 4737 526 4807 dares,
542 4744 571 4794 et
584 4751 633 4794 eos
648 4732 913 4807 mmquaialioitate
926 4740 1089 4810 conspicuas
1107 4755 1242 4811 carneres,
1299 4734 1333 4790 ab
1348 4735 1422 4790 aliis.
1444 4734 1511 4790 ilino
1535 4748 1602 4806 ergo
1626 4747 1674 4804 pro
1703 4738 1835 4800 potestate
1859 4732 2004 4802 bonomm‚
2028 4741 2096 4788 tanta

437 4819 562 4895 nunquid
580 4836 634 4894 pro
649 4835 743 4878 eornm
757 4836 870 4878 numero
894 4837 949 4879 non
972 4823 999 4878 in
1014 4831 1041 4880 ιι
1055 4825 1245 4895 multiplicare·
1298 4822 1458 4894 impotentia
1482 4839 1528 4878 nos
1546 4830 1675 4893 sequetur
1689 4819 1720 4850 ”⁸
1735 4829 1763 4878 ut
1787 4821 1899 4878 omnino
1918 4823 1985 4876 niltil
2007 4837 2095 4878 eorum

438 4919 483 4968 tur
496 4909 590 4987 gaudii
605 4908 643 4966 tui
656 4909 820 4981 magnitudo
830 4911 845 4965 ‘t
855 4911 1072 4984 litutiqne,cum
1082 4913 1247 4970 deamicitia
1300 4911 1509 4985 quaevoluerint
1522 4912 1674 4984 pessimat
1688 4909 1823 4982 quidquid
1838 4910 1985 4966 habuerint
2005 4911 2094 4966 nolint.

443 4998 570 5071 strperius
598 5013 754 5072 ageremus,
787 4999 958 5056 ostendimus
988 5001 1027 5058 its
1052 5017 1148 5058 omnes
1174 5003 1248 5059 illius
1301 5003 1396 5075 igitur,
1412 5017 1463 5072 pro
1482 5000 1588 5058 bonore
1608 5007 1777 5065 sanatorum,
1793 4999 1954 5056 obtinebunt
1983 5015 2096 5068 perenne

439 5087 537 5161 patries
555 5085 634 5146 aives
667 5095 805 5144 amaturos
828 5096 863 5158 te,
877 5088 946 5146 ιιιιι
967 5089 1098 5146 amabunt
1121 5106 1161 5159 se,
1182 5097 1209 5147 ιι
1222 5099 1249 5148 ιι
1303 5091 1493 5164 opprobrium.
1518 5089 1551 5145 lit
1574 5091 1633 5145 limo
1652 5105 1705 5160 quo
1728 5087 1781 5146 line
1795 5087 2019 5144 claudentur¹⁸⁸t
2035 5089 2096 5144 Vere

1099 5217 1214 5275 lellAE
1233 5217 1441 5276 LECTlONES.

2160 5299 2161 5324 l

479 5335 511 5367 ”¹
531 5339 599 5394 Cum
614 5338 641 5393 in
656 5346 702 5394 tna
717 5336 771 5395 vita
781 5349 913 5412 perpetuo
924 5341 950 5396 ιι
964 5341 1010 5398 illa
1023 5350 1080 5398 tota
1094 5351 1120 5398 et
1134 5345 1193 5400 haee
1206 5360 1272 5399 mss.
1283 5343 1349 5398 Cum
1363 5342 1418 5398 vita
1433 5350 1477 5398 ιιι
1491 5348 1624 5414 perpetuo
1637 5343 1714 5397 claret
1728 5341 1755 5396 in
1771 5341 1814 5398 illa
1827 5340 1891 5408 vita,
1907 5348 1932 5396 et
1947 5341 2016 5396 haec.
2033 5340 2097 5397 ”¹131
2160 5333 2161 5416 ι

449 5407 510 5468 bas
523 5417 551 5466 ιι
566 5417 669 5465 temes.
684 5409 743 5466 lieo
757 5421 784 5466 ιι
799 5418 834 5467 te.
850 5410 881 5440 ”⁸
891 5413 930 5467 'lu
945 5414 1069 5470 evasisse
1082 5431 1149 5471 mss.
1169 5423 1195 5470 te
1219 5415 1350 5470 evasisse.
1365 5413 1397 5444 '⁸‘
1409 5415 1544 5476 Perpetuo
1558 5413 1615 5482 ejus
1631 5429 1697 5468 mss.
1717 5423 1847 5484 perpetuo
1862 5414 1927 5468 eris.
1942 5411 1974 5441 ’⁸⁸
1989 5413 2096 5468 Cir-cun-

448 5477 497 5538 dal
511 5495 579 5537 msa.
593 5478 766 5536 circundant.
781 5480 812 5510 '⁸‘
833 5481 951 5539 Omnino
966 5485 1073 5556 penitus
1089 5501 1153 5540 mss.
1170 5487 1297 5541 ontittunt
1311 5487 1430 5556 penitus.
1449 5483 1480 5516 ’⁸⁷
1494 5488 1544 5541 Aut
1559 5493 1613 5538 tres
1628 5494 1655 5539 ιι
1669 5491 1854 5540 emanassent
1871 5492 1924 5539 tres
1939 5485 1998 5540 sive
2012 5484 2096 5554 plures

447 5551 513 5610 aab
526 5550 578 5607 sibi
592 5550 620 5606 ιι
634 5565 728 5607 amore
743 5567 822 5623 pares
836 5553 980 5625 possidens
995 5566 1018 5609 et
1035 5571 1092 5611 eos.
1104 5554 1285 5626 ¹''Quoquam
1302 5557 1411 5612 immine
1426 5573 1493 5611 mss.
1509 5572 1525 5610 a
1541 5570 1675 5626 quoquam
1689 5557 1809 5613 ltomiue.
1825 5551 1856 5582 ‘⁸'
1866 5554 2094 5624 Quemadmodum

445 5629 536 5728 potest
558 5639 627 5680 maa.
660 5623 952 5704 'odanmodopotest
975 5624 1153 5698 '‘Atquam
1169 5630 1409 5697 mastraaqmm.
1443 5627 1652 5682 ιιιιιιιιιιιι
1664 5626 1833 5697 justosmss.
1849 5626 2092 5682 sicutenimistos.

469 5693 608 5753 'Summo
658 5709 686 5749 to
699 5693 1047 5754 exarabunsmss.snmmo
1058 5698 1122 5754 odio
1133 5699 1326 5753 exarabuntur.
1341 5696 1372 5727 '⁸'
1382 5699 1409 5752 ln
1423 5699 1563 5753 tormentis
1579 5714 1645 5754 mss.
1658 5698 1684 5751 in
1700 5707 1873 5754 tormentum.
1890 5695 1921 5726 ¹⁸⁴
1930 5699 2027 5753 Contra
2037 5714 2092 5753 eon·
2160 5739 2161 5768 ,

449 5765 583 5833 asadiam
594 5765 667 5838 quod
683 5764 802 5822 babituri
817 5781 883 5823 mas.
900 5776 1002 5837 eontra,
1017 5769 1193 5825 concordiam
1209 5784 1263 5824 non
1280 5769 1407 5824 babituri.
1419 5767 1543 5825 ”⁸Tanta
1557 5769 1716 5841 irnpotrntia
1730 5769 1788 5839 ejus
1803 5779 1931 5840 sequetur
1945 5785 2012 5826 msa.
2029 5777 2092 5826 tanta
2160 5771 2161 5836 i

449 5835 610 5912 impotentia
623 5851 671 5895 soa
685 5838 822 5912 sequatm.
844 5835 875 5868 '⁸⁸
891 5838 924 5895 Et
938 5839 996 5897 bea
1010 5854 1119 5914 qnoque
1132 5841 1190 5899 sire
1205 5841 1364 5900 claudentur
1376 5857 1443 5899 arsa.
1455 5845 1482 5897 ot
1497 5842 1556 5897 ιιι
1570 5855 1624 5916 quo
1638 5839 1692 5899 fine
1708 5840 1877 5898 claudentur.
2160 5919 2161 5928 ἵ
