4750 6725
290 589 344 642 ιιι,
916 575 979 638 ita.
1000 581 1044 652 ir,
1066 583 1173 642 arisi.
1190 582 1314 642 cxxix.

1893 595 1945 655 ΠΟ

289 711 439 769 cratinaem
455 707 585 764 canonice
606 706 705 776 Iacere,
721 707 826 766 ridetur
853 705 919 762 mihi
947 707 1009 778 quia
1037 707 1095 764 dis·
1109 707 1136 770 Α
1149 710 1224 766 scitis
1237 711 1400 768 desiderium
1422 729 1513 769 meum
1526 715 1555 772 in
1581 731 1676 775 amore
1702 719 1753 776 Dei
1779 730 1948 780 omnesste-

290 799 392 856 saisitis
406 814 451 854 ine
465 799 499 853 dc
514 797 605 854 oilleio
622 813 686 852 meo
715 798 773 852 sine
798 795 902 867 judicio
930 811 978 852 cur
1006 797 1095 853 lucere

290 889 426 944 debeatis.
447 889 546 942 Precor
560 885 650 956 itaque
666 894 692 940 ιιι
713 887 789 940 ιιιιιιιι
804 885 831 939 iu
846 901 913 955 pace
941 884 969 938 in
984 885 1095 956 opisco-

290 988 356 1050 patu
370 991 481 1032 manere
497 975 665 1048 permittatis,
683 974 779 1030 saltem
801 972 933 1046 usquead
950 975 1095 1028 terminum

289 1067 378 1125 nostri
394 1073 546 1136 respectus,
563 1072 592 1119 ιιι
611 1063 718 1119 interim
734 1062 800 1118 milii
828 1063 909 1118 liceat
936 1061 976 1117 illi
1004 1062 1095 1118 Iacere

290 1153 524 1214 consecrationem
541 1170 620 1225 qriiun
636 1153 733 1210 debeo.

496 1259 666 1318 mustolia
686 1259 811 1316 cxxiii
833 1261 899 1330 (55).

292 1379 414 1418 isserat
438 1377 474 1416 in
495 1374 624 1414 tassaria
654 1373 823 1413 iosnss'ssii
846 1371 1094 1413 incuiariscorrii.

330 1463 479 1515 itsssairos
507 1456 728 1526 archiepiscopus
755 1455 914 1521 Cantoariae,
944 1453 1096 1508 reverendo

291 1549 382 1604 laudis
411 1546 538 1602 Ecclesiae
567 1544 737 1613 arohIepisco
765 1543 881 1599 Londcsi
909 1545 1096 1610 itrssn0,sa-

291 1639 376 1694 luteni
392 1645 417 1692 et
433 1651 524 1693 reram
540 1633 686 1688 amicitiani
702 1634 730 1687 in
749 1633 865 1689 Christo.

329 1725 470 1795 Quodme
496 1722 613 1796 rogastis
641 1721 675 1776 de
703 1721 803 1777 domno
831 1721 939 1776 illbrieo
968 1717 1097 1776 cardinali

291 1815 425 1874 Romanas
439 1811 568 1868 Ecclesiae
583 1810 699 1864 libenter
715 1809 776 1878 leci,
800 1825 861 1865 curn
878 1815 990 1880 propter
1005 1807 1097 1864 hono-

290 1921 352 1960 rem
363 1904 493 1958 Ilornaiice
502 1898 639 1962 Ilccl'esIae,
651 1905 706 1952 tum
717 1905 828 1970 propior
838 1913 957 1953 amorem
966 1905 1095 1962 restrum,

292 2009 342 2066 pro
357 1991 430 2063 quod
445 1991 563 2046 libenter
577 1987 666 2043 lacere
681 1987 755 2054 rolo,
773 1987 796 2042 si
823 1985 888 2059 quid
904 1985 976 2056 quod
992 1985 1098 2056 placeat

293 2079 432 2138 sanctitati
449 2085 544 2134 restrae
572 2076 741 2131 intellexero
770 2075 876 2130 Gratias
904 2074 1011 2146 agimus
1027 2075 1094 2141 Deo,

293 2171 382 2244 quiin
399 2183 485 2241 reguo
500 2168 636 2222 Dauorum
652 2172 768 2220 vestram
785 2162 939 2234 religiosam
956 2162 1018 2235 lul,
1034 2161 1098 2216 reli·

293 2256 462 2334 giositatem]
477 2256 511 2310 ad
528 2254 791 2324 archiepiscopatum
815 2251 981 2306 sublimarit.
1002 2249 1098 2307 Confi-

294 2344 562 2414 dimusenimquia,
591 2343 680 2413 giulio
694 2341 744 2397 Dei
772 2348 948 2411 cooperante,
978 2355 1010 2394 ca
1039 2355 1100 2410 quae

296 2434 458 2508 corrigenda
474 2441 534 2488 sunt
549 2430 699 2504 corrigetis,
715 2437 742 2485 et
770 2445 829 2502 quae
857 2428 1016 2485 aedilioanda
1030 2425 1100 2482 adi-

1149 799 1238 855 deatis
1251 800 1434 858 indesinenter
1449 803 1565 872 terrere,
1581 814 1608 861 et
1621 823 1671 864 ros
1680 825 1742 879 quae
1755 810 1870 865 subditse
1883 811 1948 866 estis

1150 887 1227 942 matri
1246 897 1355 957 restrae,
1388 890 1582 961 obedientiarii,
1610 910 1665 952 non
1690 898 1725 952 ad
1752 900 1871 968 oculum,
1900 898 1948 956 sed

1148 975 1244 1031 intimo
1259 978 1340 1033 corde
1360 980 1490 1050 satagatis
1516 982 1653 1038 exhibere.
1683 985 1746 1041 Solo
1775 987 1840 1058 quia
1853 988 1949 1042 adrer-

1150 1064 1243 1120 sitates
1264 1073 1290 1120 et
1313 1067 1497 1124 tribulationes
1523 1086 1558 1125 ex
1582 1071 1702 1127 diversis
1727 1075 1851 1144 portibus
1865 1076 1948 1131 susti-

1150 1154 1230 1220 iietIs,
1246 1155 1293 1208 sod
1310 1162 1371 1210 tuuc
1385 1158 1473 1229 inagis
1486 1158 1522 1214 ad
1535 1159 1640 1215 ordinis
1666 1169 1694 1216 et
1708 1162 1769 1219 vitre
1794 1180 1886 1219 reram
1901 1181 1949 1220 cu-

1150 1242 1265 1296 stodium
1281 1245 1389 1300 stiulerc
1411 1245 1525 1314 debetis,
1555 1249 1618 1319 quie
1644 1250 1706 1320 plus
1733 1250 1803 1308 bene
1830 1252 1948 1310 virendo

1150 1332 1363 1388 consolationem
1379 1333 1429 1389 Dei
1443 1335 1594 1406 impetretis
1607 1353 1689 1407 quam
1715 1339 1739 1393 si
1766 1340 1946 1412 aliquatenus,

1150 1430 1261 1492 propter
1274 1421 1365 1492 eliqua
1379 1422 1467 1478 solani
1478 1423 1683 1494 iiiipediiiiente,
1695 1428 1801 1483 avestri
1815 1429 1949 1500 propositi

1151 1510 1259 1566 lcirore
1273 1511 1395 1566 cessatis.
1412 1513 1443 1566 In
1467 1528 1627 1584 quocunque
1655 1523 1759 1572 secreto
1786 1518 1853 1586 sitis,
1869 1526 1949 1576 certas

1151 1609 1247 1667 estote,
1263 1617 1313 1656 nec
1326 1601 1461 1656 ullatenus
1474 1601 1601 1658 dubitetis
1613 1603 1676 1676 quia
1691 1620 1858 1680 unaquaeque
1867 1608 1950 1666 habet

1151 1691 1278 1761 angelum
1293 1706 1380 1758 suuni,
1396 1690 1442 1761 qui
1471 1705 1564 1746 ornnes
1591 1693 1727 1764 cogitatus
1755 1702 1782 1750 et
1801 1697 1950 1769 actusejus

1152 1779 1235 1849 ridet,
1251 1786 1277 1834 et
1291 1786 1374 1844 notat,
1390 1785 1417 1833 et
1429 1779 1546 1836 invicem
1561 1781 1597 1836 od
1609 1781 1698 1838 Deum
1712 1792 1834 1856 reporta.
1852 1785 1951 1844 bloneo

1152 1868 1243 1938 itaque
1258 1883 1316 1934 ros,
1329 1865 1390 1922 silice
1400 1868 1575 1936 charissimae,
1583 1869 1648 1924 utin
1657 1873 1763 1928 occulto
1777 1881 1804 1928 et
1818 1874 1846 1928 in
1855 1884 1952 1945 aperto

1151 1973 1320 2028 unaquaequo
1335 1956 1374 2012 sic
1389 1964 1477 2010 motus
1490 1957 1580 2012 cordis
1590 1966 1617 2012 et
1627 1960 1750 2030 corporIs
1762 1962 1804 2016 sui
1817 1964 1952 2021 custodiat

1111 2063 1137 2128 B
1153 2061 1185 2102 ac
1200 2045 1222 2099 si
1238 2044 1364 2115 angelum
1380 2047 1469 2115 ipsum
1484 2046 1627 2101 custodem
1650 2048 1706 2104 suis
1719 2051 1806 2106 oculis
1819 2067 1952 2123 corpora·

1151 2135 1223 2213 libris
1236 2141 1396 2204 presentem
1411 2132 1512 2188 rideat.
1529 2133 1713 2202 Omnipotens
1740 2139 1812 2194 Deus
1839 2155 1888 2197 ros
1902 2158 1952 2199 sua

1152 2222 1341 2278 benedictione
1354 2230 1492 2294 protegat,
1511 2231 1538 2279 et
1552 2225 1586 2279 ed
1601 2233 1777 2298 conspectum
1791 2228 1887 2301 glorie
1896 2245 1954 2289 suae

1151 2312 1296 2383 perducat.
1314 2313 1410 2366 Arnen.

1189 2401 1229 2455 Dc
1244 2400 1332 2455 redito
1347 2407 1439 2456 nostro
1454 2399 1512 2458 scio
1527 2401 1591 2473 quia
1605 2403 1687 2460 ruitis
1714 2406 1819 2480 aliquid
1846 2423 1954 2482 cogno·

296 2525 427 2593 ficahitis,
457 2530 483 2578 et
511 2537 572 2593 quae
603 2519 746 2574 nutrienda
774 2518 911 2573 nutriatis.
943 2515 1102 2572 Audivimus
1154 2489 1380 2558 ⁵⁰e¹⁰rsed¹¹lhi¹
1408 2498 1512 2546 mlum
1540 2491 1617 2548 l⁰bl⁸
1643 2493 1678 2548 ”d
1705 2511 1955 2569 IJI²⁰⁵⁰¹¹⁸llossum

297 2628 419 2685 namque
443 2627 459 2666 e
482 2611 597 2681 praelato
612 2606 743 2663 cardinali
767 2607 851 2661 multa
873 2605 944 2660 bona
959 2605 993 2660 de
1012 2603 1099 2661 robis.

296 2701 376 2759 Unde
392 2701 470 2755 istam
485 2697 618 2752 hahemus
642 2693 779 2764 fiduciam,
809 2702 836 2750 et
850 2709 960 2749 oranius
975 2702 1003 2748 ot
1019 2693 1102 2759 Deire,

298 2791 344 2862 qui
359 2791 412 2844 hoc
423 2784 666 2858 iucoepiiinrobis,
678 2783 713 2838 sd
729 2784 828 2839 bonum
844 2780 968 2837 effectum
984 2787 1102 2838 vestram

298 2893 408 2950 sempor
423 2877 551 2949 perducat
571 2874 748 2930 uoluntatem.
778 2873 855 2942 Ilogo
871 2870 1038 2926 sanctitatem
1054 2885 1103 2925 re·

1154 2579 1280 2634 scrihere.
1298 2577 1380 2632 Orate
1403 2581 1433 2632 ut
1460 2579 1560 2636 taciem
1588 2582 1737 2638 aecundum
1752 2584 1955 2658 heneplacitum

1153 2667 1322 2724 uoluntatem
1338 2666 1403 2722 Dei.

1353 2772 1524 2830 aeisroia
1551 2773 1666 2832 cxmx
1685 2777 1754 2853 (ar).

1400 2887 1522 2928 Attsttwt
1535 2889 1572 2928 tto
1587 2889 1708 2933 motin.

299 2977 383 3024 stram
401 2971 534 3037 quatenus
549 2979 663 3036 regnum
691 2961 758 3016 illud
787 2968 876 3016 restro
905 2966 998 3014 sancto
1014 2957 1103 3013 studio
1134 2968 1960 3050 iHortatoreasodperfectionemetneminimorperaont·

299 3053 457 3113 emundetis
479 3052 514 3107 ab
543 3050 682 3124 apostatis,
711 3057 740 3104 ut
767 3047 858 3104 nullus
884 3047 1038 3120 alienigena
1065 3045 1104 3100 itii
1193 3055 1960 3139 mucuns,Deidispositionerocatusarchiepiscopus,

299 3143 416 3215 recipiat
436 3141 555 3212 aliquem
583 3138 797 3196 ecclesiasticum
826 3137 958 3204 ordinem,
989 3134 1105 3209 quiailli
1158 3146 1413 3204 dominaeetmotri
1436 3147 1592 3204 reverendae
1618 3149 1766 3209 abbatissae
1778 3154 1919 3227 lienus,
1935 3166 1962 3214 et

300 3233 347 3306 qui
365 3227 623 3302 abepiscopissuis
650 3227 826 3301 repelluntur,
856 3225 1064 3297 illudpergunt,
1080 3231 1107 3278 et
1158 3244 1262 3292 sanetas
1277 3235 1484 3307 congregationi
1498 3235 1537 3290 illi
1561 3239 1727 3309 commissae,
1764 3241 1792 3298 in
1820 3245 1963 3304 sanctitate

301 3318 506 3379 exsecrabiliter
520 3318 552 3375 ed
569 3317 690 3373 diversos
710 3315 819 3373 ordines
847 3321 996 3371 sacrantur.
1013 3313 1106 3371 Veleia
1160 3341 1270 3396 semper
1283 3323 1415 3397 prolicere
1429 3325 1500 3381 etad
1515 3322 1710 3384 beatitudinem
1725 3330 1891 3405 perungere.

300 3420 327 3469 et
343 3418 419 3467 orate
432 3425 483 3481 pro
499 3424 551 3464 nie.

500 3532 672 3589 EPISTOLA
688 3530 826 3591 CXXVIII
841 3530 910 3601 (50).

1119 3420 1144 3484 C
1195 3413 1326 3485 Quamvis
1346 3423 1464 3471 restrum
1492 3425 1616 3472 sanctum
1643 3419 1763 3474 studium
1791 3438 1852 3478 mea
1878 3425 1966 3481 moni·

1164 3506 1236 3561 tione
1252 3520 1305 3560 non
1319 3511 1408 3577 egeat,
1424 3503 1498 3576 cogit
1513 3520 1557 3560 me
1577 3514 1666 3562 tamen
1681 3508 1789 3565 dilectio
1803 3527 1885 3583 quarn
1899 3529 1967 3588 erga

338 3646 461 3690 mm,
475 3646 510 3687 ,n
524 3644 663 3687 numm
683 3644 806 3693 „USQUB
821 3640 1070 3683 mmmmm
1163 3593 1325 3659 rosbabeo,
1341 3600 1367 3648 et
1382 3590 1502 3647 officium
1512 3609 1613 3663 meum,
1625 3602 1653 3650 ut
1663 3596 1742 3652 robis
1756 3597 1859 3670 aliquid
1869 3603 1965 3658 exhor.

302 3725 431 3783 litteras
446 3720 558 3789 caorah
569 3718 821 3777 eodeaideraoerat
832 3719 962 3782 mittens,
974 3716 1109 3773 hortatur
1165 3684 1247 3739 ¹³⁰d⁰
1260 3682 1385 3779 scum·
1402 3682 1577 3779 Cflfllfflifflle
1597 3694 1781 3781 ,Ῑῐξθθὸδθῦῑθΐι
1796 3684 1862 3746 filiae
1875 3698 1964 3788 ⁶¹.³⁰'

340 3800 373 3851 ut
389 3797 531 3851 sinceram
542 3808 609 3861 erpo
622 3807 651 3847 se
662 3790 841 3845 dilectionem
856 3789 889 3843 ιιι
906 3802 1000 3843 uiuere
1015 3787 1066 3843 Dei
1079 3790 1108 3843 ct
1163 3786 1239 3827 I⁰I0³
1254 3786 1322 3825 ¹¹¹⁰ae
1337 3770 1537 3839 ffllecllfflmae,
1558 3786 1655 3843 dultin
1669 3772 1768 3829 ssoelum
1781 3778 1966 3847 proposuistis

340 3868 407 3922 aliis
417 3866 472 3937 piis
487 3863 615 3935 operibus
635 3860 769 3932 {eruenda
789 3861 978 3917 demonstret.
1164 3860 1321 3925 ascendere,
1338 3866 1367 3913 ut
1379 3857 1417 3913 ihi
1445 3858 1566 3931 regnetis
1579 3869 1606 3914 et
1632 3876 1718 3931 regno
1744 3862 1888 3936 gaudeatis
1901 3880 1965 3924 euin

340 3956 491 4011 ansericus
506 3948 881 4020 archiepiscopus,sororihus
891 3947 984 4002 sulsin
999 3946 1107 4002 Christo
1166 3948 1534 4004 Doniinoeteniicorestro
1560 3948 1623 4005 Iesu
1651 3948 1769 4019 Christo,
1798 3954 1843 4026 qui
1864 3954 1967 4014 ibIros

303 4039 608 4101 charissimisDoiniuo
627 4038 769 4093 abbatissae
798 4035 1107 4092 Eriiiaisetomnibus
1165 4044 1345 4109 exspectatet
1363 4036 1547 4109 exspectando
1575 4036 1686 4094 assidue
1713 4039 1811 4097 inritat
1826 4059 1834 4107 ;
1864 4042 1967 4117 quippe

303 4130 495 4199 liliabussuis,
512 4128 624 4184 salutem
649 4134 675 4184 et
696 4126 911 4183 benedictionem
928 4124 1106 4181 Deletsuaiu
1164 4124 1471 4199 quandiuhomoririt,
1500 4134 1547 4181 aut
1573 4128 1695 4184 ascendit
1723 4128 1753 4184 iii
1779 4132 1966 4192 coelumbeoe

304 4236 389 4293 quain
404 4219 485 4275 valet.
1164 4216 1291 4286 uiuendo,
1316 4222 1362 4271 aut
1376 4215 1518 4271 descendit
1532 4214 1560 4270 iii
1583 4216 1718 4273 internum
1744 4219 1816 4276 male
1831 4222 1960 4281 rirendo.

342 4312 395 4367 Per
409 4306 552 4378 quemdam
569 4305 734 4362 servientem
744 4305 827 4378 rogis,
844 4304 889 4377 qui
904 4302 969 4359 mihi
983 4302 1104 4375 elgillum
1165 4304 1194 4361 Si
1208 4321 1275 4378 ergo
1290 4304 1391 4360 adhoc
1405 4304 1479 4376 quod
1500 4306 1678 4376 proposuistis
1702 4307 1783 4363 uultis
1796 4311 1963 4383 pertingere,

304 4400 364 4471 ejus
379 4397 484 4465 detulit,
501 4396 577 4468 potiit
590 4395 702 4453 dilectio
731 4402 830 4465 restra,
860 4394 928 4451 sicut
956 4393 1013 4465 ipse
1027 4392 1104 4461 dixit,
1164 4409 1276 4451 necesse
1289 4401 1330 4449 est
1343 4408 1394 4449 ros
1420 4392 1522 4448 sanctis
1549 4393 1702 4450 actionibus
1728 4396 1794 4453 illac
1808 4398 1885 4469 quasi
1899 4400 1964 4472 qui-

304 4488 406 4547 nostris
419 4486 514 4541 litteris
528 4482 654 4547 salutari;
672 4484 745 4555 quod
761 4483 843 4538 malui
858 4483 949 4539 tacere
963 4498 1013 4553 per
1027 4482 1105 4555 lega·
1165 4483 1279 4538 busdam
1294 4481 1418 4553 passibus
1445 4480 1586 4552 proficere.
1613 4482 1765 4556 Diligenter
1791 4486 1874 4559 igitur
1901 4488 1963 4546 rita

305 4588 363 4636 tum
378 4592 480 4643 meum,
497 4590 578 4647 quern
592 4572 711 4629 sciebam
722 4588 765 4628 me
781 4572 807 4626 iii
822 4572 949 4643 proximo
964 4580 1027 4627 tunc
1042 4571 1105 4625 mis·
1164 4580 1262 4629 restrae
1275 4586 1383 4627 cursum
1398 4569 1534 4637 discutite,
1550 4586 1603 4625 nori
1618 4572 1707 4627 soloni
1721 4574 1749 4628 iii
1763 4574 1900 4645 operibus,
1912 4579 1962 4635 sed

305 4681 401 4723 surum
415 4664 445 4719 in
460 4663 595 4735 hugliam.
612 4662 675 4718 Scio
697 4662 760 4735 quia
788 4660 956 4716 abundando
972 4668 1065 4715 restrae
1079 4667 1105 4715 ct
1163 4670 1189 4718 et
1203 4662 1231 4717 iri
1247 4660 1348 4727 verbis,
1364 4675 1419 4716 non
1433 4660 1520 4715 solani
1540 4658 1568 4714 iii
1583 4659 1625 4715 his
1638 4668 1666 4716 et
1678 4661 1707 4715 iii
1722 4662 1841 4718 minimis
1854 4665 1964 4739 eogita-

306 4754 444 4828 religiosae
473 4750 626 4807 ditectionis
654 4754 705 4807 hoc
734 4750 799 4807 lacit
826 4757 855 4805 ut
882 4750 985 4805 litteras
999 4750 1291 4850 nostrasDtionibus,
1306 4766 1340 4805 ue
1360 4749 1431 4805 torte
1449 4764 1510 4805 curn
1538 4748 1566 4803 iii
1593 4750 1720 4806 omnibus
1734 4752 1776 4806 his
1788 4768 1897 4824 semper
1910 4754 1959 4813 de·

305 4845 427 4901 libenter
441 4840 533 4896 ridere
548 4839 647 4908 uelitis,
663 4848 690 4894 ut
718 4854 779 4894 cum
808 4854 895 4893 incarn
924 4838 1104 4910 praesentiani,
1162 4841 1249 4895 beatis
1262 4854 1371 4895 cursum
1387 4838 1506 4907 tendere,
1529 4838 1632 4909 aliquid
1660 4839 1698 4894 ibi
1725 4840 1964 4915 inueniaturquod

306 4949 389 5007 quam
405 4928 535 5003 religioso
550 4928 646 4984 affectu
662 4927 830 4999 desideratis,
842 4928 991 4983 secundum
1006 4928 1102 4985 volun·
1159 4930 1247 5003 magis
1261 4930 1294 4983 sit
1309 4927 1485 4984 descendere.
1502 4926 1582 4996 Quod
1595 4928 1618 4983 si
1637 4926 1707 4985 bene
1719 4928 1800 4986 ruitis
1813 4933 1960 5005 custodire,

307 5032 390 5080 tatem
406 5027 525 5077 vestram
540 5020 639 5073 babere
654 5034 708 5074 nori
736 5018 855 5089 potestis,
871 5016 967 5073 saltcrii
983 5034 1030 5087 per
1044 5016 1106 5089 epi·
1159 5018 1270 5090 expedit
1284 5025 1313 5073 ut
1334 5032 1444 5087 semper
1470 5015 1539 5071 illud
1566 5016 1692 5088 cogitetis
1719 5019 1794 5093 quod
1821 5021 1961 5080 uerissime

306 5112 401 5170 stolam
418 5124 506 5165 rosam
534 5108 704 5179 aliquatenus
735 5106 812 5161 illam
841 5106 917 5162 robis
945 5106 1104 5174 exhibeatis,
1159 5108 1362 5178 scriptumest:
1380 5106 1434 5173 Qui
1449 5105 1681 5178 modicosperui't
1695 5108 1838 5181 paulatim
1848 5110 1960 5170 maaet

306 5201 425 5257 forsitan
454 5204 482 5253 ut
510 5196 537 5251 in
565 5212 609 5251 me
637 5196 799 5251 memoriani
827 5196 919 5261 vestri,
948 5210 982 5251 ne
998 5196 1107 5267 quaudo
1162 5196 1259 5265 (Ereti.
1272 5200 1375 5265 xix,I).
1391 5193 1443 5262 Qui
1458 5194 1530 5249 enirn
1545 5194 1677 5265 paulatim
1700 5198 1811 5268 decidit,
1827 5214 1960 5272 neopto-

307 5288 473 5355 obdormiat,
490 5285 652 5341 exerceretis
667 5284 729 5357 [al.,
746 5284 889 5357 excitetisl.
908 5284 1028 5357 [leuique
1039 5285 1107 5340 sicut
1160 5285 1227 5353 licit,
1243 5285 1292 5339 sed
1307 5282 1398 5339 deficit
1410 5301 1418 5349 ;
1430 5290 1457 5339 ct
1484 5283 1530 5356 qiii
1558 5282 1660 5353 deficit,
1685 5302 1739 5343 non
1760 5288 1893 5360 escendit,
1908 5292 1958 5349 sed

307 5376 443 5448 scioquia
458 5375 528 5431 bona
543 5373 667 5431 voluntas
686 5382 711 5428 et
726 5372 829 5429 sincera
857 5373 965 5429 dilectio
989 5373 1016 5427 in
1031 5374 1108 5429 robis
1161 5374 1309 5431 descendit.
1339 5374 1396 5430 lloc
1420 5388 1486 5447 ergo
1512 5382 1608 5431 curate
1634 5376 1875 5435 solliciteutaihil
1904 5389 1960 5437 tam

308 5474 385 5540 ergat
395 5480 439 5521 me
451 5479 504 5521 non
514 5462 644 5536 frigescit,
656 5462 693 5518 ite
703 5462 798 5519 scitote
808 5461 870 5533 quia
880 5478 948 5534 erga
962 5478 1011 5517 ros
1026 5462 1053 5516 in
1065 5478 1108 5517 nie
1160 5480 1274 5537 parrum
1289 5462 1323 5518 sit
1337 5464 1411 5533 quod
1438 5464 1474 5519 de
1501 5464 1598 5520 ordine
1623 5472 1715 5521 restro
1740 5466 1787 5523 ubi
1806 5482 1855 5524 ros
1870 5469 1960 5528 ritem

307 5572 361 5613 ιιοιι
379 5553 500 5627 tepescit.
515 5554 546 5607 lii
562 5552 614 5607 hoc
629 5560 718 5607 autern
734 5551 854 5607 maxime
868 5550 932 5608 rolo
948 5567 995 5607 ros
1022 5552 1107 5607 nostri
1161 5555 1275 5626 possitis
1289 5552 1407 5623 violetis,
1423 5560 1449 5609 et
1475 5553 1515 5609 sic
1542 5555 1641 5612 sanctIs
1667 5555 1793 5629 passibus
1806 5557 1834 5613 iii
1849 5556 1959 5633 coelunr,

308 5658 446 5704 memores
461 5660 530 5713 esse,
545 5650 572 5699 et
586 5658 641 5713 nie,
651 5642 721 5699 elcut
740 5640 838 5712 facitis,
857 5642 980 5715 diligere,
996 5651 1024 5699 ιιι
1039 5645 1108 5701 sicut
1162 5644 1233 5719 quod
1248 5644 1351 5700 utinam
1365 5643 1515 5717 adjurante
1526 5644 1594 5717 Deo,
1611 5642 1668 5717 liat,
1684 5647 1843 5708 ascendetis.
1861 5648 1917 5709 Oro
1932 5660 1961 5709 ut

343 5774 400 5843 (ab)
429 5772 506 5827 huno
535 5769 614 5825 root.
631 5768 670 5824 lix
702 5767 785 5825 reteri
813 5766 908 5824 codIce
936 5767 1107 5828 bibliothecae
1161 5768 1326 5826 monasterii.

310 5841 486 5903 solamine.
682 5911 687 5923 ι
829 5910 835 5921 .
994 5912 998 5925 Ι
1196 5840 1256 5924 (57)
1271 5842 1310 5923 [ιιι
1325 5856 1377 5903 ms.
1393 5839 1573 5905 Prutiaccusis
1600 5845 1756 5907 monasterii
1784 5846 1888 5909 oraha
1910 5846 1959 5913 Ci-

344 5914 402 5995 (56)
417 5912 458 5973 lix
472 5910 704 5971 metuarensis
730 5911 861 5971 Ecclesiae
875 5918 901 5972 et
928 5912 1109 5974 Prultacensis
1162 5920 1338 5978 sterciensisr
