4750 6725
333 526 367 585 ιι
979 518 1046 581 trs.
1068 515 1330 593 retrusurus.
1946 534 1984 594 33

333 653 493 710 Consideret
504 660 533 709 et
552 656 679 709 retractet
702 648 844 707 Prudentia
869 657 960 706 restra
980 650 1052 722 quod
1067 650 1132 707 lecit
1145 652 1172 713 A
1187 650 1315 722 deripiat,
1332 666 1366 707 ne
1378 651 1427 707 tibi
1443 654 1571 725 quoniam
1585 654 1612 712 vi
1635 655 1802 713 abstrancrrs
1814 664 1841 713 et
1855 660 1980 719 uoleusa

334 745 370 797 de
380 742 573 811 predictosuo
586 740 720 797 canonico
735 757 744 807 ;
759 747 787 795 ct
800 739 822 794 si
837 737 902 811 quid
916 738 1064 812 lecitquod
1076 757 1135 795 mu·
1187 748 1282 795 sancto
1296 742 1446 811 proposito,
1462 758 1542 813 posse
1573 745 1603 799 in
1628 745 1757 801 clericatu
1783 746 1856 805 licite
1870 758 1897 805 et
1919 752 1979 809 eine

334 831 445 886 undum
460 830 611 901 intelligat.
625 846 680 886 uon
697 844 758 885 eam
774 828 875 899 pudeat
891 829 983 885 lacere
996 828 1135 901 qoodma-
1187 828 1278 899 culpa,
1298 837 1327 883 ut
1340 829 1415 886 olim.
1431 847 1593 901 permanere
1608 834 1783 905 persuadeat.
1799 836 1896 893 Certus
1910 849 1978 911 esto,

335 920 379 993 gis
392 922 502 975 deceat.
521 920 583 974 Non
593 919 666 973 enim
675 917 745 973 adeo
753 916 918 982 mirandum,
931 917 1050 973 sisuhito
1059 923 1135 973 motu
1188 916 1358 985 charissime,
1370 921 1431 989 quia
1447 920 1616 977 nullomodo
1643 922 1696 978 hoc
1723 932 1809 995 potest
1836 926 1927 985 anima
1938 938 1981 986 tua

334 1010 371 1065 de
384 1016 438 1064 tam
453 1008 559 1063 strenui
572 1006 821 1063 clenciamissione
832 1005 934 1075 aliquid
945 1021 1000 1061 non
1016 1022 1136 1076 prame·
1188 1004 1246 1061 siue
1261 1006 1302 1061 sui
1317 1007 1508 1077 reprobatione
1523 1012 1678 1081 suscipere,
1708 1012 1833 1081 quamvis
1855 1016 1908 1073 hoc
1921 1019 1983 1089 epi-

335 1097 420 1153 ditate
436 1096 559 1162 lecistis;
574 1096 623 1151 sed
633 1096 686 1151 hoc
695 1094 778 1151 valde
787 1102 830 1151 est
845 1094 1024 1161 laudandum,
1039 1096 1061 1149 si
1077 1111 1137 1149 mu·
1191 1094 1266 1163 scopi
1281 1096 1322 1149 sui
1336 1097 1494 1153 auctoritate
1506 1096 1571 1153 velit
1598 1097 1753 1155 defendere.
1771 1102 1894 1159 Christus
1908 1107 1984 1165 enirn

338 1184 402 1242 tatis
415 1185 490 1258 quod
504 1185 665 1239 mutandum
686 1182 847 1255 intelligitis.
863 1182 957 1238 Saluto
970 1182 1099 1239 dominos
1111 1190 1138 1237 et
1191 1182 1273 1238 dicit:
1288 1184 1372 1239 Nemo
1382 1186 1502 1241 mitterer
1516 1202 1636 1243 murrum
1654 1202 1735 1243 suum
1750 1190 1787 1245 od
1800 1196 1944 1263 aratrum,
1955 1200 1984 1252 ct

339 1274 445 1331 amicos
454 1272 719 1329 nosncseauonicos
729 1271 1042 1343 vestros,quosetiamsi
1051 1272 1139 1344 singu·
1191 1273 1269 1327 retro
1280 1271 1432 1343 respiciens
1446 1276 1531 1343 optas
1546 1278 1588 1329 ert
1602 1289 1686 1345 repeto
1700 1276 1834 1333 coelcrum
1849 1282 1924 1350 (Luc.
1941 1296 1982 1352 rx,

339 1359 1139 1435 lusncnccgnovi,omncstamendiligaetomnihnsscr-
1193 1358 1252 1430 62).
1272 1359 1347 1414 lleus
1362 1366 1408 1414 tua
1420 1360 1454 1414 ab
1471 1370 1562 1417 aratro
1586 1362 1684 1417 Christi
1706 1371 1777 1420 retro
1798 1368 1918 1440 respicit,
1933 1371 1955 1425 si
1970 1386 1986 1427 a

339 1453 401 1507 ,ire
415 1448 448 1479 n·
472 1450 560 1507 volup,
572 1448 648 1519 Quo,
657 1464 753 1505 omnes
762 1448 903 1505 vobiscum
914 1448 1031 1521 supplex
1043 1462 1140 1518 precor
1192 1447 1345 1517 proposito,
1361 1448 1396 1503 ad
1415 1448 1488 1520 qood
1504 1457 1529 1505 tc
1546 1450 1653 1505 vocarit
1668 1451 1798 1520 Christus,
1814 1462 1840 1509 et
1854 1457 1926 1528 quod
1940 1457 1986 1513 in·

338 1540 379 1612 (i)
393 1547 422 1595 at
435 1540 672 1596 consecrationem
686 1554 785 1601 meam,
802 1552 863 1607 quae
877 1537 906 1591 iu
921 1536 1139 1608 liominicalqua
1192 1534 1296 1605 cepisti,
1316 1534 1408 1607 aliqua
1423 1537 1567 1593 occasione
1586 1539 1752 1608 tepescendo
1780 1540 1882 1598 delicit.
1913 1545 1987 1603 Sicut

338 1633 468 1685 cantatur
483 1626 898 1701 PopulurSicrr)ordinataest,
919 1626 977 1682 lieo
990 1634 1137 1691 aunuente,
1192 1622 1399 1694 enimepiscopi
1427 1632 1538 1682 servent
1564 1625 1615 1680 sihi
1640 1628 1838 1697 auctoritatem,
1866 1634 1985 1703 quandiu

338 1717 411 1785 lieri,
433 1716 493 1774 auis
520 1716 697 1783 orationihus,
720 1730 775 1771 non
797 1713 864 1770 meis
885 1714 998 1782 meritis,
1018 1714 1068 1770 sed
1092 1729 1139 1769 sua
1192 1712 1357 1767 concordant
1371 1712 1489 1768 Christo.
1513 1713 1548 1767 ita
1563 1713 1612 1785 ipsi
1627 1714 1678 1769 sihi
1705 1731 1765 1771 cam
1779 1718 1910 1789 adimunt,
1926 1737 1987 1776 curn

336 1806 475 1862 charitate
487 1806 665 1877 praeveniant.
685 1802 868 1875 Omnipotens
886 1803 1016 1858 Dominus
1031 1802 1072 1858 sic
1089 1816 1139 1858 ros
1192 1798 1349 1856 discordant
1374 1801 1524 1857 aChristo.
1556 1802 1651 1859 Omnis
1675 1804 1817 1876 episcopus
1844 1808 1890 1877 qui
1903 1808 1988 1866 hahet

336 1912 429 1968 usque
442 1895 472 1951 in
485 1893 568 1951 tinen
590 1892 673 1964 hujus
694 1894 757 1950 vitm
780 1889 811 1921 ¹¹⁸
826 1892 926 1965 diriget
946 1901 973 1947 et
993 1890 1137 1954 custodiat,
1192 1902 1287 1945 vocem
1302 1890 1410 1957 Christi,
1427 1890 1550 1946 Christus
1562 1897 1601 1947 est
1616 1899 1642 1947 et
1655 1907 1721 1949 ores
1735 1893 1811 1949 illum
1825 1912 1995 1969 sequuntur,

334 1994 369 2041 nt
381 1993 444 2056 post
464 1986 538 2040 hauc
565 1982 649 2039 vitam
675 1990 808 2038 aetemam
835 1980 1027 2037 beatitudinem
1056 1978 1177 2065 vohisB
1194 1977 1255 2049 quie
1271 1978 1359 2033 sciunt
1368 1994 1462 2033 vocem
1476 1980 1548 2050 ejus.
1567 1981 1640 2053 Lege
1654 1981 1682 2035 iu
1696 1982 1847 2055 Evangelio
1858 1995 1921 2057 post
1928 1986 1988 2045 hmo

337 2072 483 2129 retribuat.
496 2072 621 2145 Sigillum
641 2072 700 2128 haec
722 2071 834 2143 epistola
849 2084 903 2125 non
926 2069 1018 2137 hahet,
1032 2068 1096 2141 quia
1110 2078 1138 2124 et
1192 2067 1296 2123 rerba:
1313 2068 1444 2123 Alienum
1454 2084 1512 2125 noc
1522 2072 1692 2141 sequuntur,
1705 2070 1754 2127 sed
1767 2074 1885 2144 sopiunt
1895 2073 1928 2131 ob
1943 2090 1983 2145 eo,

337 2162 427 2218 abhas
438 2162 499 2231 J'am
514 2176 568 2218 nou
581 2168 685 2226 sum,et
694 2159 915 2231 archiepiscopus
929 2158 1049 2215 ucadum
1064 2174 1135 2224 aum,
1189 2156 1325 2227 quianon
1334 2160 1474 2213 nouerant
1484 2172 1575 2213 uocem
1586 2158 1747 2215 alienorum
1757 2159 1848 2231 (loon.
1859 2164 1926 2236 mli)
1942 2162 1984 2221 ¹''.

334 2266 389 2307 nec
403 2266 449 2306 me
464 2250 581 2306 deletur
595 2250 673 2322 pingi
688 2246 762 2322 quod
773 2263 829 2303 non
841 2263 914 2303 sum.
1191 2240 1220 2301 si
1241 2244 1393 2316 persecutio
1415 2246 1536 2315 corporis
1559 2245 1689 2318 fugienda
1707 2256 1750 2303 est
1772 2248 1806 2305 de
1829 2250 1938 2309 civitate
1957 2253 1985 2309 in

582 2353 755 2412 gppspogg
766 2354 833 2409 xpp
855 2351 899 2409 ιιι,
1191 2332 1337 2401 civitatem,
1353 2342 1454 2405 quanto
1475 2333 1564 2406 magis
1574 2336 1729 2403 persecutio
1741 2335 1865 2395 animat
1879 2344 1920 2396 Aa
1931 2357 1986 2397 non

369 2470 494 2512 ,mm
507 2470 545 2509 A„
558 2467 756 2511 ,mmm
775 2466 921 2507 mmm
934 2464 1107 2507 mmm
1192 2429 1233 2477 est
1251 2421 1348 2477 animae
1369 2420 1499 2494 fugienda
1517 2424 1677 2493 persecutio,
1696 2426 1816 2481 animam
1838 2427 1985 2498 prohibere

664 2536 813 2578 acoaasra.
1192 2511 1269 2582 sequi
1283 2510 1382 2566 Christi
1395 2510 1563 2566 consilium‘i
1577 2512 1669 2567 Amice
1679 2514 1848 2580 charissime,
1865 2515 1889 2571 si
1902 2519 1986 2575 multa

341 2617 378 2675 tlt
389 2617 542 2688 arreptam
559 2613 627 2669 oitoe
645 2612 809 2667 monasticae
827 2612 1004 2683 propositum
1021 2614 1138 2667 strenue
1192 2614 1247 2655 non
1261 2598 1377 2671 legisses
1397 2606 1423 2653 et
1439 2599 1602 2655 rationabilis
1616 2599 1720 2673 ingenii
1735 2618 1792 2657 uon
1804 2620 1891 2669 esses,
1902 2608 1987 2663 multa

638 2687 834 2755 persequatur.
1193 2688 1241 2745 tihi
1256 2686 1385 2753 dicerem,
1401 2695 1430 2742 ut
1444 2703 1527 2759 qirsm
1541 2687 1642 2743 bonurn
1657 2690 1692 2744 sit
1706 2690 1780 2765 quod
1805 2691 1941 2765 incepisti,
1958 2704 1985 2753 et

375 2774 511 2841 Domino,
527 2772 658 2829 etamico
678 2770 841 2827 charissimo
859 2770 1059 2838 winierium,
1074 2769 1138 2825 olim
1193 2792 1275 2850 quam
1304 2775 1405 2832 malum
1421 2776 1444 2831 si
1471 2777 1506 2831 ab
1533 2776 1641 2848 incepto
1665 2776 1768 2847 delicis,
1795 2784 1982 2841 ostenderem.

340 2863 447 2919 cantori
461 2860 625 2917 Parisiensis
635 2858 777 2925 Ecclesiae,
793 2858 878 2914 irater
890 2861 1038 2915 iussurus
1047 2858 1139 2915 archi·
1193 2865 1315 2921 Breviter
1329 2863 1402 2934 dico,
1418 2865 1485 2920 nihil
1498 2864 1631 2921 salubrius
1652 2866 1761 2937 potuisti
1774 2868 1905 2941 incipere,
1919 2873 1987 2929 nihil

339 2950 487 3023 episcopus
501 2948 672 3006 Cantuariae:
687 2964 796 3021 semper
808 2949 843 3003 ad
858 2947 975 3004 meliora
996 2946 1138 3020 proficere,
1194 2954 1374 3025 periculosius
1388 2962 1464 3024 potes
1479 2953 1645 3023 relinquere.
1678 2955 1755 3011 Nihil
1769 2956 1853 3030 igitur
1879 2972 1987 3031 separet

340 3048 369 3095 et
381 3054 522 3111 nunquam
537 3035 666 3094 delicere.
1194 3044 1314 3099 animam
1327 3050 1423 3097 tuama
1434 3042 1575 3113 proposito
1586 3044 1757 3111 monachico,
1770 3047 1843 3117 quod
1852 3046 1987 3119 incepisti.

376 3128 487 3195 Audiri,
503 3126 590 3183 amice
608 3125 781 3196 charissime,
803 3124 849 3197 qui
877 3124 1045 3196 propositum
1072 3140 1139 3181 san·
1193 3131 1268 3201 Lege
1282 3130 1308 3186 in
1322 3131 1440 3187 coneilio
1456 3129 1587 3185 Toletano
1595 3139 1693 3201 quarto
1707 3134 1741 3188 de
1751 3133 1859 3191 clericis
1869 3139 1988 3208 petenti·

340 3222 394 3276 cta
405 3214 624 3299 conversationis
634 3215 744 3287 eligens
753 3214 946 3270 monasterium
961 3214 1141 3271 sanclishlar-
1194 3219 1246 3275 bus
1261 3218 1341 3275 vitam
1357 3218 1553 3286 monachicam,
1570 3227 1598 3274 et
1608 3220 1637 3275 in
1651 3220 1720 3277 lihro
1734 3238 1781 3278 xiv
1794 3223 1913 3296 Regisrri
1927 3227 1988 3298 epi.

342 3305 392 3363 tiui
406 3305 459 3362 sub
473 3304 639 3361 clarisssimo
648 3303 736 3359 amico
747 3318 808 3358 mco
819 3302 920 3359 domno
930 3302 1023 3374 priore
1031 3303 1141 3361 Ursone
1195 3308 1292 3366 stolam
1311 3308 1345 3363 ad
1360 3306 1526 3364 Desiderium
1550 3308 1719 3382 episcopum,
1747 3310 1782 3367 de
1804 3312 1903 3370 clerico
1918 3314 1989 3374 lacto

341 3396 484 3468 ingressus
499 3393 600 3461 ineras,
614 3401 642 3448 et
656 3393 737 3449 raldo
761 3392 796 3447 de
810 3399 885 3447 tanto
904 3391 976 3448 hono
990 3392 1069 3449 amici
1084 3393 1139 3449 mci
1154 3357 1180 3424 c
1196 3400 1340 3455 monacho.
1354 3395 1532 3470 Omnipotens
1552 3397 1683 3454 Dominus
1691 3399 1794 3474 dirigat
1804 3409 1831 3458 et
1855 3405 1988 3462 corrobo-

343 3484 453 3540 leuans
466 3498 537 3538 sum.
548 3481 602 3539 Sed
618 3489 714 3552 postea
725 3480 811 3537 didici
826 3478 892 3551 quia
906 3481 1040 3537 Dominus
1053 3491 1144 3538 noster
1196 3495 1247 3555 ret,
1263 3497 1289 3544 et
1298 3486 1450 3544 consoletur
1463 3502 1511 3542 cor
1522 3495 1607 3542 tuum.
1618 3489 1714 3544 Amen.

343 3572 490 3644 episcopas
504 3578 567 3626 tuus
582 3574 608 3624 tc
622 3569 686 3625 inde
705 3569 732 3625 ri
746 3569 903 3638 retraxerit,
918 3575 946 3624 et
960 3569 1042 3624 tristis
1055 3569 1143 3628 iactos
1375 3577 1455 3645 371
1483 3590 1652 3648 gppspogg
1678 3593 1742 3648 χιιι
1762 3592 1806 3650 1⁸⁸,

344 3677 417 3718 aum.
434 3660 470 3714 lit
482 3659 610 3731 quoniam
626 3659 795 3714 honestatem
815 3663 904 3725 tuam,
929 3658 963 3713 da
978 3658 1057 3729 cujus
1071 3660 1139 3716 dile·
1426 3703 1547 3744 mm,
1564 3704 1601 3743 A„
1618 3705 1760 3749 mom·

343 3751 436 3806 ctione
450 3756 543 3805 certus
556 3762 616 3803 sum
631 3747 690 3802 sine
704 3745 837 3846 figmento
852 3745 934 3847 dilexi
949 3747 1084 3847 5².‘¹i¹i⁸⁰'
1101 3765 1143 3804 re·
1199 3782 1233 3839 m
1248 3779 1379 3835 Eodem
1392 3779 1523 3834 ΜΝΞ
1535 3778 1713 3848 proficiam
1732 3780 1852 3839 domum
1869 3781 1990 3842 Guma-

342 3837 489 3911 prehendit
517 3851 578 3892 ⁰¹³²
599 3834 631 3865 ¹⁸¹
647 3843 821 3900 ⁰0⁰⁸⁰¹⁰¹¹¹¹82
847 3851 872 3890 ⁸¹
894 3843 920 3890 20
936 3845 1047 3892 ”stistte
1074 3836 1143 3892 meli
1234 3865 1297 3906 mos
1307 3852 1370 3922 jum
1384 3865 1413 3904 re
1431 3848 1607 3921 respondisse
1621 3849 1775 3921 significat,
1791 3859 1819 3908 et
1834 3855 1990 3913 Ecclesiam

343 3927 445 3983 litteris
465 3933 493 3982 et
512 3940 563 3996 pro
581 3924 764 3996 possibilitate
784 3938 847 3980 mea
869 3924 901 3978 in
924 3931 999 3980 tanto
1022 3926 1144 3996 periculo
1234 3921 1474 3988 Becccrrsemeius
1490 3920 1629 3976 charitati
1641 3923 1833 3980 commendat.

342 4015 394 4071 tihi
407 4014 551 4071 consulere
566 4013 728 4069 charitative
746 4027 801 4070 nou
826 4011 932 4068 studeo.
963 4011 1057 4068 Timeo
1071 4013 1143 4070 euim
1234 4010 1352 4067 Domino
1365 4018 1392 4064 et
1406 4009 1494 4066 amico
1519 4008 1681 4065 charissimo
1700 4010 1819 4083 Funonr,
1834 4013 1919 4072 irater
1930 4017 1992 4072 lu-

343 4121 379 4160 ne
393 4103 498 4160 diaholi
517 4102 654 4160 calliditas
678 4102 798 4158 animam
828 4109 899 4158 tuam
926 4101 1055 4158 dilectam
1078 4103 1144 4158 mihi
1199 4115 1305 4160 sauros
1322 4116 1329 4154 :
1345 4099 1459 4155 salutem
1473 4109 1500 4156 et
1513 4097 1608 4155 fideles
1620 4100 1767 4158 orationes.

998 4199 1119 4255 VARLAE
1138 4196 1342 4258 [ECTIONES.

380 4288 535 4361 u'liiligere
545 4295 572 4344 et
588 4287 696 4344 servire
709 4304 777 4344 mss.
787 4291 816 4344 et
825 4287 899 4344 Edit.
911 4287 1027 4348 illicere
1037 4295 1065 4342 et
1074 4289 1204 4344 omnihus
1221 4287 1322 4344 servire
1332 4285 1442 4341 mclid.
1456 4284 1541 4358 diligo
1552 4286 1713 4342 etomnihns
1723 4287 1839 4344 servire.
1850 4339 1851 4346 ,
1864 4287 1992 4349 ¹”l'inem

344 4361 408 4416 aiter
418 4377 473 4416 mr.
485 4359 536 4415 Bd.
547 4364 575 4415 et
586 4359 661 4415 lidii.
672 4358 752 4414 finem
765 4358 845 4428 hujus
860 4360 931 4415 vitm.
947 4357 1092 4416 ΙΙ’(Ξοὶἱιιιιι
1101 4376 1166 4417 cum
1185 4359 1292 4416 duobus
1310 4372 1375 4412 mss.
1392 4357 1498 4413 licito
1509 4359 1834 4429 crocodicecompoctis.
1852 4356 1992 4432 ¹⁸¹llepre-

342 4431 440 4487 hendit
455 4446 516 4485 mea
530 4446 598 4486 msc.
616 4430 790 4501 reprehendit
805 4445 849 4485 me
863 4445 934 4485 mea.
956 4428 1056 4484 ¹⁸¹l’ost
1071 4432 1130 4489 haec
1145 4433 1244 4487 rerba:
1260 4429 1381 4484 alienum
1396 4442 1449 4482 non
1459 4437 1618 4496 sequuntur,
1634 4428 1683 4483 sed
1699 4427 1805 4501 lugiunt
1818 4432 1853 4485 ab
1867 4447 1912 4494 eo,
1928 4433 1993 4504 quia

345 4518 402 4558 non
417 4509 556 4558 novenrnt
568 4516 663 4556 rocem
679 4501 846 4556 alienorum.
859 4501 887 4556 Si
902 4517 970 4556 mss.
985 4507 1046 4568 post
1061 4501 1120 4558 haec
1135 4504 1235 4571 verum
1260 4515 1340 4571 quem
1355 4513 1409 4552 non
1424 4506 1574 4568 sequuntur
1586 4514 1663 4554 oves.
1679 4499 1722 4562 El.
1738 4503 1814 4564 tulus
1829 4517 1922 4557 vocem
1937 4518 1991 4559 uon

344 4581 492 4630 noverunt.
509 4571 538 4628 Si
561 4569 706 4628 ¹⁸'Ccltctc
729 4587 795 4629 cum
807 4587 864 4629 uno
878 4588 916 4629 ex
930 4572 1036 4628 duodus
1044 4575 1175 4644 proefotis
1191 4567 1410 4644 exemplaribus
1424 4571 1456 4625 in
1466 4569 1561 4626 codice
1570 4585 1623 4626 mr.
1636 4569 1723 4640 lidio
1737 4573 1901 4644 compactis.

949 4667 1098 4726 torridis
1118 4670 1257 4726 rlcnnol
1274 4667 1386 4724 NOTAE.

383 4760 422 4829 (l)
437 4759 470 4817 Ut
484 4758 726 4815 consecrationem
740 4774 844 4822 meum,
858 4775 920 4844 quoe
938 4759 970 4813 in
986 4758 1144 4825 Dominlco,
1162 4759 1187 4819 D
1202 4759 1309 4830 ltogero
1334 4753 1493 4822 lloredeno,
1524 4756 1603 4813 Tom.
1639 4753 1861 4829 Walsiuglramo,
1898 4757 1994 4816 ldatth.

347 4847 404 4902 quo
415 4829 1145 4899 cantanturPopulosSiou,ordtcotoert,etc.llaec
1201 4831 1292 4883 Paris.
1312 4828 1371 4883 Nou
1387 4836 1447 4882 sunt
1462 4827 1543 4898 igitur
1561 4825 1689 4882 audiendi
1705 4827 1798 4882 llatth.
1830 4827 1947 4888 Palmer.
1967 4832 1995 4885 in

348 4911 390 4956 est
407 4899 841 4969 Dominicasecundaddrentns,
856 4915 997 4972 quaecum
1012 4899 1146 4956 hocanno
1201 4900 1284 4955 addit.
1297 4899 1331 4954 nd
1346 4898 1499 4954 chronicon
1520 4898 1631 4953 llusehii
1653 4897 1789 4964 scribens,
1806 4914 1877 4954 anno
1899 4905 1991 4957 idid:

350 4969 522 5027 incideritis
536 4972 552 5025 l
568 4970 701 5026 Decemh.
720 4987 767 5026 seu
783 4972 856 5043 prid.
871 4971 943 5026 Non.
960 4971 1103 5038 liecemh,
1118 4979 1147 5027 ut
1201 4971 1344 5028 Anselmus
1367 4967 1569 5025 cantuariensis
1592 4970 1737 5040 episcopus
1760 4970 1879 5026 bonitate
1893 4971 1954 5028 vila
1968 4981 1994 5028 et

348 5042 497 5097 anselmus
517 5040 645 5110 designat
672 5041 750 5113 epist.
773 5045 806 5096 ts
829 5040 962 5112 sequenti,
990 5043 1147 5097 necessario
1202 5042 1228 5097 iu
1252 5042 1304 5096 enii
1323 5040 1447 5095 acumine
1470 5041 1554 5096 claret
1582 5041 1610 5094 iu
1638 5041 1744 5112 Anglia.
1773 5041 1831 5096 Nec
1858 5041 1993 5114 Georgius

349 5112 440 5183 prima
457 5110 600 5168 Dominicc
611 5112 749 5168 Adventus
759 5113 897 5168 celebrata
908 5119 949 5168 est
962 5112 996 5167 it
1012 5111 1146 5174 Noremh.
1203 5059 1285 5167 tritus
1300 5111 1327 5167 id
1342 5110 1451 5166 tradens
1465 5125 1536 5165 anno
1550 5113 1634 5174 10953
1651 5112 1735 5166 multo
1751 5112 1841 5166 minus
1855 5111 1993 5184 Sigislrer-

349 5198 404 5253 qno
418 5181 556 5252 principio
571 5182 712 5239 Adventus
734 5183 837 5239 uallum
865 5184 947 5238 hahet
974 5184 1063 5248 altius,
1080 5183 1150 5239 sicut
1203 5183 1332 5238 tussiens
1346 5197 1416 5236 anno
1437 5181 1505 5235 lost
1528 5180 1680 5237 Lanlrauco
1699 5181 1825 5239 defuncto
1838 5185 1994 5241 dnselmum

349 5269 403 5310 uec
419 5251 535 5307 interius
555 5267 584 5306 ιιι
602 5254 673 5309 Non.
693 5255 823 5311 Decemh.
847 5255 944 5311 Pridie
966 5270 1031 5324 erpo
1057 5253 1149 5310 Nonas
1203 5254 1367 5311 successisse
1390 5253 1418 5307 iu
1445 5253 1587 5319 presulatu
1613 5253 1810 5310 cantuariensi.
1836 5256 1896 5310 Non
1918 5263 1991 5324 sunt,

353 5323 524 5387 Decembris,
533 5324 865 5397 Anselmasquircnctur
873 5325 1028 5387 uerteret
1036 5329 1148 5392 merito,
1204 5325 1326 5395 inquam,
1341 5323 1479 5385 audiendi,
1495 5339 1529 5380 ec
1550 5323 1687 5394 imprimis
1701 5324 1851 5380 Palmerius
1867 5340 1874 5392 ;
1890 5333 1994 5382 tanturn

351 5411 390 5451 es·
403 5395 527 5464 confinio
539 5395 708 5465 lturpuudioe
717 5402 798 5452 ortus
811 5397 890 5452 Bccri
899 5396 1052 5452 moncellos
1065 5399 1093 5450 et
1103 5411 1150 5451 se·
1196 5395 1275 5452 'enim
1290 5395 1369 5449 abest
1384 5400 1411 5448 ut
1421 5394 1633 5449 Auselmustum
1642 5395 1668 5448 in
1679 5396 1776 5466 Anglia
1790 5395 1917 5456 clareret.
1928 5413 1994 5452 cum

352 5466 568 5530 sandarachae,
579 5467 1027 5538 postecdoctuorioearcliiepisco
1048 5480 1152 5523 uecors·
1205 5483 1238 5521 ne
1254 5465 1363 5536 quidem
1377 5465 1500 5536 degeret.
1520 5466 1589 5520 Nam
1601 5483 1634 5520 ex
1650 5464 1708 5520 Lilii
1718 5467 1907 5537 supputatione
1922 5467 1996 5523 isest

352 5542 485 5592 secratur
504 5540 547 5591 cst
566 5553 584 5590 c
607 5536 746 5594 Wolelino
770 5539 959 5594 Wiotoniemi
976 5541 1003 5592 et
1020 5481 1151 5592 domitio
1199 5553 1293 5594 annus
1308 5536 1427 5592 defuncti
1444 5535 1604 5601 lichanon
1629 5536 1684 5592 imo
1702 5536 1750 5591 illa
1764 5537 1857 5592 ultima
1872 5538 1994 5608 ejusdem

350 5607 544 5662 londoniensi
556 5607 703 5732 episcrffir.
720 5608 766 5664 llis
779 5610 853 5663 anim
868 5606 1064 5664 verbistahulae
1078 5605 1152 5662 Can·
1206 5608 1379 5678 agritudinc,
1396 5608 1537 5662 Anselmus
1558 5613 1617 5662 erat
1637 5608 1714 5663 Becci
1740 5608 1769 5662 in
1785 5608 1992 5674 Northmanuia,

353 5679 509 5734 tuarieuses
523 5679 618 5733 main
660 5679 805 5736 ibliotheca
820 5679 914 5736 Sancti
938 5676 1050 5733 lictoris
1071 5677 1153 5732 l‘uri-
1207 5687 1236 5736 ut
1252 5679 1334 5748 liquet
1346 5695 1381 5733 ex
1395 5683 1476 5747 epist.
1495 5681 1528 5732 53
1542 5676 1661 5732 lihuad
1673 5679 1996 5734 eumdemlectodecum·

345 5748 586 5803 'sienaisrecitant
601 5749 1153 5820 Ansclmiinaugurationemquaecodem
1207 5749 1317 5805 bentem
1332 5765 1365 5804 ex
1388 5750 1555 5820 dysenteria.
1585 5749 1713 5820 sigiberti
1737 5758 1763 5804 ct
1786 5749 1854 5818 hilii,
1877 5763 1995 5804 errorem

353 5833 437 5885 anno,
452 5816 581 5874 uidelicet
596 5819 664 5874 tuos
685 5820 756 5876 lacta
770 5830 821 5892 est,
837 5837 892 5892 quo
919 5823 1017 5885 electo,
1032 5829 1154 5878 asserto-
1209 5819 1370 5892 prodidisse,
1385 5821 1486 5877 vicisse
1501 5827 1539 5874 est
1550 5819 1663 5874 aliorum
1680 5819 1849 5886 testimoniis,
1865 5819 1912 5890 qui
1926 5818 1996 5876 Ead-

353 5889 432 5947 rilrus
451 5887 583 5945 Badmer.
607 5889 659 5944 lib.
685 5906 707 5947 u
733 5892 801 5949 vitm
819 5891 945 5962 ejusdem
964 5889 1155 5964 llalmcsher.,
1208 5907 1313 5948 merum
1322 5890 1448 5950 dnselnd
1461 5889 1644 5948 convictorem
1657 5890 1743 5948 secuti
1756 5896 1832 5946 sunt.
