4750 6725
342 611 391 677 sot
882 597 1371 681 nmsr.sncms'r'omnnsns.
1936 626 1989 699 tos

334 747 452 805 aientem
465 762 569 823 mugno
583 750 687 822 gaudio
700 757 728 805 et
741 751 844 805 honore
857 752 1024 818 susceptum,
1035 754 1132 802 etcum
1145 747 1176 808 Α
1196 747 1340 820 Augustini
1354 748 1511 822 Scotlsudo,
1528 754 1675 827 (inllustro,
1686 771 1746 831 post
1774 762 1846 820 lacto
1874 766 1986 825 [tolensi

332 840 439 910 mujore
454 838 575 909 tripudio
589 846 616 893 et
630 836 818 920 exsultatione,
830 835 1127 893 donecmibivelletuit
1181 836 1321 908 episcopo,
1337 854 1398 893 curn
1414 848 1469 897 toto
1482 846 1676 901 monachorum
1705 850 1815 920 agmine
1841 854 1981 927 utriusque

332 928 477 985 vobiscum
491 926 625 996 morundi,
645 927 766 981 habitum
780 940 812 981 nc
824 925 973 981 detentum.
994 925 1070 981 Undo
1085 940 1131 982 vo
1182 925 1321 993 Ecclesiae,
1338 937 1436 985 nostrae
1451 931 1554 987 scilicet
1582 950 1643 1005 quae
1661 943 1702 991 est
1730 938 1829 997 Christi
1856 944 1978 1002 cantuu-

331 1017 378 1073 bis·
393 1018 535 1087 hucusque
549 1016 687 1088 pretiosus
700 1014 798 1082 existo,
822 1021 850 1069 et
877 1014 967 1069 miuus
994 1013 1129 1085 gnutiosus
1182 1012 1287 1083 niensis,
1306 1024 1332 1072 et
1350 1017 1536 1075 riciuaeuobis
1554 1020 1695 1079 beatorum
1706 1030 1892 1097 apostolorum
1913 1036 1983 1091 Petri

331 1122 378 1162 cro
392 1106 458 1161 dum
472 1105 500 1160 in
519 1104 576 1160 vitu
589 1104 719 1176 praesenti
735 1102 863 1159 subsisto.
878 1103 947 1159 Dum
962 1102 1046 1174 igitur
1070 1103 1130 1158 tulis
1182 1108 1210 1157 et
1230 1102 1315 1173 Pauli,
1338 1120 1399 1175 quae
1414 1107 1521 1163 usitatio
1541 1110 1650 1167 nomine
1669 1115 1720 1170 hoc
1738 1124 1861 1188 tempore
1884 1122 1983 1179 dicitur

331 1196 381 1250 sim
396 1204 424 1251 et
436 1194 472 1249 de
483 1192 746 1263 jureessedebeum
761 1207 830 1264 erge
844 1207 905 1261 ros,
934 1191 1002 1247 uuili
1024 1192 1128 1246 miron·
1182 1189 1255 1245 beati
1273 1191 1428 1263 Augustini,
1447 1198 1600 1255 coulluente
1627 1201 1660 1257 ad
1681 1202 1733 1259 hoc
1753 1205 1894 1265 innumera
1912 1213 1984 1269 viro·

331 1283 396 1339 dnm
410 1283 544 1352 existimo,
560 1282 582 1337 si
594 1290 715 1337 restrum
729 1282 861 1337 bonorem
872 1277 1039 1353 diltgcsies
1067 1296 1130 1350 quae
1184 1294 1243 1333 rum
1265 1293 1299 1336 uc
1324 1282 1469 1338 mulierum
1496 1286 1677 1357 multitudine,
1703 1294 1749 1363 qui
1775 1312 1875 1355 Omnes
1906 1300 1983 1357 illum

332 1372 412 1429 vobis
425 1371 579 1427 conducunt
593 1369 728 1441 approbo,
739 1368 761 1423 si
775 1368 894 1441 denique
904 1382 937 1424 es
963 1384 1023 1438 qus
1048 1368 1130 1424 robis
1184 1367 1322 1424 ooelestem
1367 1371 1523 1429 tbesuurum
1555 1391 1617 1432 cum
1659 1379 1762 1452 ingenti
1798 1388 1982 1447 modulamine

331 1460 508 1535 opprobrium
522 1467 656 1532 generunt
670 1460 790 1514 detestor
797 1458 973 1529 etimprobo.
986 1458 1045 1514 Nec
1058 1458 1130 1513 euim
1183 1457 1259 1513 vocis
1269 1458 1395 1526 solubilo
1408 1462 1499 1517 cordis
1508 1466 1738 1537 usqnesdlocnm
1757 1488 1810 1543 quo
1830 1479 1983 1537 reconden-

332 1550 414 1607 aliter
426 1549 498 1605 lidus
509 1552 612 1605 umtcus
626 1562 725 1615 essem,
747 1562 797 1603 nec
825 1546 952 1602 instemae
976 1546 1131 1602 dilectionis
1184 1543 1235 1599 dns
1245 1553 1303 1601 emt
1313 1550 1447 1617 prosecuti
1464 1558 1536 1619 sunt,
1548 1560 1574 1607 et
1584 1554 1656 1609 diem
1679 1556 1754 1613 illum
1777 1559 1879 1617 divinis
1896 1566 1980 1621 miru-

332 1638 423 1712 legem
437 1653 549 1695 seruere
562 1636 617 1692 dici
638 1636 776 1693 veraciter
803 1650 922 1707 possem.
946 1633 1026 1704 Quod
1049 1650 1130 1705 quum
1183 1634 1426 1692 culisillustrstum
1447 1637 1537 1693 laetum
1548 1648 1629 1711 atque
1639 1642 1790 1703 solemnem
1808 1664 1980 1725 peregerunt.

331 1744 416 1802 grave
430 1727 520 1783 vidoni
533 1724 841 1783 debeuthristisuosd
856 1740 971 1797 regnum
993 1723 1042 1779 Dei
1067 1738 1131 1796 per·
1183 1724 1263 1779 Nunc
1274 1722 1328 1793 (33)
1341 1725 1431 1781 antem
1439 1724 1544 1783 effluxis
1555 1729 1752 1804 quinquaginta
1761 1740 1850 1805 suuis,
1871 1756 1907 1796 ex
1926 1760 1979 1813 quo

331 1819 424 1875 venire
437 1815 550 1883 volenti,
566 1814 682 1870 ,dmm
706 1813 751 1885 qui
778 1812 862 1869 heato
890 1812 1016 1884 apostolo
1043 1812 1132 1869 credit
1184 1810 1252 1867 illud
1260 1813 1363 1869 fectum
1384 1822 1437 1882 est,
1456 1814 1566 1885 quidum
1586 1826 1673 1875 tumen
1694 1836 1727 1877 er
1745 1827 1842 1882 vestris
1860 1844 1984 1888 surrexe·

332 1906 443 1973 dicenti,
459 1904 598 1961 bominem
611 1919 664 1959 nou
678 1910 815 1958 umentem
840 1902 952 1958 lrstrem
967 1916 1047 1956 suum
1074 1902 1128 1957 bo·
1185 1909 1256 1966 runt,
1279 1910 1306 1958 et
1324 1902 1370 1957 ubi
1389 1903 1428 1957 eis
1444 1902 1509 1959 libet
1525 1905 1683 1977 praedicnnt,
1708 1911 1765 1978 jorn
1788 1922 1850 1971 unte
1874 1928 1981 1975 centum

333 1990 991 2063 miciderucssellloan.ur,15)‚etejusmodi
1007 1990 1132 2062 iuregno
1185 2003 1273 2045 unnos
1293 1990 1418 2047 ecclesie
1436 2001 1533 2049 vestrae
1560 1996 1708 2053 monachos
1737 2002 1861 2061 ecclesis
1886 2016 1985 2065 nostrus

331 2085 431 2142 Christi
441 2092 469 2140 et
486 2082 535 2139 Dei
550 2082 737 2138 haeruditotem
752 2096 807 2137 non
821 2080 1041 2151 bubenetdplrcs.
1057 2095 1082 2145 s,
1092 2080 1134 2148 5),
1152 2081 1318 2157 Boustodes
1331 2079 1599 2154 deputatos‚quaeob
1619 2088 1778 2157 martyrium
1795 2090 1909 2161 gloriosi
1931 2098 1984 2153 Pu-

332 2175 387 2231 Cur
399 2170 678 2245 hmpraepjbgvem
694 2168 821 2239 accipite.
837 2166 956 2236 Quidum
976 2184 1011 2223 ex
1037 2168 1134 2223 restris
1188 2172 1236 2229 tris
1246 2170 1329 2227 nostri
1340 2170 1491 2241 Elphegiin
1501 2186 1638 2243 magnam,
1652 2181 1682 2229 ut
1692 2176 1776 2245 siunt,
1787 2178 1984 2243 desolationem

333 2263 451 2331 noviper,
466 2268 496 2316 ut
509 2267 645 2330 putemus,
660 2258 732 2313 iuter
752 2272 801 2314 ros
830 2257 955 2314 conversi
982 2254 1134 2327 proedicsut
1186 2267 1308 2326 venenet,
1337 2267 1363 2315 et
1391 2258 1429 2313 ibi
1461 2258 1533 2330 qnod
1567 2262 1794 2330 pretiosissimum
1831 2270 1984 2332 hebebatur

333 2347 458 2418 antiquos
472 2346 566 2401 Putres
579 2352 683 2399 vestros
698 2341 772 2397 tures
787 2340 870 2397 luisse
883 2348 910 2397 et
936 2341 1064 2409 latrones,
1095 2348 1130 2409 et,
1186 2348 1358 2406 fraudulente
1368 2346 1515 2405 calliditate
1530 2347 1601 2406 lurto
1625 2352 1806 2425 subripuisse.
1828 2358 1876 2416 Vae
1891 2362 1982 2419 borni-

307 2492 311 2500 ·
333 2434 406 2509 quod
423 2433 599 2506 nequiusest,
614 2429 886 2503 etiemsccrilegios;
916 2427 998 2499 idque
1024 2428 1131 2485 illorum
1187 2454 1236 2495 nes
1249 2437 1376 2495 omuibus
1398 2436 1553 2493 bominibus
1572 2442 1736 2510 nequioresl
1752 2444 1882 2503 Ecclesia
1904 2452 1983 2509 totius

334 2523 503 2597 praedicsndi
518 2521 592 2577 luudl
606 2520 754 2588 ascribunt,
765 2519 839 2591 quod
853 2518 923 2574 tules
936 2518 1055 2583 luerunt,
1072 2516 1131 2573 lor·
1187 2525 1340 2583 Britanniae
1364 2524 1459 2581 insulae
1477 2535 1562 2583 mater
1583 2528 1612 2583 in
1633 2530 1772 2589 occisione
1786 2536 1827 2590 sni
1843 2538 1928 2596 Putris
1952 2558 1984 2598 sc

331 2614 413 2671 tussis
426 2612 560 2668 eteoclem
573 2610 712 2665 voluntate
726 2607 849 2676 debristi,
876 2622 930 2663 nou
957 2606 1131 2677 perpendeu·
1185 2614 1303 2671 filiorum
1318 2612 1416 2671 sillicts
1431 2615 1554 2689 confugit
1568 2618 1603 2672 od
1618 2616 1699 2674 lilium
1715 2636 1793 2678 susm
1808 2626 1888 2683 unice
1905 2630 1939 2684 sb
1951 2648 1984 2687 es

331 2701 459 2773 res'qnod
471 2700 563 2755 divine
577 2700 679 2755 intonat
694 2696 804 2770 pupius,
820 2695 895 2751 iures
913 2695 1015 2751 scilieet
1039 2703 1067 2750 et
1088 2695 1132 2750 ls·
1185 2701 1324 2769 dilectum,
1340 2712 1366 2759 et
1380 2702 1440 2774 ipss
1454 2718 1493 2771 re,
1510 2705 1582 2775 quod
1598 2708 1673 2777 qussi
1693 2708 1796 2766 iscium
1811 2714 1844 2769 sit
1859 2714 1894 2771 ud
1910 2734 1984 2789 pru-

332 2792 421 2847 tiones
431 2804 547 2861 regnum
558 2788 607 2844 Dei
622 2802 677 2842 uon
690 2800 865 2857 possessuros
876 2786 900 2855 (l
927 2783 988 2839 Gor.
1010 2799 1049 2852 rr,
1073 2787 1129 2849 ltlt.
1184 2807 1248 2847 sens
1265 2790 1425 2863 accipiatur,
1443 2792 1531 2864 magis
1553 2792 1579 2848 in
1603 2798 1770 2865 protectione
1785 2800 1857 2858 illius
1872 2806 1983 2878 confiso,

333 2882 423 2951 Super
436 2881 509 2944 hsce,
520 2885 550 2933 ut
563 2876 668 2931 lirmius
682 2875 722 2929 eis
737 2873 863 2929 credetur
889 2873 927 2928 its
954 2886 1025 2940 esse,
1054 2870 1131 2925 Judue
1184 2889 1213 2935 ut
1227 2896 1258 2936 se
1272 2888 1297 2935 et
1312 2879 1440 2950 reliquias
1454 2896 1520 2937 sues
1534 2891 1663 2939 servaret.
1692 2886 1725 2943 Et
1748 2888 1807 2959 ipsu
1830 2893 1910 2963 (sicut
1933 2912 1983 2954 ros

331 2968 454 3024 traditori
469 2982 518 3023 eos
532 2965 637 3021 similes
651 2958 892 3028 luisseuffirmout‚
907 2960 954 3031 qui
979 2959 1130 3016 loculorum
1186 2966 1357 3040 praedicetis)
1381 2969 1508 3025 meliores
1532 2969 1649 3027 liliorum
1673 2990 1781 3031 suorum
1805 2978 1829 3033 ei
1852 2981 1886 3036 nd
1909 2987 1983 3056 quod

332 3056 443 3114 Domini
453 3063 542 3111 custos
556 3070 588 3110 es
603 3069 663 3123 quae
685 3052 821 3107 custodire
844 3049 955 3106 deberet
980 3048 1131 3104 sceleratis·
1184 3057 1345 3128 petebantur
1356 3057 1512 3127 destinarit,
1524 3064 1553 3115 et
1567 3060 1618 3131 ipsi
1634 3062 1692 3119 illic
1705 3066 1832 3124 custodes
1841 3085 1983 3129 sacrorum

332 3147 402 3202 sisne
432 3144 578 3200 iurabatur.
608 3140 632 3198 0
660 3141 805 3199 homines!
832 3138 855 3196 0
883 3138 995 3193 lrutrum
1016 3138 1130 3193 houorn·
1183 3144 1283 3215 effecti,
1301 3153 1408 3201 uterum
1423 3148 1518 3203 motuis
1536 3164 1594 3205 susc
1617 3149 1711 3222 (quum
1733 3156 1861 3213 tuendum
1886 3176 1982 3217 snsce-

332 3232 626 3291 toresIOrerborurn
637 3230 745 3286 Domini
759 3227 956 3283 intentissimos
970 3225 1126 3282 auditores!
1182 3234 1291 3305 perant)
1312 3234 1485 3305 inusserunt,
1510 3237 1694 3311 diripuerunt,
1720 3257 1768 3299 cor
1797 3261 1829 3302 sc
1858 3247 1981 3306 intestina

330 3326 442 3382 Centum
454 3329 523 3378 otoo
540 3318 730 3390 empliusuuni
745 3314 846 3374 evoluti
860 3324 930 3382 sunt,
951 3331 983 3371 cx
999 3330 1054 3386 quo
1075 3314 1129 3387 ipsi
1183 3320 1268 3393 ipsius
1294 3321 1442 3394 depraedsti
1470 3334 1551 3396 suut,
1576 3338 1737 3400 rapuerunt,
1763 3344 1978 3404 asportaverunt.

330 3431 401 3487 quos
415 3414 525 3469 lureset
538 3410 658 3464 latrones
684 3406 847 3479 praediceut,
877 3404 970 3461 suits
996 3404 1127 3474 praesenti
1182 3411 1349 3468 Judaeicum
1365 3421 1502 3469 mortuum
1517 3415 1663 3472 Dominum
1686 3435 1718 3474 sc
1737 3423 1883 3493 sepultum,
1899 3430 1981 3484 nesb

329 3512 392 3558 sunt
407 3500 539 3574 elongati,
554 3507 581 3554 et
595 3496 678 3552 modo
703 3495 809 3551 noviter
831 3502 933 3550 tuntum
962 3493 996 3548 iis
1023 3506 1127 3563 oppro-
1183 3499 1312 3569 apostolis
1326 3499 1486 3566 auferretur,
1506 3503 1533 3558 in
1559 3504 1599 3558 sui
1624 3507 1775 3564 custodiam
1798 3515 1980 3588 accepissent,

329 3593 420 3648 prium
435 3589 581 3655 invehitur,
599 3592 846 3654 etoeteruupoens‚
877 3599 931 3654 qus
954 3585 1032 3654 juxts
1063 3601 1129 3641 sen·
1182 3587 1302 3659 quandiu
1324 3597 1469 3659 potuerunt
1497 3607 1512 3646 u
1540 3591 1719 3650 custodiendo
1748 3613 1801 3654 uon
1827 3601 1980 3672 meluerunt,

328 3680 442 3737 lentium
463 3679 575 3732 istorum
600 3672 751 3728 miserrime
773 3671 934 3737 crucientur,
950 3672 1129 3729 infelicissme
1183 3691 1234 3731 nec
1246 3675 1299 3730 sibi
1314 3676 1535 3733 commendatum
1549 3678 1619 3736 furto
1633 3682 1772 3754 subripere
1786 3697 1832 3742 unt
1846 3689 1913 3746 alins
1928 3708 1980 3748 nu·

329 3769 386 3826 illis
395 3771 549 3824 innovetur.
564 3765 739 3834 Veremsgun
757 3759 891 3832 impietus.
907 3761 977 3815 Nem
987 3768 1015 3816 et
1035 3760 1130 3832 siipsi
1183 3761 1254 3819 ferre
1270 3764 1359 3820 consti
1374 3773 1445 3834 sunt,
1469 3767 1518 3821 sed
1541 3769 1632 3839 potius
1655 3770 1718 3827 lurti
1742 3774 1844 3830 ortmeu
1868 3779 1928 3835 aliis
1953 3798 1983 3840 se

329 3874 385 3916 non
397 3857 507 3912 luerunt
520 3853 588 3909 tules
602 3851 695 3922 quoles
718 3849 762 3904 isti
785 3863 833 3905 eos
860 3865 920 3905 esse
947 3847 1050 3918 volunt,
1074 3863 1130 3906 non
1183 3851 1382 3908 dormientibus
1395 3853 1594 3925 imposuerunt.
1619 3857 1648 3914 Si
1662 3858 1743 3916 simili
1758 3865 1840 3920 modo
1854 3870 1981 3926 custodes

330 3954 370 4005 est
389 3953 501 4018 propter
528 3944 581 3998 boc
607 3941 706 3996 horum
727 3937 852 4009 impietus
874 3937 973 4003 minor,
999 3937 1064 4007 imo,
1083 3953 1128 3996 re·
1183 3939 1389 3998 Glustouienses
1416 3941 1557 4012 iecissent,
1587 3945 1642 4004 boc
1667 3957 1717 4019 est,
1746 3952 1768 4008 si
1797 3955 1980 4030 sacrilegium,

330 4044 404 4095 moto
418 4031 493 4091 omui
503 4031 646 4103 ambiguo,
660 4028 759 4098 major,
774 4027 820 4099 qui
834 4026 968 4083 inlumunt
995 4027 1129 4084 iunocen-
1183 4029 1257 4101 qnod
1268 4030 1413 4087 lunduutur
1422 4035 1601 4107 commisisse,
1611 4037 1857 4101 ebullissesomno
1869 4043 1981 4118 depres-

332 4132 384 4190 tes‚
399 4122 482 4196 quise
498 4118 625 4177 omnibus
647 4116 822 4172 munilestunt
847 4131 905 4171 esse
928 4115 1075 4172 mendaces
1097 4131 1130 4172 nc
1183 4119 1221 4172 sis
1246 4118 1365 4176 dicerent
1392 4122 1565 4179 commissum
1593 4124 1692 4198 luisse,
1724 4129 1795 4188 forte
1823 4133 1979 4206 uliqnuntu-

330 4211 515 4285 impudentes.
527 4207 614 4263 Testis
628 4204 699 4261 enim
720 4213 761 4260 est
779 4204 845 4259 mibi
872 4205 966 4260 omnis
990 4204 1080 4261 sciens
1103 4213 1132 4261 et
1182 4205 1240 4263 lum
1262 4207 1341 4265 lemos
1364 4225 1419 4268 suae
1443 4212 1649 4281 consuluissent,
1673 4232 1724 4274 nec
1747 4227 1802 4275 tum
1826 4223 1981 4284 detestabili

331 4301 481 4373 disponens
496 4297 595 4356 veritus
608 4295 689 4364 Deus,
706 4292 770 4364 quin
796 4308 858 4348 cum
886 4293 973 4351 adhuc
987 4292 1014 4348 in
1029 4294 1131 4351 scholis
1184 4297 1267 4354 ruodo
1291 4297 1482 4370 deliquissent.
1504 4301 1586 4357 Nunc
1605 4311 1694 4360 autern
1709 4308 1773 4377 quid
1788 4309 1931 4369 dicemus?
1945 4317 1981 4372 Ut

331 4388 464 4461 querulus
478 4401 578 4454 essem,
588 4399 621 4439 es
632 4389 770 4453 praecepto
781 4381 869 4437 bestse
892 4380 1031 4438 memorie
1056 4381 1129 4439 Lsn-
1182 4385 1396 4457 prelibavimus,
1410 4387 1489 4444 ludae
1508 4389 1611 4446 similes
1631 4407 1679 4449 eos
1701 4394 1729 4449 in
1750 4395 1821 4452 furto
1839 4401 1979 4471 approbu-

331 4476 418 4533 lrsnci
435 4471 638 4532 Centusriensis
661 4468 870 4542 archiepiscopi,
891 4469 1015 4541 primatis
1037 4471 1132 4528 ridell·
1184 4487 1254 4542 mus,
1270 4488 1324 4529 non
1339 4480 1504 4547 lamecum,
1521 4477 1569 4534 sed
1584 4492 1631 4535 eos
1652 4491 1794 4552 sequentes
1816 4484 1916 4543 luntres
1940 4490 1981 4546 sni

328 4573 371 4622 cet
394 4565 476 4621 totins
503 4559 659 4625 Britanniae,
688 4557 799 4613 inducto
814 4557 922 4628 jejunio
951 4559 999 4614 toti
1027 4559 1129 4632 populo
1184 4559 1399 4618 Glsstouienses.
1427 4565 1483 4622 Nos
1497 4567 1568 4622 enim
1584 4583 1679 4626 revers
1693 4571 1795 4628 suimus
1809 4589 1856 4630 eos
1870 4578 1980 4636 omnino

335 4653 451 4720 Koutiae,
462 4652 582 4707 loretum
600 4655 641 4705 cst
665 4661 766 4716 corpus
786 4646 935 4702 beatissimi
954 4647 1087 4703 Dunstsni
1112 4663 1130 4704 s
1183 4651 1318 4707 immunes
1341 4667 1401 4708 esse
1415 4653 1451 4708 sb
1469 4655 1521 4711 hoc
1542 4665 1666 4727 peccato.
1689 4658 1760 4728 Quid
1784 4661 1836 4718 illis
1861 4665 1911 4720 erit
1934 4668 1979 4736 qui

329 4743 417 4818 primo
435 4742 580 4813 sepulturis
602 4753 658 4794 suus
686 4735 757 4805 loco,
787 4743 893 4794 sstsnte
914 4734 1015 4793 ubbste
1045 4738 1169 4871 seuctiD
1184 4737 1299 4796 conlicto
1322 4748 1377 4796 tum
1400 4741 1532 4799 inlmnito
1546 4745 1689 4803 mendacio
1713 4747 1810 4806 srsues
1832 4768 1906 4824 suos,
1922 4755 1979 4812 imo

366 4926 423 4998 (33)
438 4925 477 4982 De
485 4919 661 4980 trunslntione
669 4913 794 4990 corporis
805 4913 962 4974 Dunstnnin
979 4915 1129 4974 bunlmuco
1183 4928 1225 4969 voe
1234 4914 1560 4989 ccclesloeponcrcccttet
1570 4935 1660 4993 nepus
1675 4919 1725 4977 boc
1739 4921 1839 4994 ubsque
1854 4928 1980 4983 transic-

330 4999 403 5056 lnctn
415 4998 468 5053 isto
479 4992 711 5050 habetOsberuus
727 4989 764 5044 im
787 4988 857 5044 libro
876 4989 998 5044 secundo
1017 4990 1053 5045 de
1068 4989 1129 5045 Vits
1185 4987 1263 5042 tione
1283 5001 1431 5056 corporum
1453 4990 1533 5060 infra
1551 4989 1693 5046 ambitum
1707 4993 1832 5071 ejusdem
1854 4999 1981 5054 ecclcsioe

330 5067 474 5125 Dunstuni.
490 5067 544 5123 Nec
558 5066 641 5121 stulto
654 5065 716 5136 post
744 5060 864 5117 ccclesia
883 5059 1043 5116 Sulcatorts
1063 5062 1129 5130 ipsc
1183 5059 1388 5128 perimentium
1399 5062 1494 5124 [acere
1501 5065 1605 5132 posset,
1619 5062 1731 5118 indiscrt
1739 5065 1886 5133 jejunium
1900 5072 1980 5126 omni

330 5141 475 5198 combusta
485 5141 539 5203 est,
548 5137 674 5207 parietes
686 5131 922 5197 aestuationes
933 5133 1082 5204 quicquam
1091 5147 1129 5187 cc
1182 5130 1301 5200 populo.
1322 5133 1463 5201 quatenus
1484 5135 1649 5188 sanctorum
1669 5135 1800 5192 noluntas
1823 5135 1924 5210 ficret,
1946 5146 1979 5198 nt

331 5201 1128 5277 omuibusmounstcrllosllcintsincombustumrcmcnsit,
1183 5214 1281 5255 cortem
1300 5215 1416 5272 corpora
1431 5201 1467 5256 nd
1484 5201 1542 5258 nlla
1567 5203 1627 5258 loco
1652 5207 1807 5276 transferri
1835 5209 1980 5269 deberent.

332 5285 439 5356 proeter
449 5287 520 5336 discr
535 5277 712 5340 domestice
727 5274 826 5344 ouibus
839 5272 1130 5330 monacbircmcnerc
1184 5269 1311 5326 biccaro
1328 5270 1393 5326 ltcic
1408 5273 1517 5342 sepulto
1531 5275 1694 5342 constituto,
1719 5282 1820 5334 orcms
1841 5286 1979 5355 omnipo.

332 5371 391 5411 con
401 5354 527 5425 possent,
544 5348 744 5405 dormitorium
756 5341 866 5399 scilicet
883 5347 911 5399 et
933 5345 1128 5414 refectorium,
1182 5343 1260 5412 pcto,
1275 5342 1351 5398 ctcrc
1365 5343 1453 5398 cercis
1475 5346 1504 5399 ct
1525 5346 1699 5402 nrcrsctitcs
1723 5351 1854 5424 omnique
1877 5369 1979 5424 persero

334 5428 502 5495 tantamque
516 5419 639 5478 claustri
652 5420 762 5490 purtem
777 5413 828 5470 rut
838 5420 946 5486 punctu
959 5413 1062 5485 nbsmtc
1076 5419 1131 5470 im·
1182 5410 1350 5481 pncdiorstm
1371 5420 1546 5478 occurrente,
1562 5423 1737 5486 percurrunt
1759 5421 1927 5491 sacerdotes,
1944 5431 1977 5482 ut

332 5493 583 5565 briumlnsustosc
594 5489 628 5546 sb
642 5503 702 5543 uno
716 5485 797 5542 domo
811 5486 843 5540 in
853 5485 941 5539 ullam
955 5489 1070 5557 possent
1084 5485 1129 5540 tn·
1184 5481 1295 5538 tbcccm
1313 5483 1406 5538 suncti
1422 5484 1518 5539 Pntrtr
1531 5486 1677 5544 onustant
1697 5488 1800 5564 ubsque
1820 5501 1979 5552 contrecto-

334 5566 432 5624 trolrc.
444 5565 486 5618 tls
496 5577 550 5633 quo
564 5562 636 5616 sotis
651 5559 745 5614 cidere
754 5557 814 5627 [uit
841 5570 881 5611 sa
904 5560 964 5610 tum
974 5557 1066 5612 nostrl
1081 5571 1129 5612 cc·
1182 5555 1259 5609 tioce
1269 5555 1397 5626 corporis
1411 5553 1522 5611 illicsc
1539 5559 1615 5613 terro
1631 5559 1769 5629 levarent,
1786 5567 1815 5618 ct
1830 5563 1866 5620 nd
1885 5567 1978 5623 locum

332 5653 398 5694 rom
411 5637 499 5690 Pater
507 5632 777 5690 nostcrllcnstnnss
789 5571 929 5682 tricent.
947 5623 1006 5682 Sed
1028 5626 1130 5684 torum
1180 5625 1495 5708 osmomntudiltpcntic
1509 5633 1703 5700 properatum
1716 5631 1870 5704 deferrent.
1889 5637 1978 5691 Conti-

333 5709 421 5764 rcicc
436 5703 576 5760 insuetius
591 5698 1130 5765 commutatacrt‚ccstcntcnenerubtts
1180 5703 1221 5767 art
1236 5696 1390 5750 tncsudrum
1414 5696 1486 5752 rslud
1509 5713 1583 5754 anno
1607 5703 1686 5770 llll,
1711 5702 1797 5760 Nonis
1811 5703 1974 5776 Septembr..

334 5779 394 5835 viro
414 5776 579 5848 lanfranco
593 5771 809 5841 arctoptscopu
825 5772 853 5823 ct
863 5767 992 5846 omnium
1006 5769 1054 5841 ptri
1068 5785 1130 5826 nos·
1178 5767 1255 5836 jnrts
1270 5766 1429 5823 Gerrssium
1445 5766 1686 5853 Dorobsrnensem.
1708 5771 1909 5899 Quingnugints
1923 5792 1975 5833 nn-

334 5855 382 5908 trn
395 5851 480 5905 oetnte
490 5847 608 5902 interra
622 5843 742 5916 suerunt
755 5839 936 5897 sanctissimo
945 5839 1035 5895 simul
1048 5856 1081 5897 nc
1090 5855 1132 5897 sc·
1180 5851 1231 5892 nos
1246 5835 1281 5892 ub
1295 5851 1329 5894 eo
1343 5845 1464 5912 ternpore
1479 5839 1613 5897 elllusrsse
1623 5841 1772 5900 liudmerus
1802 5852 1855 5902 rctt.
1872 5845 1979 5920 Scripts

333 5918 524 6002 ptcstisrlmo·
537 5913 662 5988 ostcm
669 5909 1131 5988 sundomcutcccmtrusudoeso·
1181 5915 1224 5966 est
1238 5907 1321 5984 tp'tm
1332 5907 1392 5969 buc
1405 5909 1520 5986 epistole
1533 5913 1605 5972 circs
1618 5927 1717 5971 sunum
1732 5917 1811 5971 titt.
