4750 6725
842 531 1008 595 nlsuonln
1026 530 1265 596 1101011111-
1283 532 1350 593 tlt.
1373 532 1409 592 11.

875 845 1040 940 LIBER
1059 845 1373 941 SECUNDUS.

1036 1051 1234 1074 ῃ

329 1187 397 1244 Cum
411 1186 540 1244 dotemm
556 1185 616 1243 dies
630 1184 806 1242 induciarum
829 1183 1043 1256 prestolaretur,
1067 1190 1095 1240 et
1108 1181 1137 1244 Α
1151 1180 1330 1254 oppressione
1353 1177 1499 1250 reperient,
1530 1179 1578 1250 qni
1602 1193 1651 1251 pro
1674 1179 1860 1252 adipiscendae
1887 1197 1945 1240 aum

296 1279 367 1334 bunc
381 1275 446 1332 inde
459 1275 531 1333 fides
544 1271 1097 1346 111111111111111111111111111111ςί1
1150 1285 1242 1326 causas
1255 1269 1418 1326 rectitudine
1431 1282 1487 1324 non
1503 1267 1606 1324 hebent
1619 1269 1692 1339 quod
1705 1269 1771 1326 dent
1783 1270 1798 1324 i
1809 1293 1822 1319 s

295 1375 323 1424 et
336 1364 459 1422 Anaelmi
476 1361 683 1434 archiepiscopi,
699 1362 782 1420 certis
795 1361 905 1418 indiciis
919 1362 1095 1433 penderetur,
1187 1357 1314 1414 sentiens
1327 1358 1420 1429 itaque
1442 1373 1492 1412 rex
1518 1357 1677 1429 episcopum
1706 1373 1742 1414 cx
1770 1365 1859 1430 perte.
1892 1361 1947 1416 llr-

296 1454 371 1528 repis
385 1453 489 1511 scilicet
499 1453 592 1510 omnia
607 1468 668 1524 quse
681 1451 868 1524 spoponderat
881 1451 909 1506 in
933 1450 1097 1507 contrarium
1150 1447 1216 1503 boui
1230 1453 1329 1504 cuncta
1344 1461 1401 1502 sura
1413 1444 1549 1501 volunteti
1576 1445 1751 1503 conniventis
1772 1447 1905 1518 nuntierc,
1921 1457 1949 1507 et

297 1542 490 1617 pervertendo,
500 1549 527 1598 et
540 1540 677 1613 pontificis
691 1554 741 1596 sue
754 1540 901 1611 sponsione
915 1547 1023 1596 serente
1044 1555 1097 1610 ps·
1150 1551 1193 1602 en,
1209 1535 1232 1591 si
1246 1536 1337 1608 ipsum
1352 1533 1493 1592 Urbanum
1506 1549 1557 1604 pro
1572 1550 1645 1606 papa
1659 1534 1687 1589 in
1701 1551 1750 1591 sno
1764 1537 1948 1608 1111111111-

299 1631 398 1688 tientcr
420 1632 556 1704 irrogatas
581 1629 695 1700 injurios
718 1627 911 1701 perpetiendos
936 1625 1099 1683 dinanensis
1150 1632 1236 1696 peret,
1251 1623 1323 1680 velle
1337 1622 1499 1693 apostolicet
1513 1623 1673 1679 suctoritnte
1696 1625 1748 1679 sibi
1763 1623 1829 1680 dum
1843 1625 1948 1684 vireret

299 1719 504 1793 epiecopus(o)‚
520 1716 781 1776 Wolterusnomine
792 1717 841 1788 (b),
858 1716 1009 1773 ebUrbsno
1024 1715 1099 1772 sedis
1149 1713 1177 1769 in
1192 1712 1367 1785 privilegium
1378 1711 1565 1784 promulgnre,
1581 1710 1716 1782 acquievit
1725 1713 1835 1784 placito,
1845 1715 1949 1785 praeci·

297 1808 460 1881 apostolicsr
480 1805 602 1880 presulis
622 1806 710 1864 lioma
732 1805 834 1862 missus
854 1805 985 1877 Angliom
1014 1803 1097 1873 venit,
1150 1801 1229 1873 piens
1244 1801 1382 1859 Urbenunr
1397 1800 1425 1856 in
1439 1800 1514 1858 omni
1527 1800 1644 1872 imperio
1656 1817 1707 1857 sno
1720 1817 1772 1871 pro
1796 1805 1948 1874 apostolico

296 1896 501 1956 adducentibus
515 1911 576 1953 eum
591 1893 699 1952 duobus
709 1894 827 1964 clericis,
839 1893 1065 1950 Girnrdoscilicet
1073 1900 1099 1950 11
1151 1891 1258 1955 heberi,
1274 1890 1355 1961 eique
1368 1889 1429 1948 rice
1441 1889 1513 1946 beati
1523 1890 1596 1946 Petri
1609 1889 1637 1945 in
1652 1890 1805 1948 Christiana
1812 1892 1949 1966 religione

297 1986 452 2054 willelmo,
467 1984 566 2057 quide
581 1983 687 2055 repelle
702 1983 775 2056 regis
788 1990 876 2039 erent.
893 1982 1032 2053 Siquidem
1038 1983 1098 2053 ipse
1151 1979 1274 2036 obediri.
1287 1980 1352 2052 Egit
1366 1987 1428 2050 post
1441 1981 1501 2034 baec
1510 1978 1609 2050 quibus
1619 1978 1709 2036 modis
1722 1989 1826 2051 poteret
1836 1982 1894 2052 ipse
1900 1999 1948 2039 rer

298 2091 345 2131 rex
359 2074 409 2131 nbi
424 2074 512 2131 sensit
526 2073 687 2131 dunelmum
702 2087 759 2128 suae
773 2070 907 2127 voluntati
930 2069 1098 2141 1111111111-
1150 2085 1211 2125 cum
1225 2068 1363 2140 episcopo,
1378 2075 1512 2140 quatenus
1524 2067 1641 2124 Romani
1667 2067 1802 2139 pontificis
1828 2071 1948 2128 auotori-

297 2173 344 2237 pto
357 2163 472 2236 negotio
500 2163 575 2219 nolle
599 2162 799 2234 obtemperare,
815 2161 885 2217 clem
913 2167 941 2218 et
967 2159 1097 2216 Anselmo
1150 2164 1206 2213 tute
1220 2157 1371 2212 Anselmun
1385 2155 1421 2211 sb
1435 2157 1603 2228 episcopatu,
1619 2157 1707 2229 segeti
1721 2159 1842 2229 potentie
1864 2160 1950 2218 tultus

299 2253 458 2326 ignorante,
473 2251 585 2308 eosdem
595 2250 711 2307 clericos
724 2249 841 2306 Remum
856 2247 976 2318 miserat,
993 2249 1096 2304 Roma·
1150 2245 1313 2316 deponeret,
1329 2242 1468 2314 spondens
1482 2244 1647 2300 immensum
1661 2245 1785 2315 pecuniae
1799 2247 1908 2319 pondus
1923 2250 1949 2305 ei

296 2356 340 2398 nea
354 2347 458 2397 stotum
474 2340 602 2396 Ecclesiae
619 2353 719 2411 percos
735 2337 1094 2410 volenaeertodignoscere.
1150 2332 1840 2405 111111111111111111111111111111111111111,
1865 2336 1889 2391 si
1917 2336 1949 2392 in

296 2429 381 2486 lirant
395 2443 515 2500 nomque
530 2429 623 2484 llomse
636 2427 664 2482 in
679 2427 734 2482 illis
748 2426 856 2494 diebus,
871 2425 943 2482 sicut
965 2425 1095 2498 predixi·
1148 2423 1201 2480 boc
1214 2437 1265 2478 suo
1280 2420 1418 2477 desiderio
1432 2420 1610 2478 setisieceret.
1626 2421 1726 2477 Verum
1739 2439 1803 2478 cum
1821 2423 1850 2479 id
1862 2425 1943 2481 nulle

297 2534 366 2588 mos,
384 2518 439 2574 duo
454 2515 606 2590 pontifices,
618 2515 664 2590 qui
678 2532 693 2570 1
708 2515 825 2572 diversis
836 2514 1095 2586 spostolicinuncu·
1111 2539 1138 2600 B
1152 2512 1260 2568 notione
1283 2509 1343 2566 fieri
1368 2524 1459 2580 posse,
1489 2509 1605 2567 docente
1619 2510 1763 2583 episcopo,
1790 2512 1948 2570 didicisset:

296 2607 451 2677 pobnntur;
481 2606 530 2662 sed
558 2605 620 2678 quis
648 2619 744 2661 eorum
758 2603 898 2669 canonice,
928 2603 989 2675 quis
1018 2618 1097 2658 secus
1152 2598 1294 2656 deficiebat
1309 2597 1412 2667 animo,
1427 2605 1554 2670 repulsus
1569 2598 1641 2670 epod
1656 2615 1686 2656 ae
1700 2599 1767 2655 nihil
1781 2600 1946 2674 inrequisi-

300 2695 378 2751 incrit
394 2695 547 2763 institutus,
563 2693 599 2748 eb
613 2693 709 2767 anglis
724 2707 810 2764 usque
825 2692 853 2746 id
869 2692 1001 2762 temporis
1016 2691 1097 2763 igno-
1152 2687 1226 2744 tione
1239 2686 1283 2746 rel
1297 2687 1470 2757 susceptione
1484 2686 1600 2744 Romani
1614 2686 1723 2744 antistis
1735 2703 1768 2746 se
1788 2690 1947 2760 proiecisse.

300 2781 424 2837 rnostur.
447 2779 523 2836 Scire
536 2779 628 2848 itaque
642 2779 785 2834 veritatem
810 2777 892 2848 hujus
915 2776 953 2832 rei
982 2777 1097 2832 Remum
1151 2773 1458 2834 Attamenimmutsbtle
1471 2774 1654 2832 considerans
1667 2776 1741 2846 qnod
1760 2777 1860 2835 iactum
1886 2779 1949 2838 iue-

300 2863 377 2920 missi
393 2871 456 2920 sunt
470 2863 499 2919 hi
513 2862 569 2918 duo
583 2861 685 2930 clerici,
701 2877 789 2934 eaque
803 2861 921 2932 cognite,
945 2861 1014 2931 jussi
1037 2865 1100 2916 sunt
1152 2874 1204 2936 rot,
1219 2863 1336 2920 consilio
1349 2879 1411 2920 cunr
1425 2862 1483 2919 suis
1497 2863 1565 2919 inito
1579 2863 1719 2935 quaerebat
1742 2866 1870 2936 qualiter,
1886 2885 1949 2926 sar·

301 2952 386 3010 sacris
401 2950 627 3023 promissionibus
640 2950 760 3008 illectum
774 2950 809 3006 ad
824 2951 876 3006 hoo
886 2949 909 3005 si
919 2959 1032 3020 possent
1045 2965 1097 3021 ps·
1152 2960 1215 3013 rata
1228 2952 1363 3026 singulari
1377 2951 1545 3008 celsitudinis
1558 2967 1615 3010 sure
1628 2952 1771 3025 dignitate,
1782 2955 1842 3013 siro
1851 2956 1949 3016 sellem

297 3057 360 3112 pem
375 3040 536 3113 perducere,
550 3048 580 3096 nt
593 3039 647 3110 ipsi
674 3039 734 3111 regi
749 3037 784 3095 ed
810 3053 879 3111 opus
901 3037 1098 3110 archiepiscopi
1152 3043 1245 3116 speoie
1258 3050 1337 3098 tenus
1349 3056 1474 3098 amorem
1488 3056 1567 3098 suurn
1582 3041 1716 3114 redderet,
1738 3043 1782 3100 cui
1802 3046 1951 3105 creduliter

298 3129 504 3187 Contucriensis
530 3127 654 3201 pellium,
684 3127 767 3184 111111
805 3141 926 3197 persona
966 3127 1097 3197 lnselmi,
1151 3134 1238 3188 iratus
1251 3131 1321 3188 nibil
1335 3137 1441 3203 poterut
1468 3131 1570 3203 cupita
1598 3129 1779 3190 demnsuonis
1802 3151 1852 3206 pro
1880 3144 1948 3195 toto

298 3217 457 3288 destinaret,
474 3219 548 3291 quod
561 3217 620 3289 ipse
642 3233 701 3286 rex,
730 3215 866 3273 dnselmn
894 3232 911 3271 n
939 3215 1098 3287 pontificatu
1152 3220 1271 3276 inferre.

297 3307 374 3365 simul
386 3314 415 3365 et
428 3322 515 3381 11111
529 3303 644 3378 dejecto,
654 3304 784 3363 euirellet
799 3303 1027 3379 compontificem
1038 3306 1098 3364 tice
1188 3310 1309 3365 lnstante
1324 3308 1409 3383 igitur
1422 3308 1477 3378 die,
1493 3307 1617 3383 inquom
1643 3308 1762 3368 11111111
1788 3311 1859 3371 detes
1887 3323 1952 3374 sunt

297 3396 440 3468 apostolici
450 3397 630 3468 postmodum
645 3396 733 3452 deret.
745 3396 803 3451 lloo
816 3394 916 3467 quippe
927 3395 1099 3466 disposuerat
1152 3398 1224 3454 inter
1237 3399 1326 3470 ipsos,
1340 3398 1504 3455 mendcium
1525 3406 1567 3454 eet
1592 3398 1722 3455 Anselmo
1740 3408 1805 3458 tunc
1830 3403 1859 3458 in
1884 3404 1951 3463 villa

297 3488 369 3557 apud
384 3502 437 3553 sc;
453 3486 506 3542 boo
520 3484 671 3556 suspicatus
686 3492 797 3542 estnon
810 3483 970 3556 injuriosibi
985 3484 1099 3541 concedi
1153 3502 1212 3558 sue,
1229 3502 1290 3559 quse
1304 3484 1434 3543 1111111111
1447 3487 1554 3555 dicitur,
1570 3488 1738 3556 consistenti,
1753 3498 1780 3545 et
1794 3490 1831 3547 ibi
1845 3492 1951 3550 solem·

299 3590 399 3646 posse;
414 3576 467 3631 hoc
481 3572 632 3631 indubitato
642 3572 700 3633 lieri
713 3571 889 3644 promittebat
903 3572 1022 3645 opinioni
1031 3590 1097 3631 susc.
1152 3576 1265 3631 nitstem
1279 3576 1453 3633 Pentecostes
1467 3574 1627 3645 celebranti,
1642 3580 1776 3648 quotenus
1803 3579 1839 3635 sd
1866 3581 1950 3639 aliena

333 3663 467 3721 Prasietus
482 3678 548 3735 erpo
563 3664 710 3736 episcopus
723 3663 851 3735 Angliem
865 3662 991 3731 senione,
1003 3678 1098 3720 secum
1153 3663 1246 3721 sillem
1269 3678 1357 3731 suem,
1372 3680 1435 3735 qum
1461 3663 1545 3720 lleias
1569 3670 1690 3733 somtur,
1719 3666 1872 3737 accederet,
1901 3670 1950 3726 ubi

299 3752 550 3825 archiepiscopatus
559 3752 658 3809 stolam
671 3767 746 3824 pepe
760 3752 882 3809 mittente
897 3750 1019 3809 clanculo
1045 3751 1097 3809 de·
1151 3750 1239 3809 nuntii
1254 3751 1331 3824 regis
1344 3750 1448 3807 eudem
1463 3766 1541 3807 snam
1556 3752 1585 3807 in
1609 3751 1671 3824 ipse
1698 3752 1843 3813 festivitate
1872 3758 1948 3829 apud

300 3843 367 3899 tulit.
386 3842 419 3897 Et
431 3841 547 3899 silenter
560 3840 706 3897 Cantunrie
721 3838 831 3897 civitate
844 3839 1017 3912 pertransita,
1034 3840 1095 3895 An·
1153 3839 1359 3897 Windlesornm
1373 3840 1498 3910 tenentis,
1514 3841 1547 3896 11
1562 3856 1624 3897 eum
1634 3840 1728 3898 venire
1741 3846 1769 3899 et
1781 3842 1864 3900 uerba
1874 3848 1950 3920 regis

300 3931 442 4003 selmoqne
460 3929 588 3997 destituto,
608 3928 643 3986 ad
667 3944 761 4003 regem
777 3928 942 4001 propersbnt
968 3928 1034 3985 nulli
1063 3929 1098 3984 do
1152 3929 1193 3985 illi
1204 3937 1232 3985 et
1244 3928 1318 3986 illins
1332 3937 1443 4000 possent
1457 3928 1518 4002 regi
1532 3929 1655 3988 deterre.
1669 3930 1771 3987 luimus
1783 3947 1852 4006 ergo
1874 3934 1948 4003 illuc,

300 4018 382 4093 pollio
395 4018 469 4092 quod
490 4018 595 4076 terebet
618 4017 766 4092 quidquem
797 4017 906 4088 dicens,
936 4017 1043 4075 nullum
1071 4017 1099 4074 in
1151 4026 1178 4075 et
1192 4018 1317 4089 monenti
1331 4017 1625 4075 diereniuntadillum
1639 4033 1710 4091 pene
1722 4034 1819 4079 omnes
1828 4023 1951 4098 episcopi

299 4108 424 4166 11111111
445 4107 588 4164 ductorum
609 4122 722 4163 suorum
750 4106 922 4163 lentiliariter
944 4105 1096 4179 alloquens.
1151 4106 1330 4180 »inglimqni
1339 4106 1558 4179 premissspsce
1571 4107 1796 4179 sui,pedctsntim
1806 4112 1952 4183 explorare

301 4196 358 4254 Rex
372 4196 493 4268 donique
508 4204 673 4269 preceperat
687 4196 725 4252 its
739 4194 808 4264 fieri,
823 4196 921 4251 nolens
939 4194 1099 4267 mysterium
1153 4194 1258 4269 egressi
1271 4204 1336 4253 sunt
1349 4204 1439 4252 utrum
1452 4195 1546 4268 sliquo
1560 4195 1643 4253 modo
1655 4195 1734 4253 illum
1749 4197 1785 4254 cd
1811 4200 1865 4257 boc
1891 4201 1949 4257 illi·

304 4284 411 4342 consilii
424 4286 467 4341 sui
481 4284 625 4356 publiceri.
642 4284 691 4341 llle
704 4284 790 4358 igitur
804 4298 866 4341 curn
878 4283 1015 4341 nonnullis
1038 4284 1099 4341 die-
1153 4300 1217 4342 cere
1230 4292 1350 4356 possent,
1365 4291 1395 4340 ut
1408 4284 1467 4355 ipse
1471 4283 1532 4354 jem
1546 4292 1586 4341 1ο1
1598 4299 1631 4341 11
1645 4285 1725 4341 sends
1738 4286 1951 4346 adversitatibus

304 4372 355 4430 bns
369 4380 435 4431 ante
450 4374 623 4431 Pentecosten
637 4372 673 4429 ed
695 4388 792 4445 regem
815 4372 943 4440 venisset,
960 4381 987 4429 et
1014 4372 1038 4429 ei
1065 4371 1101 4428 od
1154 4382 1241 4444 actus,
1256 4374 1301 4431 vel
1314 4380 1387 4432 tnnc.
1405 4373 1472 4429 dats
1485 4373 1613 4445 pecunie,
1626 4374 1701 4446 regis
1722 4374 1869 4433 amicitiem
1895 4378 1952 4435 sibi

304 4462 412 4537 singula
428 4478 490 4533 qum
504 4476 560 4519 sure
581 4462 713 4519 voluntati
742 4468 854 4533 eccepto
882 4460 943 4517 iore
972 4460 1102 4517 didicerat
1155 4460 1322 4520 conciliaret.
1338 4460 1383 4516 nd
1398 4460 1472 4533 qnod
1487 4476 1549 4517 enm
1563 4460 1640 4517 illnm
1655 4476 1732 4517 more
1744 4462 1826 4520 solito
1839 4464 1950 4523 inflexi·

306 4551 384 4610 bonne
398 4552 458 4623 spei
472 4550 573 4609 1111111
599 4549 795 4623 respondisset,
824 4548 892 4605 nibil
919 4549 1027 4621 penitus
1050 4547 1101 4621 ipsi
1156 4552 1239 4609 bilem
1263 4549 1437 4622 reperissent,
1462 4548 1571 4606 tondem
1596 4548 1782 4620 bnjnscemodi
1810 4554 1951 4627 questibus

307 4655 355 4713 pro
368 4640 498 4697 Amelmo
512 4640 618 4697 locutus
632 4646 685 4709 est,
701 4638 879 4711 quodpacem
893 4636 1101 4695 intereosoon·
1157 4656 1219 4698 eum
1246 4638 1419 4711 interpellare
1447 4639 1618 4709 destiterunt,
1645 4638 1842 4713 subiungentes
1870 4644 1949 4703 baec:

307 4730 424 4801 ciliaret,
440 4729 512 4801 quod
526 4727 715 4785 tribulationes
727 4726 755 4785 in
769 4727 868 4799 quibus
895 4743 945 4799 pro
973 4725 1103 4784 fidelitate
1161 4729 1219 4787 tsi
1233 4742 1300 4802 ergo
1314 4744 1364 4801 pro
1378 4726 1556 4800 adipiscends
1570 4726 1690 4785 amicitie
1708 4728 1795 4799 ipsius
1821 4732 1888 4788 nibil
1916 4734 1952 4793 ds

305 4820 379 4875 sedis
394 4818 551 4891 spostolicse
566 4817 717 4875 desudabat
733 4816 883 4888 mitigaret,
899 4817 974 4889 qnod
990 4832 1052 4873 curn
1067 4815 1103 4872 11
1156 4818 1209 4875 tuis
1222 4817 1290 4874 dsre
1304 4817 1363 4880 viss
1376 4818 1432 4884 dic,
1445 4832 1575 4890 rogamus
1589 4824 1627 4885 te,
1637 4818 1834 4889 compendioso
1844 4822 1953 4879 acsim-

304 4906 500 4965 sublevendum
516 4906 654 4980 induplia
669 4904 830 4962 Christiane
845 4904 987 4978 religionis
997 4905 1102 4963 cultum
1155 4906 1222 4980 plici
1235 4906 1319 4964 verbo
1335 4906 1400 4978 quid
1414 4905 1532 4963 relisis
1549 4906 1609 4962 Ait:
1624 4927 1636 4955 a
1652 4906 1715 4961 Dixi
1725 4906 1953 4984 robisjenaquod

305 4996 460 5055 roboraret.
479 4996 566 5069 Super
580 5012 634 5069 quo
649 4994 726 5052 multi
745 4994 792 5067 qui
819 4994 895 5067 prius
924 5010 959 5051 ex
985 4994 1104 5053 adventu
1156 5011 1297 5067 nunquam
1310 4994 1422 5051 domino
1436 5008 1499 5051 meo
1513 4994 1585 5050 benc
1599 4995 1908 5068 contumeliamieciem,
1924 5008 1954 5059 ut

306 5084 390 5157 ipsius
405 5086 497 5159 magni
511 5101 559 5157 spo
574 5085 639 5143 boni
655 5083 823 5153 tenebuntur,
840 5083 942 5156 oppido
956 5083 1102 5141 admirati:
1158 5084 1230 5141 iacto
1243 5082 1358 5156 pmbem
1373 5081 1521 5139 amicitiam
1536 5082 1596 5153 eius
1623 5100 1685 5141 esse
1697 5084 1831 5144 11111111.
1849 5088 1904 5147 Sed
1930 5090 1955 5147 si

308 5172 1103 5248 ι11111,11111111,1111111111181111111111311-
1158 5189 1202 5229 me
1215 5172 1284 5229 sicut
1294 5170 1375 5227 debet
1388 5172 1497 5227 Petrem
1509 5187 1588 5227 suum
1601 5172 1659 5229 vult
1672 5173 1756 5247 grstia
1770 5174 1896 5249 diligere,
1926 5187 1954 5238 et

307 5267 362 5320 tum
381 5264 468 5321 liomo
495 5263 630 5337 prseponit
654 5260 777 5334 justitior,
808 5260 875 5334 quid
902 5261 1102 5333 subventionis,
1159 5270 1186 5319 ut
1202 5276 1280 5320 more
1293 5259 1490 5333 archiepiscopi
1503 5259 1719 5332 menenensis,
1735 5262 1787 5321 sub
1800 5266 1956 5327 obedientia

308 5352 499 5425 qnidconsilii,
524 5352 597 5425 quod
612 5350 757 5409 solaminis
771 5350 809 5406 ibi
837 5350 967 5424 deinceps
995 5350 1024 5407 iu
1051 5342 1143 5407 susD
1159 5349 1262 5410 domini
1276 5364 1356 5423 popa
1369 5348 1471 5407 Urbeni
1495 5347 1523 5405 in
1536 5349 1635 5424 engle
1658 5352 1750 5413 rivam
1777 5355 1955 5430 permitterc;

954 5500 1171 5561 uunsctfflrttt
1189 5500 1304 5559 NOTAE.

342 5630 381 5702 (n)
395 5626 560 5689 bibonensis
573 5628 704 5689 Ecclesioe
714 5632 864 5703 episcopus
876 5644 946 5687 nnus
955 5645 990 5687 ex
998 5638 1104 5703 septem
1194 5629 1232 5701 (b)
1245 5626 1372 5685 weltere
1386 5625 1449 5684 hnic
1459 5624 1703 5701 legstoecrdinoli,
1725 5636 1789 5691 tunc
1802 5627 1843 5689 in*
1858 5632 1959 5708 tugis

306 5718 520 5793 cnllctmlibus,
536 5734 644 5780 stimmo
665 5719 786 5793 pontifici
813 5718 949 5793 propriori
964 5718 1104 5793 dignitatis
1158 5716 1296 5788 11111111,
1311 5716 1392 5774 binas
1405 5716 1517 5786 scripsit
1531 5717 1564 5775 S.
1587 5717 1734 5779 llnselnsus
1747 5720 1822 5793 spon
1834 5722 1958 5795 lleynsn·

305 5808 391 5883 gradu
407 5808 555 5871 subserrit.
1157 5806 1225 5867 dum
1236 5805 1287 5867 tio.
1304 5818 1348 5879 m,
1364 5805 1588 5880 spinolastees
1601 5808 1646 5866 21.
