4750 6725
349 615 400 673 tta
894 615 1063 674 HISTORIA
1078 613 1264 674 Novoatttt.
1280 645 1316 658 —
1329 617 1392 674 tto.
1410 618 1457 676 lli.
1950 619 2002 676 tlh

348 739 422 798 Tune
437 739 480 797 vir
493 741 658 813 apostoliens
672 741 768 815 paucis
784 743 842 802 herc
859 741 940 800 verba
954 740 1059 800 loeutus
1082 751 1123 800 est
1139 760 1146 806 ;
1162 741 1191 802 Α
1205 759 1222 801 a
1236 759 1309 818 papa
1323 745 1448 817 obtinuit,
1463 746 1555 821 sicque
1569 747 1709 806 Romanos
1727 746 1795 806 fines
1809 745 1947 805 remeandi
1960 744 2006 803 via

349 851 360 879 ι
379 829 407 886 Si
422 830 652 902 quemadmodum
667 831 744 900 dicis,
773 847 820 889 rex
842 840 903 888 tuus
924 849 973 890 uec
996 847 1046 904 pro
1069 832 1157 904 regni
1203 835 1327 890 mutavit.
1345 833 1433 905 Quem
1448 851 1509 905 nos,
1523 837 1605 894 ductu
1619 838 1749 911 gloriosa
1762 835 1947 906 blathildislc)
1961 849 2007 890 co·

346 919 492 975 amissione
519 920 642 992 patietur
666 919 847 976 Ecclesiarurn
874 922 1034 978 donationes
1063 921 1147 978 amit·
1203 924 1316 980 mitissae
1331 941 1379 996 per
1392 925 1475 996 atpes
1490 927 1530 998 (h)
1543 935 1649 994 euntes,
1662 941 1725 984 cum
1744 927 1818 998 apud
1841 923 2007 981 Placentiam

347 1013 412 1078 tere,
428 1009 498 1064 scias
513 1024 587 1078 ecce,
604 1025 696 1065 eoram
713 1010 771 1065 Deo
781 1009 854 1078 dieo,
871 1009 935 1080 quia
955 1025 1004 1067 neo
1027 1025 1077 1082 pro
1101 1026 1147 1066 re-
1203 1013 1411 1084 reperissemus‚
1424 1023 1478 1069 tam
1493 1016 1616 1071 velocem
1632 1016 1749 1072 hominis
1762 1031 1872 1072 curcum
1897 1012 2007 1069 abacto

346 1095 502 1168 demptione
526 1098 568 1153 sni
592 1097 689 1168 capitis
707 1114 754 1152 eus
776 1097 816 1152 illi
840 1097 989 1169 aliquando
1011 1098 1148 1156 Paschalis
1202 1101 1318 1159 Nicolao
1333 1101 1459 1159 admirati
1473 1103 1618 1161 admodum
1643 1121 1746 1160 aumas.
1771 1102 1901 1176 Epistolae
1923 1115 2005 1173 quam

343 1198 417 1256 papa
430 1183 540 1258 impune
554 1187 689 1258 permittet
704 1187 814 1242 hahere.
833 1211 845 1234 ι
865 1185 926 1256 Quo
950 1187 1070 1244 auditum
1094 1203 1147 1258 op·
1203 1190 1261 1262 regi
1275 1190 1370 1247 detulit
1385 1198 1474 1248 textus
1489 1194 1535 1249 hic
1549 1202 1589 1250 est
1604 1211 1611 1248 ε

344 1271 410 1344 pido
425 1274 594 1330 conturbavit
608 1273 813 1330 willhelmum.
829 1274 1060 1331 Romanisautem
1075 1274 1148 1332 dicto
1241 1279 1408 1336 «Paschalis
1422 1281 1580 1352 episeopus,
1605 1297 1698 1338 servus
1718 1295 1859 1338 servorum
1882 1278 1943 1343 Dei,
1967 1277 2004 1334 il·

344 1361 479 1433 pontilicis
501 1361 712 1418 acclamantibus
741 1370 866 1434 optatum
896 1364 1080 1420 incommune
1108 1372 1149 1420 est
1203 1367 1279 1423 lustri
1294 1376 1321 1424 et
1334 1368 1456 1440 glorioso
1468 1369 1527 1440 regi
1547 1371 1708 1443 anglorum,
1733 1369 1861 1438 ilenrico,
1889 1367 2006 1424 salutem

344 1459 478 1521 quatemm
493 1451 545 1506 ista
559 1451 723 1508 existimatio
748 1453 844 1523 procul
869 1451 904 1508 ab
932 1453 1058 1510 omnihus
1087 1451 1149 1510 liliis
1203 1465 1230 1512 et
1244 1457 1420 1527 apostolicam
1439 1458 1665 1516 benedictionem.

343 1539 474 1596 Ecclesia
490 1538 574 1613 lieret,
601 1540 779 1611 apostolicam
804 1541 932 1597 videlicet
957 1541 1048 1598 sedem
1076 1559 1148 1598 nun·
1242 1547 1301 1600 «In
1317 1545 1414 1603 liberis
1429 1563 1597 1622 quasnoper
1610 1547 1645 1604 ad
1672 1561 1762 1618 nos·
1790 1555 1849 1606 cto.
1883 1547 1946 1605 Vide
1973 1545 2005 1602 ia

343 1643 426 1700 quarn
441 1628 574 1685 iacturam
589 1630 688 1686 ostium
704 1629 785 1687 ovilis
799 1629 850 1686 Dei
873 1629 971 1687 laicum
987 1630 1147 1701 quemlibet.
1204 1634 1346 1692 Poscholi.

344 1715 517 1791 Quapropter
531 1717 616 1785 aliud,
632 1717 716 1788 aiunt,
732 1719 791 1792 regi
812 1719 1009 1790 respondeatur
1033 1720 1107 1792 quod
1122 1727 1150 1777 et
1240 1725 1280 1779 tc
1294 1739 1355 1793 uos,
1371 1740 1427 1782 una
1442 1742 1505 1782 cum
1519 1726 1680 1785 Willhelmo
1693 1726 1865 1785 Placentinos
1876 1725 2004 1784 finesde-

343 1803 422 1862 illum
437 1821 469 1862 ac
483 1805 553 1863 hene
567 1807 706 1878 agendum
720 1807 852 1878 paulatim
863 1807 1028 1878 demulceat,
1041 1815 1068 1866 et
1081 1809 1148 1866 alio·
1204 1817 1333 1882 serentes,
1348 1816 1463 1885 protecti
1479 1815 1569 1888 gratia
1582 1816 1643 1884 Dei,
1659 1816 1719 1872 sani
1733 1824 1760 1872 et
1772 1816 1923 1874 incolumes
1950 1815 2006 1870 Lu·

343 1909 403 1950 rum
416 1893 547 1952 eliensem
561 1895 716 1968 principum
734 1895 834 1952 exinde
861 1895 948 1953 ltoma
975 1911 1029 1954 noo
1054 1897 1147 1954 incur·
1203 1901 1326 1974 gdunum
1340 1918 1425 1974 usque
1439 1906 1629 1975 pervenimus,
1644 1905 1730 1962 actori
1743 1905 1801 1962 illic
1814 1904 1911 1962 testum
1929 1903 2004 1976 qnod

341 1991 393 2040 rat.
424 1985 520 2056 ltaque
551 1987 732 2043 Romanorum
760 1982 874 2042 consilio
901 1999 973 2057 papa
1003 1987 1148 2044 nonnullos
1202 1989 1320 2047 instabat
1333 1991 1484 2050 Dominicae
1498 1994 1663 2050 Natiuitatis.
1679 1993 1738 2051 Sed
1751 2009 1815 2052 com
1829 1991 2006 2050 willhelmus

346 2079 475 2143 paternos
489 2089 565 2144 usus,
587 2073 735 2130 interdictis
760 2072 872 2130 omnino
897 2074 1076 2132 Ecclesiarum
1104 2075 1149 2132 in·
1165 2103 1192 2164 B
1207 2078 1354 2150 insonaret,
1364 2097 1416 2137 nec
1429 2082 1571 2139 nobiscum
1586 2082 1746 2157 Lugdunum
1761 2081 1890 2140 divertire
1911 2081 2006 2155 rellet,

346 2161 494 2232 vestituris,
511 2163 567 2235 regi
582 2161 727 2231 concessit,
744 2177 859 2234 eumque
873 2163 907 2219 ab
926 2163 1151 2221 excommunica·
1206 2169 1357 2240 separando
1379 2185 1410 2226 se
1436 2184 1453 2226 a
1480 2171 1567 2227 Patris
1591 2173 1731 2240 comitatu,
1745 2172 1814 2229 dixit
1827 2171 1854 2228 ei
1870 2187 1877 2227 ι
1893 2191 1904 2220 ι
1922 2172 2005 2227 Ριιι·

345 2249 433 2320 tione,
464 2267 544 2323 quam
573 2261 771 2309 antecessorem
798 2267 875 2308 suum
906 2252 1002 2308 iecisse
1029 2255 1152 2326 superius
1205 2255 1269 2314 hcm
1285 2259 1380 2316 Romae
1395 2273 1508 2316 causam
1522 2269 1641 2318 nostrum
1655 2260 1708 2318 alio
1735 2270 1832 2320 eventu
1855 2275 2004 2333 processu-

343 2339 473 2410 diximus,
488 2339 638 2398 immunem
653 2341 687 2396 ad
704 2349 809 2412 tempus
835 2341 982 2410 constituit,
1008 2342 1048 2400 eis
1077 2343 1147 2399 dun·
1204 2362 1273 2420 ram,
1290 2347 1432 2406 etidcirco
1446 2349 1537 2406 distuli
1551 2365 1584 2407 ea
1612 2367 1673 2422 quas
1699 2367 1748 2408 rex
1777 2350 1903 2408 dominus
1927 2365 2006 2406 meua

345 2437 420 2486 taxat
434 2431 480 2501 qui
495 2446 511 2486 a
525 2445 607 2486 manu
622 2429 706 2501 ipsius
719 2428 891 2487 investituras
914 2439 1092 2502 susceperant
1106 2431 1149 2490 vel
1206 2435 1253 2493 tihi
1266 2436 1383 2495 dicenda
1410 2438 1549 2495 mandavit
1575 2439 1717 2511 hocusque
1742 2440 1897 2512 propalare.
1925 2438 2004 2496 Nunc

344 2519 476 2591 deinceps
491 2519 669 2592 susciperent,
682 2535 768 2590 usque
782 2519 816 2575 ad
833 2519 945 2592 dignam
967 2519 1033 2576 tanti
1056 2529 1149 2578 reatus
1205 2529 1297 2577 autem
1311 2523 1384 2593 quia,
1398 2524 1482 2580 citato
1496 2539 1603 2596 gressu
1618 2522 1653 2580 ad
1672 2539 1734 2581 eum
1757 2523 1847 2580 redire
1873 2521 2003 2596 dispono,

343 2607 567 2676 satisfactionem,
582 2609 781 2680 preservande
804 2607 983 2665 ecclesiastici
1005 2609 1148 2681 disciplina
1204 2625 1266 2679 quoe
1280 2610 1393 2667 mandat
1405 2613 1520 2668 ulterius
1530 2613 1699 2670 abscondere
1709 2613 1785 2670 uolo.
1800 2611 1872 2668 Dicit
1894 2609 1961 2684 quia
1982 2612 2005 2670 si

344 2697 453 2771 rigoris,
470 2697 521 2753 suh
536 2696 823 2754 excommunicationis
837 2705 932 2753 catena
947 2697 1069 2754 retentis.
1092 2699 1147 2754 lte·
1203 2697 1245 2754 sio
1258 2699 1295 2754 ad
1310 2715 1373 2754 eum
1387 2699 1509 2768 redieris,
1524 2708 1553 2756 ut
1567 2701 1648 2758 talem
1664 2709 1689 2757 te
1702 2701 1743 2756 illi
1754 2700 1905 2773 perornnia
1920 2699 2004 2758 ticin

342 2785 390 2858 gia
404 2786 488 2859 igitur
505 2799 586 2843 causa
613 2802 673 2858 quae
699 2786 840 2860 agebatur,
870 2785 917 2842 tali
942 2786 1025 2844 modo
1051 2786 1146 2844 Romae
1203 2786 1296 2858 quales
1310 2787 1531 2846 antecessoribus
1545 2789 1601 2846 suis
1614 2797 1800 2846 antecessores
1813 2789 1850 2844 tui
1864 2805 1895 2844 se
1907 2789 2004 2845 iecisse

342 2882 404 2930 aeta
419 2875 596 2931 detennlnata
619 2881 667 2930 eat.
694 2874 913 2932 satisfactionem
939 2890 1003 2931 saue
1032 2875 1146 2934 investi·
1202 2885 1359 2947 noscuntur,
1374 2883 1439 2934 tunc
1452 2877 1550 2934 libenti
1563 2877 1655 2936 eninm
1670 2887 1744 2934 tuum
1757 2877 1785 2933 in
1805 2877 1933 2952 dugliam
1955 2892 2001 2934 re·

341 2969 434 3020 torum
448 2979 569 3021 censurae
584 2978 617 3022 ac
631 2963 800 3037 dispositioni
818 2963 940 3020 llnselmi
966 2980 1040 3038 papa
1068 2966 1145 3022 dele·
1190 2963 1288 3020 ditum
1307 2965 1381 3022 volet
1395 2973 1422 3022 et
1436 2966 1623 3038 amplectetur.
1641 2990 1654 3016 a
1670 2966 1720 3024 Cui
1734 2968 1813 3024 l’eter
1832 2981 1839 3023 :
1857 2967 1927 3024 «Ne
1944 2979 2002 3022 am·

339 3053 425 3126 gavit.
1199 3053 1274 3125 plius
1287 3054 1383 3110 dices?
1396 3086 1433 3096 —
1446 3054 1575 3111 Prudeuti
1590 3056 1697 3128 loquor,
1721 3055 1768 3113 eit.
1784 3081 1795 3106 ι
1827 3057 1886 3113 liae
1913 3055 1948 3111 de
1970 3071 2001 3112 re

375 3142 439 3198 Post
452 3143 513 3200 haec
526 3142 678 3214 anselmus,
697 3141 765 3198 actis
793 3157 855 3198 cum
884 3141 1010 3214 pontifice
1034 3142 1090 3200 sois
1118 3151 1145 3200 et
1200 3141 1270 3197 nihil
1284 3141 1497 3215 ampliusdicto.
1512 3146 1546 3200 tt
1557 3144 1627 3202 ille:
1646 3167 1658 3194 ι
1675 3144 1740 3203 Soio
1753 3143 1817 3216 quid
1832 3145 1906 3201 dicas
1919 3151 2001 3217 atque

339 3229 457 3289 alterurn
473 3232 507 3288 de
522 3231 680 3288 Christiane
693 3229 833 3304 religionis
854 3231 1025 3288 observantia
1049 3233 1143 3289 multi-
1198 3230 1334 3304 intelligo.
1353 3254 1364 3282 a
1380 3232 1468 3291 Divisi
1482 3248 1548 3306 ergo
1562 3234 1665 3290 suntin
1678 3234 1740 3290 istis
1754 3233 1790 3291 ab
1817 3234 1943 3302 invicem,
1972 3241 2000 3291 et

337 3317 460 3392 plicibus
474 3321 571 3387 causis,
587 3336 649 3395 quae
677 3327 738 3393 post
764 3319 914 3393 principale
937 3319 1076 3395 negotium
1101 3320 1143 3377 sui
1198 3320 1346 3377 anselmus
1361 3336 1470 3379 summo
1483 3337 1545 3379 cum
1559 3322 1811 3397 honoreetgaudio
1822 3320 1999 3381 avenerabili

336 3408 442 3465 itineris
457 3424 512 3466 non
530 3409 731 3482 vilipendenda
759 3423 850 3467 causae
880 3409 996 3477 luerunt,
1025 3410 1142 3465 reditum
1196 3410 1314 3481 lingone
1328 3410 1501 3481 lugdunensi
1514 3412 1721 3483 archiepiscopo
1736 3421 1763 3468 et
1776 3420 1833 3468 toto
1851 3412 1927 3469 clero
1951 3427 1999 3467 su·

335 3514 418 3553 suum
433 3498 584 3569 apostolica
598 3498 675 3571 petiit
688 3496 881 3555 benedictione
896 3496 976 3553 tueri.
987 3498 1033 3553 Cui
1043 3513 1117 3569 papa
1133 3516 1141 3556 ι
1156 3461 1182 3525 C
1199 3506 1319 3569 sceptus,
1335 3499 1363 3553 in
1378 3501 1511 3571 majorem
1526 3501 1670 3557 ecclesiam
1683 3500 1779 3557 ductus
1792 3505 1843 3567 est,
1858 3499 1951 3571 ibique
1970 3509 2001 3556 ut

338 3610 350 3637 a
368 3586 533 3657 Benedictio,
549 3602 630 3659 quam
645 3586 793 3653 desideras,
810 3586 847 3641 ita
873 3593 897 3641 te
911 3586 1054 3642 comitetur
1077 3587 1141 3642 ubi·
1198 3587 1279 3642 Pater
1292 3596 1319 3642 et
1333 3587 1462 3643 dominus
1477 3588 1530 3645 loci
1544 3589 1579 3644 ab
1594 3588 1721 3645 omnibus
1732 3588 1851 3644 habitus.
1880 3588 1998 3645 Directis

335 3691 390 3747 que
405 3675 474 3731 sicut
488 3677 602 3749 ipsemet
615 3684 704 3749 optas.
721 3676 755 3731 lit
767 3691 802 3731 ne
818 3692 834 3731 a
848 3674 987 3729 liminibus
1002 3683 1142 3745 pastorum
1198 3673 1299 3730 interea
1314 3676 1417 3730 nuntiis
1430 3692 1462 3731 ac
1474 3676 1572 3732 litteris
1600 3677 1636 3734 ad
1664 3692 1758 3749 regem
1786 3676 1903 3748 Angliae,
1928 3675 1999 3750 gesti

334 3765 475 3822 Ecclesiae
486 3765 605 3823 videaris
613 3764 741 3821 immunis
752 3762 910 3832 abscedere,
918 3779 950 3819 eu
961 3763 1023 3820 vice
1031 3763 1142 3819 illorum
1196 3764 1447 3835 negooisummam
1462 3764 1589 3835 innotuit,
1604 3764 1709 3837 etquid
1727 3778 1745 3821 a
1771 3763 1935 3820 willhelmo
1963 3780 1999 3820 ex

336 3854 386 3909 tibi
401 3854 511 3925 scripta,
528 3870 585 3910 suae
600 3852 766 3909 auctoritatis
780 3852 872 3925 sigillo
893 3852 1030 3921 roborata,
1058 3867 1141 3909 manu
1194 3852 1357 3923 parteillius
1371 3854 1516 3927 acceperit,
1537 3851 1606 3910 inter
1629 3852 1682 3911 alia
1707 3869 1763 3910 nou
1790 3850 1898 3909 celavit
1928 3851 1996 3922 Qua

333 3951 429 3999 nostra
443 3942 617 4014 porrigimus,
633 3949 660 3999 et
674 3957 707 3998 ea
720 3956 781 4013 quaa
797 3940 934 3997 continent
958 3938 1009 3995 suh
1031 3939 1140 3997 illorum
1195 3940 1293 3997 litterae
1308 3948 1369 3996 sunt
1383 3941 1445 3997 hcc:

334 4032 493 4088 testimonio
508 4030 556 4087 tibi
569 4040 596 4087 et
621 4030 823 4089 successoribus
846 4030 898 4087 tuis
926 4029 954 4085 in
981 4039 1140 4102 perpetuum
1233 4028 1317 4086 «Suo
1331 4030 1483 4087 reverendo
1509 4029 1621 4088 domiuo
1647 4028 1775 4100 ilenrico,
1804 4030 1865 4104 regi
1888 4030 1997 4105 anglo·

333 4118 537 4177 confirmamus.
559 4146 572 4168 ι
588 4120 664 4177 Datis
688 4134 755 4193 ergo
782 4116 889 4189 litteris,
918 4118 1056 4177 osculatus
1084 4119 1139 4176 Pa·
1194 4134 1264 4189 mm,
1279 4118 1426 4175 anselmus
1440 4119 1643 4177 cantuariensis
1661 4119 1892 4195 archiepiscopus,
1915 4118 1998 4179 fidele

336 4218 416 4279 trem,
432 4216 460 4265 et
474 4224 524 4265 uos
538 4209 585 4283 qui
600 4224 662 4265 cum
676 4222 710 4265 eo
724 4221 844 4279 eramus,
860 4207 919 4263 Deo
932 4222 982 4263 uos
996 4220 1138 4265 commen·
1192 4206 1336 4264 servitium
1351 4223 1412 4264 cum
1425 4208 1604 4266 orationihus.

333 4296 457 4355 davitae
471 4297 510 4355 sic
523 4300 552 4355 in
565 4313 634 4370 pace
649 4294 760 4353 dimisit.
775 4294 936 4353 litterarum
950 4304 1041 4353 autam
1056 4298 1140 4354 series
1231 4318 1242 4345 ι
1260 4296 1393 4366 Quamvis
1404 4312 1455 4369 per
1467 4298 1657 4355 Willhelmum
1670 4298 1705 4355 de
1718 4296 1868 4355 varelwast
1889 4312 1996 4371 cogno·

333 4389 396 4445 haec
409 4395 459 4444 est.
1193 4386 1276 4441 scobs
1290 4384 1356 4457 quid
1371 4384 1466 4441 Romae
1490 4386 1646 4457 lecerimus,
1670 4392 1762 4442 tamen
1789 4384 1862 4456 quod
1887 4383 1922 4440 ad
1950 4400 1996 4441 ms

372 4499 383 4527 ιι
404 4474 539 4533 Paschalis
552 4476 705 4549 episcopus,
720 4490 817 4533 servus
830 4489 972 4533 servorum
999 4473 1059 4543 Dei,
1087 4489 1138 4533 ve·
1192 4472 1310 4546 pertinet
1324 4472 1445 4530 breviter
1461 4476 1614 4531 ostendam.
1643 4474 1759 4531 Romam
1785 4474 1857 4543 veui,
1884 4486 1995 4530 ιιιιιιιιι

333 4564 449 4623 nerabili
474 4564 551 4621 fratri
564 4565 703 4634 dnselmo,
717 4562 1061 4636 Cantusriensiepiscopo,
1091 4578 1138 4619 sa·
1192 4577 1244 4633 pro
1258 4578 1312 4635 qua
1326 4577 1465 4631 veneram,
1481 4563 1593 4620 domino
1608 4580 1686 4636 papae
1700 4563 1827 4633 exposui.
1845 4560 1996 4633 ltespondit

332 4656 421 4711 lutem
437 4662 464 4711 et
478 4654 655 4726 apostolicam
671 4652 900 4709 benedictionem.
1192 4667 1223 4707 se
1233 4666 1403 4723 nequaquam
1419 4650 1491 4707 velle
1505 4652 1647 4708 dissentire
1661 4667 1677 4707 a
1703 4651 1807 4708 statutis
1834 4658 1993 4707 antecesso-

371 4760 383 4797 ι
402 4743 588 4799 Fraternitatis
603 4751 657 4799 tuae
670 4740 905 4815 postulationihus,
928 4762 939 4789 ι
957 4748 1009 4798 ιιι.
1030 4740 1093 4798 Vide
1105 4740 1137 4796 iat
1195 4754 1257 4795 nrm
1273 4754 1396 4806 suorum,
1412 4748 1439 4795 et
1454 4740 1564 4812 insuper
1586 4740 1715 4813 praeoepit
1741 4739 1808 4795 mihi
1835 4746 1865 4795 ut
1889 4736 1993 4795 nullam

334 4834 471 4890 casotae
486 4831 524 4889 11.
1152 4802 1325 4883 Duamram
1340 4829 1559 4885 communionem
1574 4844 1636 4885 eum
1651 4828 1706 4883 uus
1720 4826 1766 4901 qut
1781 4828 1815 4883 aa
1837 4842 1921 4883 manu
1947 4834 1995 4883 aas

370 4921 458 4978 Nobis
486 4922 577 4991 itaque
604 4921 690 4977 Roma
718 4916 934 4988 discedentibus,
962 4917 1139 4975 Willhclmus
1193 4916 1370 4973 investituras
1384 4925 1546 4989 acceperunt
1560 4917 1744 4975 Ecclesiamm
1758 4925 1819 4988 post
1833 4917 1913 4987 hujus
1925 4929 1993 4987 pro·

330 5010 474 5079 remansit,
490 5025 611 5065 asserens
634 5023 693 5064 sese
716 5015 779 5065 voto
807 5006 997 5065 constrinxisse
1026 5007 1138 5064 beatum
1193 5005 1332 5061 bibitionis
1359 5006 1497 5076 notitiam,
1526 5006 1579 5061 nisi
1605 5006 1790 5077 penitentiam
1814 5012 1938 5079 agerent,
1966 5010 1994 5061 et

328 5100 475 5156 Nicolaum
489 5096 575 5166 adire,
592 5113 621 5154 re
635 5105 726 5154 autem
753 5111 819 5153 vera
847 5097 942 5153 Romae
973 5104 1136 5165 moraturus,
1193 5096 1251 5150 sine
1265 5111 1315 5166 spe
1328 5094 1542 5166 recuperationis
1555 5095 1629 5168 quod
1648 5102 1806 5167 acceperant
1825 5095 1991 5165 desererent,

329 5196 356 5244 et
371 5188 394 5243 si
408 5194 510 5258 posset,
524 5187 652 5242 llnselmo
667 5186 792 5253 ahsente,
808 5184 882 5255 quod
897 5199 930 5240 eo
944 5193 1077 5257 praeseute
1091 5200 1137 5241 na·
1192 5199 1282 5256 neque
1295 5198 1358 5239 eum
1373 5182 1519 5254 episeopis,
1535 5183 1581 5256 qui
1596 5185 1663 5240 tales
1677 5192 1880 5252 consecrarunt,
1895 5182 1992 5240 nisiad

328 5276 463 5349 quiverat,
479 5275 627 5333 andstitem
650 5290 667 5331 a
694 5274 757 5331 data
785 5273 920 5330 sententia
950 5274 1132 5331 traducturus.
1192 5271 1350 5345 apostolice
1364 5272 1440 5327 sedis
1452 5272 1583 5341 judicium
1599 5287 1628 5329 se
1655 5280 1861 5345 praesentarent.
1889 5274 1990 5331 llorom

328 5364 410 5435 Quod
425 5365 488 5435 quia
509 5378 679 5437 nequaquam
704 5363 794 5419 lacere
821 5362 918 5435 potuit,
949 5362 1137 5435 persuasorias
1191 5361 1312 5418 omnium
1328 5360 1404 5417 testis
1418 5377 1478 5417 esse
1491 5368 1580 5433 potest
1594 5362 1751 5434 praedictus.
1765 5362 1953 5431 Willhelmus,
1968 5362 1992 5418 si

328 5455 437 5513 litteras
450 5454 510 5527 regi
524 5451 698 5521 deserendas,
715 5466 749 5509 ne
777 5450 845 5509 nihil
873 5450 1010 5509 videretur
1036 5452 1135 5525 egisse,
1191 5450 1259 5509 rull.
1276 5450 1330 5521 Qui
1344 5450 1531 5521 Willhelmua,
1547 5452 1656 5525 mando
1670 5450 1704 5508 ah
1719 5451 1835 5511 invicem
1858 5451 1991 5509 discessi·

996 5602 1213 5660 auhsum-:Nu
1237 5600 1354 5661 Now.

367 5728 409 5801 (o)
424 5730 489 5787 llaec
503 5736 545 5787 est
558 5728 674 5787 celebris
686 5726 825 5784 eomitissa
840 5726 987 5795 llntbildis,
1004 5728 1137 5799 sediapo-
1188 5728 1310 5799 episcopi
1325 5728 1463 5785 Lucensis.

329 5800 439 5859 stolicoe
454 5800 633 5864 fidelissims;
650 5800 725 5869 cuius
742 5800 827 5855 Vitam
843 5798 937 5855 ltalice
951 5800 1039 5855 edidit
1054 5800 1137 5857 Fran·
1222 5800 1262 5925 qh)
1277 5799 1328 5855 l’er
1341 5802 1433 5874 Alpes,
1451 5806 1479 5857 ut
1494 5814 1570 5874 sepe
1583 5796 1660 5870 tlibi,
1674 5814 1754 5857 mons
1773 5796 1931 5872 Apenninus
1945 5794 1989 5853 in·

329 5872 418 5929 riscus
432 5872 516 5929 llada
532 5870 735 5929 Florentinius:
761 5870 795 5926 de
817 5885 870 5940 qua
899 5884 947 5926 uos
973 5887 1047 5943 saepe
1074 5872 1136 5999 efi—
1186 5870 1324 5945 tetigitur.

330 5960 400 6015 mus,
417 5948 445 6001 et
454 5944 626 6017 potissimum
642 5956 712 5999 xvur
725 5940 813 5997 htartll
828 5941 863 5999 ad
876 5940 963 5998 Vitam
973 5941 1002 5999 S.
1013 5944 1085 5999 tuse
1097 5943 1135 5998 mi
