4750 6725
386 587 438 655 679
889 598 1046 658 Etbnltttt
1071 599 1348 661 cunwtmssttsts
1372 602 1532 662 llONchl
1987 605 2040 666 tao

422 720 484 779 l’ost
498 721 567 792 herc,
583 722 661 782 brevi
676 725 806 798 temporis
823 725 911 799 spstio
930 723 1101 797 interposito,
1112 741 1184 781 nun·
1197 727 1225 789 A
1238 726 1330 784 tudine
1350 728 1465 799 prolessl
1489 738 1560 802 sunt,
1576 729 1736 805 profitearis.
1752 729 1832 803 Quod
1846 731 1869 788 si
1887 731 1917 788 in
1930 731 2039 804 iisqne

387 809 439 866 tius
451 825 484 869 ex
499 821 574 886 parte
588 815 698 873 Thomas
711 815 748 872 ad
767 815 925 872 Anselmum
940 813 1057 871 directus
1070 814 1185 882 litteras,
1239 818 1343 889 coepisti
1371 819 1460 893 magis
1480 836 1656 893 perseverare
1680 837 1761 894 quam
1784 820 1819 876 ab
1842 822 1882 878 eis
1908 820 2045 880 desistere

388 917 456 975 quas
471 917 533 960 ecce
544 903 697 972 scribimus,
705 903 798 978 sigillo
809 905 882 978 regis
893 903 1185 975 inclusaseiporrexit.
1241 907 1384 980 delegeris,
1413 908 1539 966 omnibus
1567 910 1704 983 episcopis
1728 911 1812 967 totius
1832 910 1977 967 Britanniae
1991 910 2044 968 suh

427 1015 437 1042 ι
455 993 596 1058 hienricus,
622 993 671 1048 liei
694 993 793 1066 gretia,
814 1009 860 1048 rer
878 993 1044 1066 cupiarum,
1058 992 1187 1051 Anselnro
1240 1005 1375 1070 perpetuo
1389 999 1561 1056 anathemate
1575 999 1718 1070 interdico,
1732 1016 1767 1056 na
1785 999 1833 1056 tibi
1848 999 1919 1057 ullus
1933 1015 2043 1057 eamn:

388 1080 574 1137 Cantunriensi
589 1081 803 1153 archiepiscopo,
816 1083 898 1139 oharo
913 1081 987 1137 Patri
1001 1096 1062 1150 suo,
1073 1080 1188 1138 salutem
1243 1101 1339 1142 manus
1351 1085 1385 1143 ad
1400 1087 1599 1159 promotionem
1615 1088 1786 1160 pontificatus
1803 1090 1936 1160 imponat,
1951 1088 2006 1154 rel,
2022 1090 2046 1146 si

385 1178 413 1227 et
427 1169 582 1226 amicitiam.
1242 1174 1277 1230 ab
1302 1175 1420 1231 extemis
1446 1180 1590 1248 promotus
1618 1177 1711 1246 lucris,
1727 1193 1777 1250 pro
1796 1178 1926 1249 episcopo
1948 1177 1993 1234 rel
2018 1176 2047 1234 in

426 1279 437 1307 u
455 1257 553 1314 ldando
577 1258 655 1314 robis
679 1265 707 1314 ut
736 1260 926 1332 reexspectetis
947 1275 1025 1330 aeqno
1048 1259 1138 1315 animo
1162 1265 1189 1316 et
1242 1263 1334 1336 aliqua
1357 1263 1509 1321 christiana
1536 1267 1727 1323 communione
1759 1274 1785 1323 te
1819 1265 1958 1337 suscipiat.
1985 1265 2047 1323 libi

386 1345 459 1402 hona
478 1346 616 1403 voluntate
636 1346 853 1405 benedictionem
873 1349 983 1404 Thomae
1007 1347 1188 1404 liboraoensis
1243 1368 1360 1425 quoque,
1384 1354 1498 1422 Thema,
1523 1355 1573 1410 snb
1595 1356 1692 1412 eodem
1716 1357 1888 1412 anathemate
1911 1371 1944 1411 er
1969 1362 2048 1427 parte

386 1435 583 1507 archiepiscopi
606 1452 693 1508 usqne
719 1437 753 1491 ad
784 1438 894 1505 Pascha,
910 1444 937 1493 et
960 1436 1092 1510 quidquid
1120 1437 1191 1494 inter
1243 1441 1293 1497 Dei
1307 1441 1438 1499 interdico
1452 1451 1481 1499 ut
1500 1460 1639 1517 nunquam
1656 1444 1874 1501 benedictionem
1896 1444 2048 1517 episcopu-

386 1539 435 1580 vos
449 1523 512 1582 inde
526 1531 616 1580 actum
631 1533 679 1582 est.
696 1525 754 1597 Ego
768 1525 851 1592 enirn,
880 1525 903 1580 si
929 1525 999 1581 inlra
1027 1526 1186 1597 praediotum
1244 1538 1284 1586 tus
1307 1531 1487 1588 Eboraoensis
1509 1532 1649 1605 suscipias,
1665 1534 1717 1588 nisi
1748 1533 1824 1605 prius
1847 1533 2048 1604 pmlessionem

388 1613 532 1670 terminum
547 1612 574 1668 in
596 1613 721 1686 Angliam
736 1613 854 1682 rediero,
870 1614 982 1671 consilio
997 1615 1188 1686 episcoporum
1243 1635 1325 1690 quam
1339 1628 1528 1677 antecessores
1543 1622 1580 1677 tui
1595 1623 1713 1678 Thomas
1726 1629 1755 1678 ot
1765 1622 1899 1678 Girsrdns
1912 1621 2048 1678 Ecclesite

387 1710 415 1757 et
435 1701 568 1758 hamnum
597 1717 720 1758 meorum
746 1719 796 1760 ros
816 1702 888 1773 juste
915 1714 942 1760 ot
962 1703 1110 1760 honorilice
1125 1704 1188 1761 inde
1201 1715 1229 1776 Β
1244 1708 1429 1765 cantuariensi
1444 1711 1566 1767 lecemnt
1585 1711 1679 1767 iacias.
1702 1710 1731 1766 st
1751 1719 1842 1767 autem
1856 1711 2049 1782 episcopatum

387 1790 571 1846 concordabo.
587 1790 666 1862 Quod
691 1791 714 1846 si
737 1797 792 1846 tam
816 1791 870 1849 cito
893 1808 948 1848 non
969 1792 1084 1859 rediem,
1101 1792 1188 1848 taliter
1244 1796 1443 1855 Eborecensem
1458 1815 1491 1856 ex
1520 1807 1575 1856 toto
1601 1798 1743 1866 dimiseris,
1769 1799 1891 1856 concedo
1913 1798 2049 1857 utofficio

386 1877 450 1934 inde
477 1894 567 1952 agam,
583 1879 655 1951 qnod
678 1878 797 1936 fraterna
822 1897 873 1952 par
899 1885 925 1937 et
949 1880 1020 1938 hona
1042 1880 1189 1938 concordia
1242 1887 1412 1958 sacerdotali,
1428 1888 1572 1962 quodiam
1592 1888 1762 1960 suscepistis,
1777 1888 1871 1944 utaris.
1890 1910 1901 1937 s

386 1965 457 2023 inter
470 1982 520 2024 ros
534 1967 598 2024 erit.
621 1991 632 2018 r
1278 1976 1355 2033 llanc
1383 1977 1524 2048 epistolam
1553 1978 1681 2034 omnibus
1704 1977 1840 2049 episeopis
1861 1975 1978 2051 siglis,
1994 1977 2050 2033 sin-

423 2071 468 2125 hd
482 2071 542 2126 hmo
556 2079 649 2128 nuntio
663 2072 766 2144 potenti
781 2072 846 2144 qnid
862 2071 1004 2130 huselmns
1027 2073 1109 2132 vellet
1123 2072 1188 2130 darc
1243 2065 1339 2137 gulam
1356 2065 1482 2140 singulis,
1502 2083 1565 2124 cum
1588 2082 1638 2123 ⁸¹1⁰
1666 2067 1757 2141 sigillo
1778 2066 1888 2133 dimili
1899 2065 2052 2139 ῦῦῑΰΰῑψθ

387 2159 521 2230 responsi,
538 2159 629 2216 dixit:
657 2160 721 2217 ‹Se
736 2163 794 2232 regi
809 2162 854 2233 qni
869 2161 920 2218 sibi
935 2161 1035 2218 litteras
1049 2161 1121 2217 misit
1134 2177 1189 2218 nnn
1243 2153 1375 2209 ¹1¹⁸¹ld¹¹ls
1396 2162 1477 2227 atque
1501 2154 1671 2227 milliens,
1701 2171 1752 2226 lle?
1771 2163 1890 2211 ⁸³¹¹⁰ll¹¹¹¹
1912 2154 2050 2211 0Μῶθῦ-

388 2248 499 2303 Thomre
526 2263 726 2320 responsurum.
743 2272 758 2299 n
784 2249 915 2323 Delegata
945 2249 1028 2324 igitur
1053 2248 1189 2322 legatione
1243 2242 1309 2298 liam
1343 2259 1422 2314 ‘luam
1460 2245 1592 2302 Ecclesiae
1625 2244 1810 2302 Cflsslufflensi
1841 2244 1987 2314 debebflssir
2015 2251 2050 2300 11‘

389 2336 471 2406 huius
492 2337 533 2392 rei
558 2336 647 2393 Odoni
675 2338 780 2396 decano
807 2339 937 2396 Ecclesia
962 2339 1147 2407 cicestrensis,
1163 2346 1191 2394 et
1243 2333 1390 2388 secundum
1406 2335 1479 2409 qnod
1493 2335 1521 2389 in
1535 2334 1582 2389 illa
1596 2335 1727 2406 scriptum
1742 2341 1809 2406 erat,
1825 2349 1859 2391 se
1874 2349 1940 2408 erga
1954 2333 2049 2405 ipsum

388 2425 505 2482 tllholdo
525 2427 785 2484 monachocoenobii
805 2427 912 2485 Sanctae
928 2429 1023 2484 Mariae
1033 2428 1187 2496 Beroensis,
1242 2420 1376 2476 Thomtm
1391 2422 1520 2494 ‹leinceps
1533 2430 1664 2479 tenerent·

390 2513 536 2572 destinavit
558 2530 606 2570 eos
624 2515 652 2571 in
670 2516 897 2573 Northmanniam
917 2517 952 2573 ad
970 2533 1064 2592 regem
1079 2532 1192 2574 narrare
1281 2511 1345 2565 Post
1368 2511 1427 2566 haec
1447 2511 1555 2567 ¹1Kfll·
1572 2512 1634 2568 Maii
1656 2511 1799 2568 defunctus
1826 2519 1866 2568 0⁸³
1894 2510 2052 2569 Cffllwfae

390 2601 430 2658 illi
446 2611 530 2660 toturn
546 2603 618 2676 quod
633 2605 772 2678 praesentis
787 2605 891 2661 dissidii
913 2613 1015 2674 tenore,
1037 2606 1106 2661 iuter
1120 2622 1150 2662 se
1163 2613 1192 2661 et
1244 2592 1273 2648 5¹¹
1296 2595 1438 2666 melffllwil
1461 2596 1528 2652 Sede
1541 2595 1677 2667 lll0ll⁰S¹¹³
1691 2597 1773 2652 9³¹⁰?
1786 2595 1939 2665 3¹¹⁵0¹ffl¹1⁵s
1955 2603 1983 2652 0²
2003 2596 2052 2653 ‘¹⁵⁶

390 2691 577 2749 Ebomoenses
591 2701 681 2750 actum
696 2694 847 2751 exstiterat.
867 2695 1005 2769 lingerent
1019 2695 1100 2751 etiam
1116 2694 1190 2750 illum
1245 2682 1380 2753 willemi»
1396 2699 1457 2755 ‘luae
1471 2682 1523 2738 suli
1536 2683 1621 2740 coenl
1634 2683 1755 2749 D⁰ffli¹¹5r
1771 2684 1798 2739 5¹¹
1811 2683 1909 2755 malm
1930 2683 2053 2741 0⁰⁰¹⁹³l⁸

390 2784 522 2848 quatenus
537 2793 593 2834 susc
613 2779 781 2834 auctoritatis
800 2779 965 2852 ingenuitate
989 2787 1015 2835 et
1035 2779 1192 2850 provisione
1245 2771 1280 2826 ad
1294 2779 1375 2841 capul
1397 2772 1559 2829 venerande
1579 2772 1717 2828 memoriae
1730 2771 1877 2829 Lsnhanoi
1891 2771 2052 2844 predeces-

390 2871 534 2938 satageret,
549 2881 584 2924 oe
600 2867 739 2941 integritas
761 2868 969 2925 Christianitatis
990 2869 1017 2924 in
1031 2869 1087 2924 duo
1105 2867 1193 2924 divisa
1245 2860 1315 2916 ⁸⁰ris
1337 2861 1388 2928 ⁵¹15,
1409 2859 1558 2917 h⁰¹¹0lffi⁰⁰
1581 2860 1712 2933 Selllssfflssr
1733 2859 2054 2917 ⁸⁰⁰⁰1¹1⁰⁸m⁸fivelbi

391 2948 561 3006 scinderetur
583 2951 610 3006 in
632 2952 739 3025 Anglia,
756 2960 844 3008 certus
858 2953 975 3009 existens
990 2951 1063 3024 quod
1076 2952 1192 3008 scissio·
1245 2948 1392 3005 millesimo
1406 2950 1553 3006 centesimo
1573 2965 1655 3020 nono,
1671 2950 1748 3023 regni
1771 2964 1838 3006 sero
1858 2948 1967 3006 hienrici
1981 2949 2049 3022 glo·

390 3051 463 3106 nem,
489 3039 566 3108 juxta
595 3039 701 3095 Domini
729 3040 842 3111 dictum,
875 3040 1008 3098 desolatio
1036 3049 1194 3112 sequeretur
1206 3035 1310 3146 Criosi
1329 3037 1402 3111 regis
1412 3038 1564 3110 ,lngiorem
1581 3053 1664 3106 nono,
1674 3037 1845 3110 pontificatus
1858 3045 1950 3094 sutem
1959 3038 2050 3109 ipsius

392 3126 470 3196 (luc.
482 3143 523 3197 xr,
536 3127 590 3199 Π).
607 3129 646 3184 lle
661 3129 781 3185 induciis
796 3139 885 3187 autem
901 3145 969 3202 quas
988 3131 1099 3188 Thomas
1117 3129 1191 3185 Eho·
1245 3125 1366 3181 haselmi
1380 3141 1441 3193 avr,
1457 3126 1544 3182 estatis
1555 3127 1831 3199 vemseptnagesimo
1842 3134 1931 3183 sexto.

391 3217 495 3271 raccnsl
521 3215 726 3289 archiepiscopo
754 3216 811 3273 dari
839 3219 1025 3286 mandaverat,
1044 3233 1093 3288 pro
1117 3225 1192 3274 certo
1281 3215 1376 3285 ltaque
1402 3223 1464 3287 post
1491 3216 1560 3286 haec,
1575 3214 1672 3287 paucis
1694 3215 1790 3271 diebos
1819 3214 1945 3284 evolutis,
1974 3215 2053 3272 venit

390 3304 471 3359 sciret
491 3304 563 3377 quod
587 3306 663 3379 prius
681 3313 819 3380 peteretur
832 3310 903 3364 totus
917 3307 1087 3364 membratim
1102 3307 1192 3364 disse·
1245 3302 1371 3374 Angliam
1387 3303 1516 3358 missusa
1543 3305 1702 3361 venerenda
1716 3319 1824 3361 summo
1837 3302 1965 3378 pontifice
1977 3304 2051 3359 l‘as-

389 3392 447 3448 ‘cari
458 3410 539 3466 quam
555 3396 590 3452 de
604 3396 724 3469 negotio,
741 3397 768 3451 in
788 3413 841 3468 quo
862 3397 937 3453 illum
959 3404 1052 3454 contra
1068 3396 1193 3468 antiquas
1245 3391 1333 3458 cbsle,
1358 3392 1473 3449 clericus
1487 3392 1598 3465 quidam
1612 3394 1729 3464 (Ulcirus
1746 3392 1856 3449 nomine
1872 3394 1898 3463 b)
1915 3394 2049 3449 cardinu-

391 3490 543 3539 ssnctorum
559 3486 666 3540 Petrum
683 3485 844 3556 sanctiones,
861 3486 884 3540 si
903 3486 998 3556 injuste
1017 3493 1043 3542 at
1060 3484 1192 3542 adversus
1246 3479 1280 3536 lis
1299 3488 1399 3536 sanotae
1419 3481 1549 3537 llomaure
1572 3480 1707 3540 Ecclesiae.
1734 3482 1784 3537 llic
1808 3481 1918 3553 pallium
1941 3481 2050 3539 Ebora-

391 3570 478 3627 Deum
493 3572 611 3630 erexisse
625 3574 736 3643 sciehat,
752 3575 795 3631 vel
810 3574 845 3629 ad
859 3576 955 3630 horam
970 3574 1031 3629 illas
1044 3573 1191 3647 aliquando
1246 3568 1321 3626 censi
1342 3570 1472 3626 recissa
1485 3585 1576 3626 secum
1599 3569 1699 3636 ierem,
1714 3569 1761 3625 uhi
1782 3570 1877 3626 didicit
1890 3570 2053 3627 Anselmum

390 3658 479 3715 daret.
505 3662 615 3719 Reversi
630 3664 725 3731 nuntii,
742 3665 863 3720 reserant
881 3680 974 3737 regem
1001 3678 1080 3736 aequo
1099 3662 1191 3719 animo
1245 3657 1328 3713 vitam
1353 3657 1445 3714 finisse
1472 3661 1546 3731 (nam
1570 3658 1672 3715 obitum
1699 3658 1768 3728 eins,
1800 3660 1846 3731 qui
1873 3667 1936 3717 tunc
1963 3675 2054 3731 nuper

391 3765 422 3803 nc
437 3749 555 3823 benigno
570 3752 653 3808 verba
675 3752 793 3809 Anselmi
809 3754 970 3827 suscepisse,
986 3752 1192 3825 pollicitumque
1246 3747 1390 3817 acciderat,
1409 3764 1464 3803 non
1487 3748 1569 3819 longe
1583 3754 1658 3804 extra
1676 3747 1802 3817 Angliam
1824 3746 1903 3804 lamae
1916 3748 2053 3805 certitudo

389 3848 418 3887 sa
433 3848 484 3906 per
502 3836 632 3892 auxilium
647 3844 674 3892 et
688 3836 902 3893 misericordiam
917 3837 966 3892 Dei
982 3852 1010 3891 re
1024 3835 1083 3906 ipsa
1097 3844 1191 3891 osten·
1247 3836 1409 3907 pertulemt)
1437 3844 1626 3892 consternatus
1651 3836 1754 3906 animo,
1783 3836 1849 3911 quid
1877 3835 2053 3907 potissimum

391 3937 493 3991 aurum,
510 3924 582 3994 quod
598 3924 782 3997 integritatem
802 3924 1011 3980 Christianitatis
1024 3923 1150 3996 diligeret
1162 3923 1191 3980 in
1247 3918 1311 3975 sibit
1326 3920 1396 3975 soret
1408 3919 1545 3991 egendum
1560 3920 1711 3976 dubitabat.
1723 3919 1835 3975 Polliam
1850 3921 1951 3976 etenim
1960 3920 2052 3992 ipsum

391 4010 499 4081 huglia,
515 4026 569 4065 aon
584 4011 740 4068 scissuram.
1244 4009 1372 4064 buselino
1390 4008 1517 4079 primitus
1540 4008 1717 4064 deferendum
1735 4022 1752 4064 a
1770 4008 1894 4064 Romano
1922 4006 2053 4079 pontifice

427 4099 500 4152 luter
514 4097 574 4154 haec
583 4099 700 4171 languor
713 4100 760 4170 qui
774 4115 871 4170 corpus
886 4100 971 4155 Patris
987 4099 1113 4157 huselmi
1125 4116 1192 4173 grs-
1245 4104 1406 4167 sumpserat,
1424 4101 1451 4151 et
1472 4104 1502 4152 ut
1519 4098 1628 4153 demum
1647 4096 1725 4166 juxta
1744 4095 1886 4152 consilium
1905 4111 1937 4153 sc
1957 4096 2053 4166 dispo-

391 4186 462 4241 sitor
487 4185 624 4259 affligebat
649 4187 761 4260 gravior
786 4188 837 4243 sihi
866 4188 920 4258 ipsi
946 4188 981 4245 de
1007 4188 1052 4244 die
1075 4188 1192 4244 indiam
1245 4184 1370 4240 sirionem
1389 4184 1477 4256 ipsius
1500 4184 1564 4239 iude
1583 4192 1685 4258 ageret,
1702 4184 1738 4239 sb
1756 4183 1853 4240 eodem
1878 4191 2051 4255 praeeeptnm

390 4271 482 4330 fiebat.
496 4274 574 4331 Norae
589 4282 679 4331 nmen
703 4276 857 4332 rebellionis
878 4292 931 4332 non
952 4276 1105 4345 immemor,
1121 4278 1191 4333 scri·
1245 4281 1396 4344 acceperat.

389 4362 444 4434 psit
457 4362 569 4419 Ttromae
583 4363 723 4435 epistolam
740 4365 809 4421 banc
824 4382 831 4420 :
1280 4362 1310 4415 ln
1327 4360 1501 4431 subsequenti
1523 4359 1668 4418 testivitate
1683 4363 1865 4431 Pentecostes,
1885 4375 1935 4417 rex
1949 4360 2052 4417 ilenri-

429 4474 440 4501 a
456 4450 600 4507 boselinus
619 4451 743 4509 minister
763 4454 895 4510 Ecclesiae
908 4453 1100 4525 canturiensis,
1116 4456 1192 4511 Tho·
1205 4437 1232 4499 D
1247 4466 1296 4506 cus
1310 4449 1414 4505 curiam
1429 4465 1505 4505 suam
1519 4449 1668 4505 Londoniae
1691 4450 1720 4504 in
1738 4464 1838 4522 magna
1851 4449 1946 4506 mundi
1960 4450 2052 4522 gloria

391 4556 443 4595 mae
457 4540 546 4596 electo
560 4539 762 4612 archiepiscopo
776 4542 951 4599 Eboracensi.
1246 4545 1273 4593 et
1296 4538 1372 4594 diviti
1391 4546 1524 4607 apparatu
1538 4537 1698 4594 celebrarit.
1718 4535 1770 4607 Qui
1785 4538 1926 4595 tmusactis
1935 4552 2049 4595 corouae

429 4652 439 4677 ιι
457 4628 527 4695 Tibi,
555 4628 668 4694 Thema,
694 4628 721 4684 in
749 4638 896 4703 conspectu
921 4631 1112 4702 omnipotentis
1130 4630 1191 4700 Del,
1246 4642 1301 4683 suoe
1315 4625 1499 4682 festivioribus
1515 4626 1621 4693 diebus,
1636 4627 1721 4698 coepit
1740 4642 1822 4698 agere
1837 4642 1900 4682 cum
1914 4627 2049 4700 episcopis

390 4732 443 4789 ego
474 4717 620 4773 Anselmus
663 4718 882 4790 archiepiscopus
924 4720 1127 4774 Cantunriensis
1166 4728 1194 4775 et
1247 4714 1364 4787 etregni
1380 4714 1556 4785 principibus,
1572 4714 1721 4785 quidesset
1739 4715 1876 4786 agendum
1899 4714 2048 4772 detonse-

389 4805 470 4861 totius
492 4804 635 4861 Britanniae
657 4806 759 4878 primae
779 4807 886 4877 loquor.
903 4808 1026 4877 Loquens
1052 4822 1085 4863 ex
1113 4814 1193 4878 parte
1246 4805 1365 4861 cretione
1380 4801 1457 4859 electi
1478 4803 1609 4859 Ecclesiae
1628 4802 1804 4859 Eboracensi.
1831 4802 1873 4859 ild
1891 4803 1965 4877 qnod
1979 4803 2049 4859 reci-

364 4892 474 4965 ·ipsius
489 4894 728 4961 Dei,sacerdotale
743 4893 942 4966 officiumquod
959 4896 1193 4968 meojussnlalin
1247 4897 1301 4948 tsts
1326 4900 1367 4948 est
1386 4906 1476 4947 coram
1505 4906 1538 4947 eo
1561 4891 1687 4962 epistola,
1703 4907 1785 4961 qoam
1809 4892 1936 4963 proxime
1966 4907 2050 4963 supra

389 4981 518 5053 parochia
545 4998 607 5037 mea
633 4998 684 5053 per
704 4982 904 5057 suffraganeum
927 5000 1017 5039 meum
1040 4983 1191 5055 suscepisti,
1247 4981 1414 5051 scripsimus,
1436 4979 1489 5049 ipsi
1505 4979 1592 5036 electo
1608 4978 1643 5033 ab
1656 4979 1784 5035 anselmo
1805 4978 1950 5048 desfinata,
1965 4980 2050 5035 inter·

390 5068 441 5123 tihi
471 5068 612 5139 interdico,
643 5077 723 5143 atque
755 5072 886 5143 praecipio
917 5088 952 5126 ne
976 5080 1002 5128 te
1032 5071 1067 5128 de
1101 5072 1192 5144 aliqua
1246 5069 1363 5125 dicendo
1376 5068 1503 5125 videlicet
1517 5067 1558 5123 illi
1578 5067 1804 5136 benedictionem,
1830 5068 1853 5123 si
1877 5070 1966 5139 primo
1993 5083 2049 5124 non

389 5172 453 5213 cura
480 5158 610 5227 pastorali
636 5158 694 5214 ullo
718 5161 800 5216 modo
819 5176 972 5231 praesumas
999 5160 1189 5229 intromittere,
1245 5158 1348 5213 laceret
1368 5155 1499 5212 Ecclesiae
1522 5154 1710 5212 cantuariensi
1736 5154 1946 5227 professionem.
1960 5155 2048 5225 Quam

389 5244 516 5301 doneoa
545 5244 690 5303 rebellione
706 5262 785 5319 quam
800 5255 893 5305 contra
903 5248 1055 5305 Ecclesiam
1071 5247 1191 5304 (lantua-
1244 5245 1377 5301 liebertus
1402 5260 1494 5300 eomes
1520 5244 1556 5301 da
1582 5243 1710 5301 llellento
1737 5244 1788 5300 sibi
1824 5243 1983 5315 expositam
2009 5244 2049 5300 nti

389 5332 506 5389 riensem
521 5332 656 5406 incoepisti
672 5335 808 5404 discedas,
822 5344 848 5391 et
862 5337 888 5391 ei
901 5336 1096 5407 subjectionem
1107 5350 1189 5407 qnam
1243 5332 1385 5401 intellexit,
1399 5332 1550 5390 sciscitatus
1564 5339 1605 5388 est
1618 5332 1745 5405 quisnam
1765 5332 1956 5405 episcoporum
1969 5348 2048 5389 eam·

390 5428 576 5477 antecessores
608 5422 656 5491 tui,
693 5424 811 5479 Thomas
846 5424 973 5482 videlicet
1005 5433 1033 5481 et
1060 5424 1190 5481 Gimrdus
1243 5422 1306 5477 dem
1320 5420 1464 5492 epistolam
1482 5420 1621 5493 suscipere
1634 5436 1717 5477 ansus
1738 5421 1820 5477 licerit
1837 5430 2048 5492 preterassen-

389 5508 621 5582 archiepiscopus,
650 5526 682 5567 ar
707 5510 815 5583 antiqua
838 5518 1037 5568 antecessorum
1068 5526 1188 5569 consue·
1244 5526 1304 5566 sum
1326 5519 1354 5564 et
1375 5510 1518 5583 imperium
1541 5509 1644 5566 domini
1657 5510 1749 5583 'regia
1762 5512 1793 5566 ln
1816 5524 1871 5582 qua
1891 5510 2046 5584 interregn-

1033 5661 1249 5719 HENSCHENll
1268 5660 1382 5719 NOTAE.

420 5784 461 5855 (a)
476 5782 584 5840 llallem
597 5783 690 5857 legere
703 5785 818 5857 tnjasrrt
832 5801 842 5841 .·
856 5782 923 5842 alias
943 5800 998 5842 non
1012 5793 1125 5859 apparet
1139 5802 1188 5842 cur
1278 5788 1313 5858 (h)
1329 5786 1446 5854 Ulricus,
1462 5786 1520 5842 sive
1529 5784 1658 5853 illiricos,
1669 5794 1773 5845 creatas
1786 5785 1937 5845 curdinalis
1949 5785 2045 5845 dicitur

386 5855 505 5924 potuerit
528 5854 562 5910 ab
585 5856 713 5913 exercitio
734 5855 893 5929 presbyterii
917 5857 1046 5915 canonice
1068 5856 1187 5929 suscepti
1240 5872 1311 5915 anno
1327 5862 1406 5927 tros,
1423 5866 1450 5915 et
1464 5857 1704 5935 nationehnglus.

384 5924 523 5995 prohiberi
533 5942 542 5981 t
551 5925 667 5985 necdum
681 5926 753 5985 anim
765 5941 816 6002 pro
831 5928 984 5985 contumaci
997 5926 1184 5985 damnabatur.
