4750 6725
967 530 1048 591 VITA
1062 533 1092 591 S.
1108 528 1286 591 thttmttt.

825 792 1129 891 PROLOGUS
1169 792 1457 891 AUCTORIS

349 968 380 1026 l.
396 968 536 1026 Britannia
549 970 599 1043 (l),
614 986 696 1042 quam
717 972 799 1047 Angli
815 974 893 1031 victis
907 990 924 1030 a
946 990 978 1030 se
1000 978 1110 1046 protnr-
1125 971 1317 1045 Adnglorum
1332 970 1455 1030 Ecclesia
1466 978 1506 1029 est
1520 970 1648 1030 atrociter
1661 987 1751 1045 passa.
1767 972 1847 1043 ilinc,
1870 981 1899 1030 ut
1913 972 1967 1031 alia

306 1058 434 1131 belisque
449 1058 580 1115 Brittanis
592 1060 720 1134 Angliam
733 1071 832 1119 vocant
845 1068 872 1118 et
884 1063 1016 1133 incolunt,
1027 1060 1113 1118 fiomni
1168 1068 1285 1129 taceam,
1318 1061 1466 1117 venerandi
1493 1058 1626 1118 antistites
1651 1062 1769 1117 lllellitus
1810 1070 1837 1119 et
1876 1066 1966 1121 Justus

306 1162 347 1201 ex
362 1154 437 1219 parte
451 1146 561 1204 Oceano
571 1148 669 1216 cineta,
686 1156 740 1204 tam
755 1148 884 1225 ingenitis
907 1166 991 1225 quam
1014 1159 1040 1207 et
1065 1168 1114 1206 nn·
1168 1149 1286 1206 Galliam
1299 1156 1393 1221 petunt
1418 1148 1516 1223 anglia
1536 1150 1643 1220 expulsi
1660 1170 1666 1215 ;
1692 1151 1754 1205 hine
1779 1152 1966 1209 sanctissimus

306 1236 456 1307 denuoque
471 1236 562 1293 allatis
588 1237 690 1293 divitiis
716 1238 834 1294 mirabili
862 1240 940 1312 copia
967 1238 1114 1313 antiquitus
1167 1240 1247 1295 Pater
1261 1238 1411 1294 Wilfridus
1423 1238 1530 1295 totiena
1544 1238 1662 1310 propriae
1676 1238 1818 1311 dignitatis
1832 1242 1896 1296 secla
1921 1258 1966 1296 re-

307 1324 845 1397 exuberabat:quoeutterreniarernm
855 1328 952 1400 copiis,
980 1330 1018 1384 ita
1043 1344 1114 1401 quo·
1165 1327 1259 1398 jicitur
1274 1345 1281 1391 ;
1296 1328 1478 1399 hincquoque
1493 1327 1704 1399 gloriosissimus
1721 1343 1770 1384 rex
1789 1329 1967 1386 Eadmundus

308 1430 367 1485 qne
394 1413 629 1470 sanctissimorum
657 1416 778 1474 viromm
806 1433 907 1490 magna
949 1416 1115 1474 fecunditate
1167 1424 1195 1472 et
1209 1416 1385 1472 beatissimus
1398 1416 1511 1472 antistes
1526 1416 1648 1489 AElfegus
1662 1416 1753 1487 iniqua
1777 1426 1864 1474 morte
1891 1418 1967 1474 dam·

308 1502 445 1573 pollebat.
470 1502 592 1571 Quorum
621 1505 792 1578 exigentibus
820 1506 923 1563 meritis
953 1506 981 1561 in
1008 1514 1114 1561 tantum
1167 1504 1236 1572 nali,
1252 1504 1377 1576 martyrii
1393 1504 1481 1577 gloria
1506 1504 1670 1577 dignissime
1696 1514 1875 1573 coronantem
1905 1507 1968 1563 binc

309 1591 406 1665 gratia
419 1592 469 1648 Dei
483 1593 680 1664 omnipotentis
694 1603 778 1651 totam
790 1594 911 1650 insulam
925 1610 975 1651 sua
1001 1594 1114 1650 munifi·
1168 1592 1250 1649 etiam
1261 1593 1344 1651 dubio
1358 1593 1453 1665 procul
1468 1593 1509 1650 rir
1522 1592 1748 1665 preclarissimus
1777 1602 1804 1651 et
1828 1595 1967 1651 excellen-

311 1680 405 1737 centia
418 1680 568 1750 decoravit,
579 1690 609 1738 ut
622 1692 649 1738 et
662 1683 750 1738 cultus
777 1682 850 1739 circa
873 1683 924 1739 Dei
952 1682 1116 1755 obsequium
1167 1682 1281 1739 tissimee
1313 1682 1470 1738 sanctitatis.
1498 1684 1578 1739 Pater
1604 1683 1761 1739 Dunstanus
1781 1682 1809 1737 in
1843 1684 1968 1739 exsilium

312 1770 529 1843 circumquaque
542 1772 777 1845 multiplicaretur,
789 1783 817 1830 et
839 1789 886 1829 res
907 1779 963 1829 tam
997 1772 1116 1843 publicae
1168 1770 1263 1843 pulsus
1279 1770 1361 1826 luisse
1372 1768 1549 1843 dignoscitur.
1566 1770 1621 1827 Sed
1631 1771 1690 1827 baec
1704 1786 1747 1827 me
1757 1770 1834 1827 brevi
1847 1771 1969 1847 attigisse

312 1876 399 1931 quarn
414 1860 563 1917 familiares
577 1862 664 1918 multa
688 1878 756 1935 paee
777 1860 906 1933 felicique
934 1861 1115 1933 prosperitate
1169 1858 1315 1917 suffecerit.
1331 1860 1559 1931 Majoresetenim
1573 1864 1658 1915 nostri
1673 1860 1708 1916 de
1735 1859 1777 1915 bis
1799 1861 1884 1916 multa
1908 1876 1969 1917 me·

313 1948 478 2005 fruerentur.
1168 1949 1264 2005 moriae
1278 1949 1538 2021 dignaeognovere,
1554 1957 1581 2004 et
1607 1948 1667 2005 luce
1694 1948 1814 2005 venulis
1837 1948 1968 2022 insignita

351 2042 378 2093 2.
408 2037 463 2093 Sed
490 2052 554 2096 cum
577 2038 647 2094 nibil
679 2040 755 2096 omni
778 2056 814 2097 ex
845 2048 922 2112 parte
962 2038 1114 2107 perfectum
1168 2036 1270 2094 exinde
1284 2052 1337 2093 sua
1350 2037 1464 2107 posteris
1477 2036 1576 2109 scripta
1585 2036 1730 2108 reliquere.
1791 2047 1792 2051 ’

310 2126 458 2182 mundanis
472 2128 555 2183 rebus
568 2136 665 2184 natura
678 2130 823 2195 concessit,
857 2143 933 2185 caeca
958 2127 1115 2183 damnatrix
1205 2130 1231 2181 3.
1259 2126 1293 2180 Et
1320 2126 1449 2198 quoniam
1477 2141 1509 2182 ea
1537 2140 1597 2197 quae
1624 2124 1659 2181 de
1685 2126 1802 2197 praelato
1838 2127 1970 2184 Wilfrr'do

311 2215 399 2272 animi
422 2216 557 2287 cupiditas
578 2216 643 2272 dum
673 2217 808 2273 interdum
837 2217 969 2290 quosdam
998 2216 1033 2273 ad
1062 2216 1115 2272 boe
1169 2214 1271 2286 scripta
1284 2214 1428 2283 habentur,
1444 2228 1499 2270 non
1512 2212 1593 2268 simul
1606 2212 1634 2267 in
1648 2228 1712 2283 uno,
1729 2215 1778 2271 sed
1799 2214 1827 2269 in
1853 2216 1970 2272 dirersis

309 2304 501 2377 perduxisset,
517 2313 547 2360 ιιι
562 2305 618 2361 suis
632 2305 714 2361 rebus
727 2306 846 2362 contenti
861 2320 924 2363 ease
951 2305 1088 2362 nescirent
1103 2323 1112 2371 ;
1126 2328 1154 2389 Β
1169 2303 1325 2360 auctoribus
1339 2318 1434 2374 sparsa
1448 2318 1508 2359 esse
1521 2302 1691 2373 probantum
1717 2311 1829 2375 rogatas
1855 2318 1872 2358 a
1896 2318 1972 2360 non-

309 2394 393 2466 pacia
406 2393 576 2449 munimenta
589 2394 699 2466 dirupit,
714 2410 769 2467 pax
784 2396 893 2466 dirupta
919 2394 1039 2467 rapinas,
1068 2392 1113 2448 in·
1168 2392 1263 2467 nullis,
1279 2390 1377 2463 quibus
1391 2406 1435 2447 me
1462 2389 1648 2447 contradicere
1674 2388 1856 2463 incongmum
1876 2390 1943 2446 duxi
1961 2409 1969 2461 ;

309 2482 421 2549 cendia,
436 2481 593 2550 seditiones,
608 2482 692 2552 bella,
708 2485 886 2555 omniumque
900 2483 1033 2540 bonorum
1061 2496 1113 2538 ex·
1168 2480 1236 2549 imo,
1252 2484 1283 2535 ut
1296 2496 1391 2537 verum
1406 2480 1502 2549 fatear,
1517 2478 1602 2551 ipsius
1616 2478 1778 2535 sanctissimi
1807 2479 1895 2535 Patris
1921 2480 1969 2535 di-

312 2571 388 2626 cidia
402 2572 528 2644 peperit;
557 2588 619 2644 quaa
632 2586 856 2644 nonnnuquama
875 2571 977 2628 sanctis
991 2570 1113 2642 ejusdem
1169 2568 1286 2626 lectione
1300 2567 1467 2639 compulsus,
1482 2582 1587 2639 eaquae
1601 2567 1714 2639 sparsim
1729 2568 1765 2623 de
1782 2566 1842 2638 ipso
1870 2569 1972 2641 scripta

312 2654 464 2726 provinciae
477 2655 654 2712 tltt'sdelrila
668 2674 675 2717 ;
691 2670 896 2728 nonnunquam,
912 2654 978 2725 ipsis
1003 2655 1032 2710 in
1064 2654 1113 2709 im·
1169 2666 1246 2727 sunt,
1267 2664 1362 2713 nostro
1389 2672 1474 2729 opere
1496 2656 1525 2712 in
1552 2672 1636 2712 unum
1663 2670 1827 2728 componere
1853 2656 1968 2715 institui.

311 2759 439 2800 mensum
454 2744 534 2801 malis
547 2744 741 2808 crescentibus,
755 2743 774 2798 ii
802 2744 849 2815 qui
876 2745 949 2799 mala
976 2742 1113 2799 deterrere
1169 2744 1399 2816 Equidcmlleda,
1415 2743 1601 2801 nobilissimus
1614 2744 1703 2817 gentis
1728 2752 1827 2800 nostrae
1851 2745 1972 2802 historiae

311 2832 507 2901 moliebantur,
535 2834 610 2888 varra
632 2847 744 2889 manum
770 2832 974 2903 perturbatione
1016 2831 1112 2887 attriti.
1170 2835 1294 2905 scriptor,
1311 2833 1338 2888 in
1352 2834 1413 2905 ipsa
1427 2832 1546 2889 historia
1560 2833 1594 2888 de
1610 2832 1708 2889 eodem
1718 2833 1795 2888 Patre
1804 2832 1972 2903 perdiuersa

311 2922 602 2978 Dumenimstndium
616 2937 694 2976 sunm
710 2920 738 2975 in
761 2936 794 2977 eo
822 2920 997 2992 potissimum
1021 2936 1113 2991 pone·
1169 2922 1230 2979 loca
1243 2922 1372 2999 nonnulla
1386 2922 1506 2989 disserit,
1523 2929 1550 2977 et
1563 2922 1652 2977 beatae
1667 2920 1805 2977 memoriae
1814 2920 1875 2979 Odo
1904 2938 1972 2977 san-

310 3019 385 3076 rent,
409 3025 443 3066 ne
471 3024 660 3082 perversorum
688 3009 830 3065 bominum
855 3009 986 3080 pravitati
1015 3008 1114 3065 amissa
1169 3019 1220 3068 etae
1230 3010 1445 3069 Dorobernecsis
1460 3010 1588 3067 Ecclesiae
1604 3010 1727 3081 pontifex
1742 3010 1776 3066 de
1791 3010 1885 3067 vitaet
1901 3025 1971 3067 con·

311 3099 357 3155 sni
372 3098 628 3155 etatnsrectitudine
640 3098 790 3168 cederent3
811 3098 931 3170 dumque
956 3097 997 3153 illi
1024 3114 1039 3153 a
1067 3097 1112 3153 di·
1169 3100 1322 3156 versatione
1335 3099 1392 3169 ejus
1406 3098 1683 3171 quemdamlibellnm
1698 3098 1794 3169 edidit,
1824 3107 1972 3171 postquam

310 3202 394 3243 verso
416 3186 505 3243 modis
529 3185 655 3243 omnibns
680 3184 847 3253 insudarent,
869 3202 905 3242 ne
926 3185 1040 3243 istorum
1064 3202 1113 3243 re·
1168 3186 1297 3261 reliquias
1321 3188 1406 3259 ipsius
1432 3188 1521 3243 sancti
1549 3187 1584 3243 de
1611 3186 1674 3243 loco
1697 3186 1726 3242 in
1754 3202 1808 3258 quo
1845 3187 1966 3259 primurn

309 3275 438 3333 ctitudini
452 3275 486 3330 ad
502 3275 546 3331 sui
555 3276 750 3331 correctionem
765 3290 824 3330 sese
842 3274 887 3331 vel
914 3274 950 3330 ad
972 3274 1113 3332 modicum
1168 3276 1266 3349 positae
1289 3276 1404 3345 fuerant,
1432 3275 1548 3347 excepit,
1573 3282 1600 3331 et
1627 3276 1663 3331 ad
1700 3275 1842 3332 ecclesiam
1891 3276 1973 3331 totius

311 3367 413 3422 darent
427 3383 435 3429 ;
451 3364 533 3420 iidem
547 3365 696 3436 nequitiam
707 3381 783 3422 suam
793 3364 878 3421 modo
892 3365 930 3435 vi,
945 3365 1112 3422 modofrea-
1168 3366 1313 3423 Britanniae
1327 3373 1453 3433 matrem,
1468 3381 1528 3436 quae
1551 3365 1579 3420 ia
1605 3364 1672 3420 urbe
1699 3364 1893 3421 Cantuarberia
1921 3365 1972 3420 sita

313 3453 397 3510 dibus
411 3461 578 3522 exercentes,
595 3467 667 3524 quoa
681 3454 823 3510 inmelitia
845 3453 1032 3525 nequiverant,
1062 3455 1113 3510 hos
1168 3461 1222 3522 eat,
1238 3470 1339 3528 magno
1365 3454 1521 3511 devotionis
1548 3453 1650 3510 bonore
1675 3453 1834 3509 transvexit.
1864 3453 1969 3510 flamm

313 3545 343 3598 in
355 3541 493 3599 communi
507 3541 659 3598 vitasocios
688 3542 789 3599 babere
815 3541 891 3598 nullo
924 3541 1005 3598 modo
1032 3543 1112 3598 vole·
1166 3541 1492 3615 igiturdictaperomnia
1506 3556 1713 3612 sequens,pene
1732 3540 1799 3596 nihil
1823 3542 1897 3612 quod
1925 3557 1973 3598 oo·

310 3633 389 3687 bant.
405 3631 475 3688 ilinc
488 3630 565 3685 multi
580 3630 690 3702 propria
703 3630 837 3703 dignitate
858 3629 965 3702 privati,
989 3630 1066 3685 multi
1094 3647 1110 3685 a
1166 3647 1228 3688 rum
1243 3630 1401 3687 auctoritate
1425 3629 1548 3687 roborari
1570 3644 1626 3685 non
1653 3629 1747 3698 possit,
1780 3628 1849 3683 nibil
1878 3636 1971 3686 autem

310 3717 403 3793 patria
416 3719 559 3788 eliminati,
574 3718 653 3774 multi
679 3735 787 3791 quoque
814 3718 1002 3776 crudelissima
1023 3690 1199 3776 mortecex
1226 3727 1283 3776 toto
1306 3718 1377 3789 quod
1399 3717 1568 3775 contrarium
1591 3717 1637 3786 sit,
1665 3716 1803 3774 dicturum
1831 3731 1875 3772 me
1904 3717 1968 3773 fore

312 3809 417 3879 necati,
433 3817 460 3864 et
473 3809 576 3879 ajusto
588 3808 681 3879 judice
692 3809 751 3864 Deo
765 3806 963 3880 gloriosissime
977 3808 1108 3864 coronati.
1165 3807 1282 3865 confido.
1298 3809 1369 3864 Sane
1380 3807 1533 3878 quicunque
1548 3805 1609 3861 baec
1623 3806 1665 3863 vel
1687 3805 1779 3878 legere
1802 3805 1846 3861 vel
1875 3803 1971 3862 andire

310 3897 379 3954 llaec
391 3897 418 3952 in
429 3896 579 3968 primordio
591 3895 769 3953 coalescentis
783 3895 848 3953 fidei
862 3897 963 3968 partim
998 3897 1111 3967 insuper
1164 3895 1395 3969 dignatuslueril,
1413 3911 1509 3967 precor
1522 3902 1551 3950 ut
1565 3894 1616 3950 ista
1629 3910 1738 3951 menon
1766 3894 1804 3950 ita
1828 3893 1971 3966 saripsisse

304 3986 480 4043 venientibus
493 3985 520 4040 in
534 4001 564 4042 se
577 3985 803 4056 praedicatoribus
816 3993 859 4041 est
882 3988 996 4057 experta
1012 4003 1020 4050 ;
1049 3986 1110 4043 hac
1165 3985 1293 4057 accipiat,
1309 3983 1385 4056 quasi
1398 3983 1527 4054 antiquis,
1544 3999 1714 4055 quaecunque
1726 3991 1788 4039 sunt
1801 3983 1851 4039 lrac
1869 3983 1903 4039 de
1924 3999 1966 4051 re,

306 4076 337 4131 in
351 4089 482 4146 processu
496 4073 622 4145 ejusdem
639 4071 703 4129 fidei
717 4073 818 4145 partim
842 4072 1002 4145 inpropriis
1028 4081 1055 4129 et
1081 4072 1110 4127 in
1163 4089 1227 4131 mea
1250 4074 1333 4132 velim
1360 4073 1460 4146 scripta
1480 4072 1644 4144 praeferre:
1674 4073 1722 4130 sed
1751 4073 1840 4146 potius
1866 4071 1969 4145 cogitet

305 4177 338 4220 se
352 4162 502 4234 procreatis
514 4161 736 4234 predicatoribus
748 4170 790 4218 est
804 4177 934 4234 perpessa
949 4179 956 4225 ;
974 4162 1035 4218 bace
1062 4162 1107 4218 ni·
1162 4163 1295 4220 etamicis
1309 4163 1378 4218 meis
1390 4177 1433 4218 me
1449 4161 1489 4232 (ut
1503 4160 1572 4232 dixi)
1586 4160 1746 4234 rogantibus
1774 4177 1880 4218 morem
1914 4177 1968 4233 gc-

305 4252 456 4308 nilominus
481 4251 577 4307 eadem
603 4250 657 4306 fide
686 4265 796 4323 quaque
822 4249 935 4306 fandata
959 4249 1062 4321 partim
1090 4267 1108 4306 a
1161 4249 1434 4319 rere,etsanctollei
1450 4248 1562 4320 aliquod
1591 4248 1757 4321 obsequium
1786 4249 1843 4308 mel
1866 4251 1969 4310 amoris

304 4341 373 4409 suis,
387 4341 488 4413 partim
501 4340 537 4396 ab
550 4339 672 4398 externis
685 4339 820 4409 bostibns,
848 4338 877 4395 iu
898 4337 957 4396 auis
978 4338 1103 4412 patribus
1157 4347 1184 4396 et
1196 4339 1356 4397 reverantia
1370 4338 1498 4395 exhibere
1513 4335 1641 4394 voluisse.

1058 4469 1216 4486 —n

954 4574 1187 4681 tttctffl‘l
1231 4573 1388 4682 VITA

307 4765 519 4837 sanctissimi
532 4765 855 4852 confessorisatque
869 4768 1036 4852 pontilicis
1048 4763 1343 4915 gisortiggjiritgltllridi
1361 4767 1458 4850 cuius
1474 4765 1642 4838 festivitas
1660 4764 1786 4836 colitur
1814 4781 1849 4835 ιν
1880 4765 1960 4836 tdus

1043 4988 1229 5006 ψ

341 5095 368 5153 i.
387 5098 465 5153 Anno
492 5091 576 5168 igitur
597 5087 794 5152 incarnationis
829 5090 911 5152 Verbi
947 5091 997 5150 llei
1036 5110 1102 5150 sex-
1116 5099 1143 5161 D
1158 5091 1297 5160 oswaldo,
1313 5093 1347 5150 de
1362 5089 1461 5164 inclyta
1475 5087 1861 5164 gantisltnglommprosapia
1889 5109 1960 5166 puer

304 5184 454 5242 centesimo
470 5182 609 5240 tricesimo
621 5191 727 5256 quarto,
743 5191 876 5257 regnante
889 5182 1025 5239 iacentia
1049 5182 1105 5240 filio
1159 5183 1211 5238 llei
1224 5181 1372 5237 wilfridus
1386 5179 1528 5236 nobilitate
1543 5186 1633 5248 natus,
1650 5187 1700 5236 ete
1713 5181 1829 5253 uestigio
1857 5184 1961 5242 coelesti

304 5271 497 5348 gloriosissimi
524 5272 665 5329 Edelberti
698 5271 775 5345 regis
798 5271 1003 5327 Cantauriorum
1031 5270 1107 5326 Ead—
1160 5279 1202 5327 est
1215 5268 1345 5342 prodigio
1363 5268 1466 5325 mundo
1494 5267 1666 5325 nobilissime
1689 5267 1856 5342 designatus.
1890 5273 1958 5331 Cum

305 5361 400 5432 baldo,
429 5370 457 5418 et
475 5360 503 5415 in
534 5357 718 5417 Nordumbria
759 5374 915 5416 successore
947 5353 1107 5415 nobilissimi
1161 5359 1233 5416 enim
1252 5358 1348 5414 beatus
1362 5373 1432 5430 puer
1446 5357 1714 5429 intempestaenoctis
1728 5359 1835 5416 silentio
1862 5364 1958 5420 matris

305 5448 414 5506 lidwini
428 5449 503 5523 regia
526 5447 818 5506 Nordanbumbrorum
843 5445 1014 5504 sanctissimo
1042 5461 1109 5521 rege
1161 5447 1282 5521 prodiret
1295 5448 1330 5502 ab
1345 5447 1419 5516 alvo,
1443 5447 1572 5506 columna
1598 5447 1671 5522 ignis
1688 5464 1771 5520 supra
1794 5450 1904 5508 domum
1928 5453 1956 5509 in

340 5625 378 5700 (l)
391 5625 433 5683 lta
446 5639 502 5685 non
516 5639 579 5684 raro
593 5621 668 5699 apud
681 5622 806 5697 antiquos
819 5623 950 5700 seriptum
977 5623 1114 5698 reperitur
1142 5627 1297 5700 Brittania,
1322 5626 1405 5684 etiarn
1431 5625 1504 5702 apud
1532 5625 1644 5687 Graecos
1673 5623 1817 5714 llpsrsasla
1831 5643 1954 5688 nonnun-

305 5721 398 5778 quam.

448 5835 570 5892 Parnon.
584 5833 677 5892 cant.
1693 5833 1726 5890 2³
