4750 6725
346 554 400 607 757
1000 552 1079 610 vina
1098 554 1131 608 ll.
1154 552 1352 610 BREGWlNl.
1950 562 2003 617 758

346 678 541 749 prarenemnt,
554 678 670 736 evolutis
685 682 812 752 pauculis
825 682 904 739 annis
917 687 945 738 et
958 680 1018 752 ipss
1039 679 1147 736 sublata
1160 677 1191 740 Α
1203 678 1247 735 vel
1262 684 1363 751 quanta
1376 678 1474 735 damna
1487 680 1560 737 locus
1574 679 1632 752 ipse
1655 696 1801 754 perpessus
1836 682 1884 752 sit,
1912 684 2001 741 nullus

346 773 419 822 sunt.
1203 766 1344 824 bominum
1371 767 1479 825 edicere
1504 776 1602 839 potest.
1618 772 1653 827 Ut
1668 778 1759 827 tamen
1788 772 1914 845 quedam
1937 774 2001 831 inde

381 854 480 910 Tribus
495 855 629 927 siquidem
653 859 731 915 annis
749 859 818 915 rixit
845 860 873 915 in
894 858 1062 930 pontificatu,
1090 858 1149 913 Deo
1203 864 1357 929 tangamus,
1373 856 1503 928 quidquid
1518 858 1545 913 in
1559 874 1637 927 auro,
1654 861 1681 915 ia
1697 870 1823 933 argento,
1837 862 1864 917 in
1888 861 2002 920 dirersis

345 960 394 1015 per
407 945 500 1000 omnia
513 946 622 1016 plenus,
638 955 666 1001 et
680 948 813 1004 universis
826 948 969 1005 obtutibus
983 946 1146 1003 indeficienti
1203 946 1317 1001 aliarum
1333 947 1486 1018 specierum
1502 949 1677 1016 ornamentis,
1692 948 1720 1003 in
1736 950 1837 1005 divinis
1849 966 1882 1008 ac
1893 952 2003 1009 saecula·

345 1032 739 1104 constantiapraeuitns.a11n0
760 1045 851 1093 autern
866 1037 1063 1108 patriarchatus
1090 1036 1150 1105 ejus
1202 1034 1277 1089 ribus
1299 1034 1375 1089 libris
1397 1035 1542 1105 pretiosius
1556 1036 1685 1105 babebat,
1708 1038 1765 1093 iere
1793 1045 1877 1095 totum
1902 1056 2001 1097 vorans

344 1121 464 1177 seeundo
489 1123 691 1179 AEtlrelberthus
714 1127 772 1195 (to)
788 1142 848 1194 rex,
869 1124 952 1193 filius,
969 1134 997 1180 ut
1018 1124 1146 1193 diximus,
1203 1123 1296 1195 lingua
1310 1122 1382 1195 ignis
1397 1123 1545 1179 absorbuit.
1561 1125 1601 1180 Dc
1616 1126 1659 1181 lris
1682 1134 1773 1182 tamen
1800 1128 1862 1197 quia
1893 1128 2001 1185 luerunt

343 1210 521 1267 strenuissimi
536 1214 610 1285 regis
625 1212 770 1283 Wihtredi,
787 1213 861 1269 diem
883 1214 1010 1268 ultimum
1039 1214 1146 1269 clausit.
1202 1211 1408 1282 recuperabilia,
1425 1212 1517 1267 minus
1531 1222 1571 1269 est
1586 1214 1699 1270 fortasse
1709 1215 1868 1271 dolendum.
1879 1215 2001 1273 Atdolor

343 1300 421 1354 Anno
435 1314 501 1356 rem
516 1309 577 1372 post
588 1300 663 1359 huna
691 1302 743 1357 luit
755 1302 926 1358 validissima
939 1302 1038 1371 biems,
1063 1302 1148 1358 nimia
1201 1298 1329 1355 immanis
1343 1307 1370 1355 et
1383 1300 1457 1356 nullo
1471 1300 1526 1356 iinc
1540 1300 1709 1359 claudendus
1723 1303 1860 1376 harcusque
1874 1304 2000 1361 eamdem

343 1386 456 1460 trigoris
485 1389 637 1446 acerbitate
663 1399 760 1447 cuncta
789 1392 990 1463 constringens,
1019 1390 1148 1446 animalia
1201 1387 1344 1444 ecclesiam
1359 1388 1469 1458 premit,
1484 1404 1545 1445 cum
1559 1390 1704 1461 privilegia
1719 1390 1902 1448 Romanorum
1927 1408 1999 1463 pon-

344 1474 445 1532 dirersi
459 1479 568 1550 generis
582 1486 609 1535 et
620 1479 724 1535 uirium
734 1479 867 1535 densitate
878 1488 904 1534 et
918 1479 1030 1534 immani
1041 1479 1147 1535 brumae
1202 1475 1312 1545 tilicum,
1345 1476 1492 1549 privilegia
1517 1494 1614 1550 regum
1633 1487 1661 1535 et
1688 1480 1841 1552 principum
1859 1480 1935 1554 regni
1947 1480 1998 1553 ipsi

343 1564 493 1635 asperitate
525 1566 717 1640 exstinguens.
748 1568 848 1625 Verum
874 1582 948 1637 cum,
972 1568 1049 1639 juxta
1063 1566 1146 1623 verba
1200 1565 1452 1621 ecclesiaestudiose
1472 1565 1595 1638 sigillata
1617 1575 1644 1623 et
1669 1568 1778 1638 collata,
1809 1569 1907 1641 quibus
1926 1586 1955 1625 se
1971 1579 1998 1626 et

342 1653 402 1708 reri
417 1652 573 1711 Salomonis
606 1657 634 1711 in
658 1655 769 1713 Cantica
804 1656 970 1712 canticomm
999 1655 1144 1727 loquentis,
1200 1656 1376 1725 suaperenni
1397 1656 1460 1725 jure
1487 1656 1593 1711 munira
1621 1655 1733 1711 deberet
1755 1664 1835 1728 atque
1869 1659 1947 1728 tueri,
1963 1675 1996 1715 ex

344 1740 435 1797 hiems
450 1743 597 1812 transisset,
610 1744 698 1800 imber
711 1744 814 1801 abisset
840 1753 867 1800 et
879 1744 1038 1802 recessisset
1049 1743 1143 1816 (Cant.
1199 1742 1306 1815 integro
1320 1742 1431 1799 redacta
1447 1742 1476 1797 in
1494 1743 1609 1799 nibilum
1629 1744 1815 1815 deperierunt.
1837 1746 1865 1801 Si
1876 1762 1930 1818 qua
1950 1761 1997 1803 aa·

340 1845 373 1897 n,
389 1831 448 1901 lt),
464 1831 545 1888 liores
559 1834 696 1889 Dominici
711 1841 904 1904 apparuerunt.
921 1832 999 1892 llnde
1012 1842 1039 1888 et
1066 1832 1146 1889 vinea
1200 1838 1255 1886 tem
1269 1839 1331 1886 sunt
1345 1848 1381 1887 ex
1404 1830 1459 1887 illis
1479 1840 1648 1903 recuperata,
1666 1832 1780 1890 dirersis
1805 1834 1833 1889 in
1852 1834 1931 1903 locis,
1951 1833 1998 1891 ubi

343 1917 456 1975 Domini
472 1919 593 1977 Sabaoth
608 1922 758 1979 suavissimi
771 1922 863 1979 odoris
883 1922 978 1978 dorem
1008 1922 1142 1993 emittens,
1199 1926 1293 1975 contra
1318 1920 1419 1989 scripta
1448 1920 1567 1990 fuemnt,
1599 1930 1704 1992 reperta
1729 1930 1791 1977 sunt
1816 1928 1844 1979 et
1868 1932 1994 1994 accepta:

341 2006 475 2064 sdrocem
489 2010 600 2065 turturis
612 2010 879 2082 acspousidicentis:
892 2010 996 2083 Sorpc,
1010 2026 1140 2084 propero,
1156 2028 1184 2094 B
1201 2007 1282 2069 bullis
1297 2014 1377 2079 atque
1392 2008 1502 2081 sigillis,
1518 2024 1579 2079 quoe
1589 2010 1642 2065 alia
1665 2010 1724 2065 irari
1751 2010 1908 2083 nequibant,
1933 2026 1996 2068 cum

340 2098 436 2153 emico
452 2096 1141 2171 mcc,ocnideLibano,ocni,coroncderts(ccnt.
1199 2095 1314 2153 ecclesia
1339 2097 1438 2169 inqua
1458 2097 1633 2154 servabantur
1655 2097 1719 2169 igne
1744 2100 1924 2171 consumptis.
1953 2100 1996 2155 Ex

338 2199 378 2253 rr,
395 2184 435 2255 8),
450 2186 541 2241 anima
556 2186 706 2243 felicissimi
722 2188 810 2243 Patris
825 2187 913 2245 dulcis
927 2188 1015 2244 amica
1043 2189 1143 2243 summi

339 2272 429 2329 Patris
443 2274 569 2346 surrexit,
601 2277 654 2331 hoc
677 2281 718 2331 est
741 2275 897 2332 coronanda
909 2276 944 2331 ab
965 2290 1065 2347 sponso
1095 2292 1143 2334 suo

341 2360 406 2417 lesu
421 2362 546 2428 Christo;
562 2364 694 2420 saeculum
708 2380 863 2436 corpusque
873 2364 992 2438 reliquit,
1008 2382 1041 2421 ac
1054 2382 1142 2437 ange-

338 2447 430 2505 lorum
446 2451 613 2509 adminiculo
632 2452 709 2522 fulta,
725 2454 772 2509 ubi
787 2453 876 2525 ipsum
891 2453 979 2509 Deum
993 2453 1105 2510 deorum
1115 2456 1144 2509 in

338 2538 406 2595 Sion
419 2540 585 2597 aeternaliter
598 2550 730 2609 cerneret,
746 2542 869 2615 gaudens
897 2542 1045 2615 hilarisque
1072 2560 1142 2601 con-

341 2627 455 2684 scendit.
472 2628 603 2700 Sepultus
617 2646 683 2687 sane
696 2638 736 2686 est
750 2630 777 2685 in
790 2632 905 2701 praefata
925 2631 1042 2689 eeclesia
1070 2633 1142 2690 beati

341 2716 471 2787 baptistae
485 2717 596 2773 loannis
623 2734 711 2789 prope
725 2735 824 2790 corpus
845 2720 989 2777 reverendi
1007 2720 1143 2791 pontilicis

341 2804 482 2861 Cutbberti
497 2805 582 2877 ipsius
596 2807 730 2877 ecclesiae,
745 2816 774 2863 ut
789 2807 915 2875 diximus,
932 2809 1084 2866 fundatoris
1110 2826 1142 2866 ac

341 2892 382 2949 sui
398 2894 550 2967 dignissimi
565 2896 783 2966 praedecessoris.
797 2896 864 2953 Post
885 2898 958 2954 bunc
986 2907 1141 2969 assumptus

341 2990 382 3038 est
396 2983 424 3037 in
439 2982 626 3054 pontificatum
639 2984 742 3040 relictae
751 2984 882 3041 Ecclesiae
890 2986 1046 3042 lambertus
1063 2988 1142 3044 Pater

337 3080 363 3127 et
375 3070 462 3127 abbas
476 3071 573 3131 vicinae
589 3087 622 3130 uc
636 3072 841 3145 prenominata
864 3073 975 3130 abbatia
1002 3076 1140 3149 glorioso·

1199 2200 1252 2255 quo
1272 2185 1527 2242 roburetiortitudo
1536 2186 1660 2242 hostibus
1671 2188 1729 2256 ejus
1736 2204 1821 2259 usqua
1830 2188 1859 2243 iu
1875 2204 1996 2259 praesens

1198 2283 1293 2330 contra
1306 2290 1414 2344 aequom
1429 2274 1552 2341 increvit,
1568 2282 1595 2330 et
1608 2275 1694 2330 mults
1707 2274 1788 2343 mala,
1816 2277 1996 2347 oppresiones

1198 2370 1227 2419 et
1241 2364 1373 2421 scandala
1387 2362 1584 2436 insurgentium
1599 2364 1714 2421 filiomm
1725 2366 1995 2436 supereamaudacia

1197 2452 1303 2508 struxit.
1333 2452 1388 2508 Sed
1414 2452 1474 2508 haec
1501 2452 1642 2509 notissima
1669 2454 1795 2509 omnibus
1813 2470 1883 2512 vana
1915 2455 1995 2529 qusai

1196 2540 1313 2597 aliorum
1326 2540 1430 2596 notitiae
1444 2540 1592 2598 scribendo
1605 2541 1800 2614 significamus.
1823 2541 1996 2616 Quapropter

1196 2628 1256 2685 istis
1270 2628 1378 2685 omissis
1392 2629 1522 2700 dicamus,
1545 2631 1618 2703 qnod
1641 2637 1703 2702 post
1730 2630 1800 2687 istud
1827 2633 1993 2705 gemendum

1196 2716 1352 2773 incendium
1366 2732 1481 2789 corpora
1494 2716 1652 2789 pontificum
1667 2734 1751 2791 supra
1781 2730 1992 2778 memoratorum

1196 2805 1254 2861 suis
1268 2806 1363 2861 loculis
1377 2806 1490 2863 immota
1505 2806 1689 2877 quiescebant,
1702 2808 1789 2865 donec
1803 2808 1849 2865 ille
1872 2810 1992 2866 virorum

1196 2893 1398 2956 strenuissimus
1426 2901 1535 2950 etcum
1574 2894 1648 2951 oraui
1678 2898 1782 2953 honore
1808 2897 1993 2954 nominandus

1195 2983 1364 3039 Lauicancus
1391 2982 1518 3039 videlicet
1547 2982 1725 3040 cadomensis
1757 2986 1877 3043 coeuobii
1902 2986 1991 3043 abbas

1195 3071 1432 3143 archiepiscopatu
1445 3072 1615 3129 Centuriensi
1642 3074 1749 3129 iunctus
1764 3082 1816 3131 est.
1839 3077 1866 3131 ls
1892 3075 1993 3147 quippe

336 3176 399 3215 rum
414 3161 597 3231 apostolorum
611 3161 683 3218 Petri
699 3170 726 3218 et
735 3162 819 3219 Pauli.
1194 3161 1287 3219 omnia
1303 3177 1364 3233 quaa
1375 3160 1510 3217 combusti
1525 3162 1684 3218 monasterii
1697 3162 1804 3234 reperit
1818 3162 1861 3220 vel
1876 3162 1993 3219 edificia

373 3248 442 3304 ilinc
469 3250 586 3306 evolutis
618 3250 739 3322 pauculis
771 3252 848 3308 annis
867 3252 941 3309 Dani
962 3270 1030 3327 gens
1058 3254 1139 3311 effera
1193 3248 1237 3305 rel
1253 3248 1430 3306 edificiorum
1446 3248 1545 3305 detrita
1559 3258 1736 3305 monumenta
1754 3259 1991 3322 temaeeoaequaus,

337 3336 530 3409 perdiscentes
539 3339 666 3414 angliam
681 3340 708 3395 in
723 3340 796 3397 omni
810 3344 1139 3416 penegenerehominum
1193 3345 1220 3396 et
1233 3354 1296 3412 quas
1305 3339 1355 3396 sub
1371 3347 1442 3396 terra
1456 3346 1532 3396 erant
1546 3338 1722 3396 fundamenta
1738 3338 1877 3408 effodiens,
1893 3348 1992 3397 cuncta

335 3425 483 3498 apristino
499 3432 573 3482 statu
584 3428 751 3498 exorbitare,
766 3440 791 3486 et
801 3431 902 3486 divitiis
912 3447 944 3488 ac
954 3433 1139 3504 voluptatibus
1192 3444 1264 3484 nora
1278 3428 1422 3492 exstruxit,
1438 3435 1466 3482 et
1478 3427 1608 3498 praeiatos
1632 3428 1763 3484 antistites
1791 3428 1876 3486 levari
1897 3444 1929 3484 ac
1961 3427 1990 3484 iu

337 3515 428 3588 magis
442 3515 522 3572 solito
535 3532 647 3587 operam
663 3517 741 3587 dare,
756 3521 986 3592 coepemutquasi
1002 3521 1138 3591 pedeten-
1192 3524 1249 3572 tuto
1287 3516 1370 3572 locari
1399 3515 1549 3581 constituit,
1578 3516 1666 3573 donec
1685 3531 1719 3572 aa
1753 3532 1833 3586 quam
1868 3525 1989 3590 caeperat

335 3602 383 3658 tim
416 3603 543 3675 probare,
574 3605 660 3660 tribus
683 3605 878 3664 navibusilluc
904 3609 995 3679 primo
1014 3609 1135 3678 directis,
1191 3604 1305 3662 ecclesia
1320 3605 1391 3660 iacta
1404 3610 1488 3672 eset,
1505 3604 1532 3658 in
1547 3619 1602 3676 qua
1616 3604 1746 3660 decenter
1759 3603 1824 3676 poni
1848 3603 1984 3662 calerent.

333 3709 416 3764 quarn
431 3691 539 3750 efficere
570 3701 683 3765 possent
712 3694 734 3749 si
767 3695 859 3767 plures
885 3696 1030 3766 mitterent,
1047 3698 1137 3769 plnres
1189 3693 1225 3748 Et
1239 3693 1276 3748 ita
1291 3691 1393 3748 iactum
1408 3698 1459 3747 est.
1476 3692 1540 3748 Post
1553 3691 1658 3762 aliquot
1683 3707 1770 3749 anuos
1784 3691 1812 3748 in
1841 3691 1987 3749 ecclesiam

330 3779 464 3837 venirent.
482 3781 557 3851 Quas
583 3797 645 3839 cum
675 3799 806 3855 prospere
835 3784 864 3839 in
886 3784 1025 3841 nonnullis
1047 3787 1136 3858 agisse
1186 3781 1244 3852 jam
1259 3779 1398 3836 laudatam
1413 3778 1479 3835 illati
1492 3787 1562 3849 suut,
1577 3787 1604 3836 et
1619 3779 1646 3835 in
1660 3780 1807 3852 aquilonati
1822 3789 1989 3853 partasuper

332 3869 467 3939 audirent,
484 3871 594 3928 animati
622 3879 694 3938 sont,
723 3879 751 3928 et
777 3873 864 3929 classe
885 3882 981 3945 parata
1006 3875 1134 3948 duglinm
1187 3870 1295 3928 voltum
1329 3869 1429 3941 singuli
1465 3868 1515 3925 sub
1553 3869 1668 3942 singulis
1696 3869 1795 3942 ligneis
1812 3868 1927 3938 locellis,
1940 3867 1987 3926 ubi

335 3973 390 4014 aon
406 3959 491 4014 semel
506 3965 552 4014 aot
567 3959 620 4026 bis,
635 3960 683 4016 sed
698 3977 886 4033 sepenumero
898 3962 1028 4018 veniendi
1054 3981 1134 4021 usum
1187 3958 1310 4031 quotidie
1337 3957 1494 4030 mysterium
1521 3957 1648 4014 sacrificii
1673 3958 1797 4015 salumris
1824 3956 1986 4029 celebratur,

334 4056 508 4119 aeceperunt.
516 4046 641 4117 Quodam
653 4049 744 4121 itaque
753 4057 884 4121 tempore,
896 4056 949 4107 etc.
971 4051 1135 4125 Sequuntur
1186 4047 1268 4120 positi
1278 4053 1355 4103 sunt.
1371 4047 1420 4102 llis
1437 4045 1473 4101 ita
1483 4046 1633 4118 dispositis,
1645 4045 1768 4104 iortedie
1782 4047 1901 4118 quadam
1916 4062 1987 4102 unus

332 4136 579 4209 miraculnplnrc,
595 4139 869 4212 quorumEpitomcn
878 4139 1046 4198 abbreviatis
1059 4142 1134 4198 aad·
1186 4153 1221 4192 es
1240 4135 1371 4192 fratribus
1388 4135 1512 4192 ecclesiae
1524 4135 1551 4190 ia
1562 4151 1677 4192 scamno
1692 4135 1792 4192 sedena
1817 4151 1909 4192 coram
1937 4149 1984 4192 se·

332 4225 406 4279 meri
416 4225 507 4282 acriis
516 4225 594 4281 dedit
605 4224 813 4298 Vitabreqwini
821 4228 1133 4304 Osdcrnomolcascrip·
1186 4224 1282 4297 pulcro
1311 4223 1383 4280 beati
1412 4224 1558 4295 bregwini,
1574 4231 1627 4280 etc.
1657 4223 1827 4296 Sequuntur·
1839 4225 1985 4280 miracala

332 4316 470 4386 tcsnpro.
485 4313 563 4369 Plura
574 4315 696 4370 femntur
722 4316 750 4371 in
775 4317 847 4372 bunc
864 4317 975 4372 modum
994 4318 1030 4375 dc
1051 4318 1131 4378 beato
1184 4314 1261 4382 tina,
1278 4313 1311 4369 ⁶¹⁶
1325 4313 1424 4385 tufini
1438 4312 1540 4368 vitiem
1553 4313 1702 4385 filistiim
1720 4312 1842 4371 03ὺοΜο
1854 4313 1982 4383 saiwi-¹²·

329 4401 400 4470 riro,
420 4419 482 4472 quas
499 4402 591 4459 omnia
618 4404 738 4461 scribere
766 4406 843 4460 nimii
873 4405 1004 4478 ponderis
1039 4414 1125 4465 esset.
1183 4405 1321 4475 scriptam
1345 4416 1444 4474 snpra.
1473 4401 1506 4455 Et
1521 4400 1640 4473 quidem,
1666 4407 1695 4455 ut
1722 4399 1804 4455 multi
1836 4399 1981 4468 atirrmant,

328 4491 364 4545 ad
379 4489 433 4546 alia
448 4506 514 4565 erqo
529 4493 683 4558 tendentes,
697 4495 770 4551 hunc
784 4495 1124 4568 istisponinrusmodurn.
1183 4489 1257 4546 bunc
1289 4487 1359 4545 inter
1386 4503 1416 4544 sa
1449 4503 1552 4545 morem
1579 4489 1704 4546 Saxones
1729 4489 1902 4560 prestantius
1927 4489 1981 4544 hs-

362 4579 540 4636 Transierunt
553 4581 645 4654 plures
658 4582 732 4652 anni,
747 4591 775 4640 et
789 4599 890 4656 corpus
903 4583 963 4653 ejus
977 4584 1029 4640 sub
1042 4603 1128 4643 veno.
1181 4579 1257 4649 bant,
1283 4585 1313 4634 ut
1328 4578 1450 4649 majorca
1475 4591 1541 4633 suos
1569 4576 1680 4651 dignius
1700 4577 1833 4634 honorent
1855 4581 1883 4633 et
1910 4577 1980 4633 irre-

325 4667 432 4725 ratione
460 4670 606 4726 nrultomm
634 4672 696 4728 loco
712 4673 811 4729 mansit
825 4672 980 4729 immotum.
1000 4675 1126 4732 Nonnulli
1182 4668 1311 4724 verculi&
1338 4665 1509 4723 subdiiffl'um
1525 4681 1580 4722 ¹¹0ss
1598 4673 1720 4738 parcant,
1742 4682 1775 4722 Μ
1801 4666 1977 4723 insoleswtl·

326 4772 436 4828 quoque
461 4773 649 4815 successorum
681 4760 740 4830 ejus
768 4761 831 4818 linio
857 4761 923 4818 vitae
952 4763 1125 4835 decedentes,
1141 4737 1168 4798 D
1183 4759 1286 4813 Morem
1302 4754 1384 4830 igitur
1397 4771 1453 4810 suae
1481 4755 1572 4828 geum
1586 4761 1613 4812 et
1639 4754 1742 4811 muodo
1759 4761 1900 4826 exemptus
1918 4753 1981 4810 liliis

324 4845 416 4901 locum
430 4845 574 4917 sepulturae
589 4839 616 4902 in
645 4849 708 4920 ipsa
721 4848 835 4906 basilica
862 4860 1034 4924 acceperunt.
1063 4855 1128 4910 Post
1181 4846 1238 4902 suis
1251 4845 1354 4901 studuit
1369 4845 1457 4901 bonus
1470 4851 1548 4915 pater
1560 4842 1700 4912 exhibere,
1727 4852 1756 4898 ut
1784 4858 1831 4898 cos
1858 4851 1982 4900 moneret

325 4933 386 4989 liare
398 4933 492 4989 multis
509 4935 588 4991 malis
602 4951 708 5008 quaque
721 4955 772 5009 per
785 4939 912 5012 angliam
928 4941 1126 4998 crebrescenti-
1181 4951 1234 5007 qua
1250 4933 1400 4991 reverendi
1415 4948 1445 4989 ⁸0
1460 4932 1578 4988 110le
1604 4946 1670 5004 erga
1697 4932 1816 5003 m⁸j0f0⁸
1841 4947 1905 4988 θυοδ
1927 4933 1979 4988 ¹1¹²·

326 5022 385 5089 bus,
397 5023 513 5097 contigit
526 5024 663 5082 civitatem
678 5026 853 5083 mainerium
879 5045 914 5084 ex
929 5029 1032 5086 incuria
1054 5048 1125 5102 quo·
1180 5033 1254 5089 bere.

325 5109 454 5167 rumdam
468 5129 517 5168 sua
532 5113 619 5169 minus
633 5122 711 5171 caute
739 5117 889 5172 curantium
909 5118 972 5191 igne
999 5121 1125 5176 succendi
1216 5123 1289 5177 lnter
1302 5119 1457 5190 hujusmodi
1472 5119 1540 5174 tacta
1554 5117 1719 5174 sanctissimi
1734 5117 1787 5174 viri
1804 5117 1878 5176 veuit
1905 5120 1979 5175 Can-

322 5209 349 5256 et
363 5201 549 5258 crescentibus
561 5202 678 5260 llammis
694 5204 722 5260 in
745 5215 861 5262 matrem
889 5206 1031 5263 ecclesiam
1058 5209 1126 5264 inibi
1180 5207 1415 5280 toariamquidam
1443 5207 1592 5264 monachus
1613 5206 1649 5264 de
1669 5215 1741 5263 terra
1761 5207 1901 5265 Teutonici
1924 5208 1979 5264 im-

322 5287 512 5346 consistentem
526 5289 681 5348 incendium
697 5294 775 5351 ferri.
795 5293 866 5364 Quid
881 5294 997 5352 dicam?
1009 5297 1126 5353 Combu-
1179 5297 1313 5371 peratoris
1336 5297 1495 5353 Lambertus
1524 5295 1643 5363 nomine,
1659 5302 1740 5352 notus
1762 5296 1867 5370 regiam
1899 5313 1980 5370 quarn

322 5386 421 5435 staest
435 5385 564 5436 tetecum
578 5380 902 5441 officinismonacborum
919 5384 957 5440 ibi
967 5385 1124 5457 degentium
1179 5403 1229 5443 rex
1243 5385 1375 5443 ilenricus
1401 5385 1532 5442 defuncta
1557 5385 1646 5457 prima
1673 5385 1793 5460 conjuge
1802 5401 1849 5442 sua
1864 5395 1979 5445 uxorem

323 5467 545 5538 peneomnibus,
561 5469 640 5526 amul
654 5479 681 5527 et
695 5472 812 5530 ecclesia
826 5471 899 5529 beati
928 5473 1042 5530 loannis
1071 5475 1125 5530 lla-
1179 5475 1215 5532 de
1231 5475 1352 5532 Sasonis
1381 5475 1504 5530 duxerat.
1526 5473 1575 5530 llic
1600 5474 1762 5531 lambertus
1787 5491 1836 5547 per
1863 5477 1980 5531 multum

322 5555 526 5627 ptistae,ubi,ut
538 5557 699 5629 praedictum
714 5569 765 5631 est,
775 5561 1045 5634 archiepiscoporum
1059 5562 1125 5620 reli·
1180 5562 1311 5635 temporis
1325 5561 1477 5618 Cautuariae
1507 5569 1605 5636 rogatu
1640 5561 1744 5636 reginae
1757 5579 1819 5618 curn
1852 5562 1980 5619 tratribus

325 5645 397 5717 quiae
408 5644 541 5716 jacebant
554 5647 684 5705 bumatae.
703 5650 733 5706 ln
749 5667 802 5725 qua
825 5650 1039 5724 conflagratione
1065 5670 1127 5726 quae
1179 5657 1467 5721 conseranensem
1498 5667 1568 5725 pene
1598 5651 1675 5725 qussi
1705 5649 1855 5707 monachus
1874 5649 1926 5707 laci
1944 5650 1979 5707 ab

326 5769 618 5917 se{t{ln5tbnellable‘ztruuur
631 5788 725 5846 regern
739 5789 812 5831 anno
826 5776 879 5830 760
893 5774 995 5832 obiisse
1009 5776 1100 5850 prodit
1113 5775 1295 5849 chronologis
1308 5774 1455 5844 senonica,
1473 5791 1533 5848 quse
1547 5783 1574 5834 et
1589 5775 1705 5833 biemem
1719 5773 1898 5846 asperrimam
1911 5777 1976 5832 suni

375 5859 394 5898 u
450 5860 464 5898 s
607 5884 616 5904 ,
