4750 6725
329 573 379 627 ool
867 576 933 633 Lllt.
954 574 1001 631 llll
1016 574 1250 631 onatlwolllss
1268 572 1440 630 cOEtosTl.
1933 580 1985 637 dili

330 693 400 751 sicut
414 696 495 755 amici
509 698 558 755 Dei
573 700 663 757 securi
686 708 764 757 erunt
785 717 815 757 se
840 714 960 771 unquam
983 700 1132 755 amissuros
1146 702 1174 764 Α
1188 714 1304 769 eumque
1332 697 1401 753 sicut
1414 698 1585 755 oobaeredcm
1601 702 1631 756 el
1651 701 1876 773 comparticipem
1904 702 1981 774 regni

330 783 402 841 bona
417 802 477 854 sua,
493 787 529 843 ita
544 787 587 844 isti
602 789 706 847 inimici
720 790 769 845 Dei
785 790 897 847 omuino
907 787 1088 859 desperabunt
1102 802 1131 841 so
1186 786 1304 843 ooelestis
1319 787 1393 857 quasi
1420 788 1525 857 seipsos
1550 788 1707 860 perenuiter
1733 790 1858 864 diligent.
1892 790 1985 863 Siqui-

325 874 756 949 jamamplinsperdituroslraec
779 880 849 935 mola
873 894 933 933 sua.
955 878 1006 933 Pro
1030 885 1132 931 aeterno
1186 874 1446 947 dem,quanlumin
1473 876 1533 947 ipso
1561 878 1621 943 init,
1651 886 1678 933 et
1702 879 1839 935 civitatem
1863 879 1924 945 Dei,
1953 887 1980 935 at

328 960 412 1035 igitur
425 973 452 1020 et
465 964 597 1023 ineffabili
625 970 727 1040 gaudio
751 968 904 1036 bealorum,
932 966 1133 1023 haeredltabunt
1184 965 1500 1037 angelorumnumernm
1528 974 1555 1021 et
1580 974 1688 1023 sanctos
1715 968 1839 1024 homines
1863 984 1987 1025 cousum-

327 1058 457 1109 mlemam
484 1064 511 1111 et
536 1056 737 1129 incogitabilem
772 1057 910 1113 tristitiam
948 1071 1043 1112 omnes
1072 1055 1128 1127 qui,
1185 1054 1281 1109 inavit.
1301 1055 1355 1111 Sed
1370 1070 1433 1110 oum
1449 1054 1467 1110 ii
1482 1056 1529 1126 qui
1543 1055 1577 1109 ad
1593 1056 1676 1110 vitam
1691 1057 1985 1130 aetertramperlingunt

328 1156 380 1210 pro
408 1141 617 1213 impoenitudine
643 1156 734 1202 reatus
770 1147 821 1215 sui,
851 1144 987 1201 transituri
1013 1152 1074 1199 sunt
1102 1144 1129 1199 in
1185 1151 1257 1199 tanta
1274 1151 1518 1215 merentur‚patet,
1535 1144 1773 1214 percontrarium,
1790 1144 1987 1217 quidnequam

329 1229 488 1287 societatem
502 1233 698 1291 daemoniorum
711 1234 752 1291 ¹⁸⁷.
1184 1231 1319 1299 homines,
1336 1230 1399 1303 quia
1412 1247 1497 1303 reguo
1510 1232 1560 1286 Dei
1575 1241 1694 1287 extorres
1713 1248 1762 1289 suo
1785 1232 1881 1288 nierito
1907 1232 1984 1303 finnt,

363 1316 412 1373 llis
425 1320 516 1392 itaque
541 1322 722 1379 consideratis
748 1331 830 1395 atque
839 1326 992 1396 perspectis
1015 1322 1129 1396 intelligi
1183 1327 1399 1391 promereantur.
1415 1318 1552 1389 Quantum
1566 1322 1667 1377 etenim
1682 1322 1716 1376 ad
1730 1337 1779 1377 eos
1806 1328 1919 1393 spectat,
1936 1337 1987 1377 neo

327 1414 416 1476 potest
429 1424 508 1480 quam
523 1412 591 1467 utile
606 1412 641 1467 sit
661 1412 765 1469 homini
780 1414 807 1468 in
836 1414 916 1470 bouis
943 1413 1068 1470 moribus
1096 1428 1130 1467 ao
1183 1409 1233 1463 Dei
1249 1408 1354 1473 civiles,
1372 1424 1421 1467 nec
1431 1410 1591 1480 angelorum
1606 1411 1797 1480 numerositas,
1813 1424 1864 1466 nec
1879 1410 1983 1467 eleeto-

324 1494 405 1564 justis
419 1498 551 1567 operibus
566 1500 649 1556 vilem
665 1518 741 1557 snam
756 1518 895 1570 exercere,
908 1502 1128 1573 quamquedam-
1183 1513 1243 1551 rum
1273 1497 1412 1553 bominum
1437 1497 1559 1569 prolreiet
1587 1498 1698 1569 praefixa
1733 1499 1890 1571 integritas:
1918 1498 1986 1567 imo,

327 1598 424 1640 rosum
453 1586 509 1644 illia
535 1588 644 1645 omissis
679 1608 729 1663 per
756 1590 818 1648 vitia
852 1600 879 1648 et
904 1592 1061 1663 iniquitates
1089 1590 1128 1644 ai·
1182 1604 1243 1643 cum
1259 1586 1308 1657 ipsi
1325 1586 1358 1641 ad
1374 1588 1470 1642 lrorum
1485 1587 1679 1658 perfectionem
1691 1588 1793 1643 conditi
1810 1588 1919 1656 fuerint,
1935 1603 1985 1643 uec

327 1673 421 1731 liuere.
1183 1676 1337 1747 perlingere
1365 1684 1552 1749 satagamque
1581 1693 1700 1749 nuquam
1729 1676 1904 1749 perficiantur
1931 1677 1986 1731 suis

362 1762 484 1827 Quodsi
500 1767 582 1825 latius
598 1769 812 1839 consideremus,
829 1770 954 1827 videlicet
967 1786 1047 1841 quatu
1070 1767 1127 1824 uti·
1183 1765 1262 1821 laetis
1276 1765 1427 1821 intendunt.

326 1852 712 1926 lesitquemlibetbomiuum
741 1859 843 1917 bouum
873 1875 942 1925 esse,
972 1858 1129 1915 videbimus
1219 1854 1455 1921 Quemadmodum
1469 1854 1552 1926 igitur
1566 1854 1655 1926 quivis
1671 1855 1753 1912 houro
1769 1856 1843 1911 dolet
1858 1862 1884 1909 et
1897 1852 1986 1925 queri-

324 1956 383 1997 uon
398 1942 487 1999 colum
501 1945 560 2015 ejus
575 1947 622 2017 qui
635 1947 725 2004 bouus
748 1957 799 2016 est,
815 1950 865 2004 sed
889 1956 916 2003 et
935 1949 994 2004 Deo
1022 1948 1084 2019 ipsi,
1101 1955 1128 2003 el
1182 1950 1229 1998 tut·
1244 1942 1351 2013 quando
1366 1942 1458 2014 aliquo
1473 1945 1555 1999 modo
1571 1945 1659 2015 perdit
1674 1946 1747 2015 quod
1761 1960 1812 2015 pro
1836 1943 1878 2000 sui
1906 1958 1986 1999 com-

324 2030 443 2102 angelis,
458 2040 485 2088 et
506 2033 605 2107 cuique
624 2037 699 2108 justo
726 2038 830 2093 homiui
858 2054 891 2095 oo
917 2038 1026 2107 insuper
1053 2037 1128 2093 omni
1142 2061 1169 2121 Β
1183 2032 1267 2086 modo
1282 2040 1306 2087 et
1322 2032 1437 2087 utilitate
1452 2033 1603 2103 acquisivit,
1621 2032 1659 2089 ila
1679 2034 1753 2089 Deus
1782 2031 1986 2103 quodammodo

325 2126 460 2177 creaturae
473 2122 501 2177 id
516 2123 582 2179 utile
595 2140 663 2181 esse.
679 2127 714 2181 lit
736 2127 794 2182 Deo
821 2127 943 2198 quidem,
971 2142 1025 2181 nou
1053 2126 1127 2196 quod
1183 2121 1258 2175 dolet
1272 2128 1298 2175 ot
1313 2119 1441 2190 queritur,
1457 2122 1567 2195 quando
1583 2122 1717 2179 bominem
1747 2138 1827 2193 quem
1852 2120 1887 2176 ad
1917 2135 1985 2189 opus

324 2223 452 2277 personae
465 2210 539 2268 illius
553 2212 655 2284 aliquid
670 2216 807 2271 commodi
822 2216 865 2271 vel
881 2214 1047 2271 incommodi
1057 2214 1127 2270 acci·
1180 2226 1259 2265 suum
1273 2216 1415 2265 creaverat
1429 2224 1445 2265 a
1460 2210 1570 2266 diabolo
1593 2210 1663 2281 rapi,
1680 2220 1706 2266 et
1732 2211 1760 2265 iu
1771 2215 1903 2267 aeteruum
1933 2204 1987 2263 sibi

324 2297 391 2353 dere
405 2300 1127 2376 possiqbonushomourilisegsedlchuf‚miquo.
1179 2298 1447 2369 perireconsiderat.
1472 2300 1537 2355 lude
1565 2300 1647 2355 etiam
1676 2299 1714 2355 illi
1743 2300 1789 2371 qui
1818 2299 1984 2355 damnantur

323 2386 966 2462 uiamiliiadperlioieudamcivilatemsuam,
983 2411 1063 2465 quarn
1091 2395 1126 2449 de
1180 2387 1279 2459 perditi
1293 2387 1426 2454 dicuutur,
1443 2389 1569 2458 quoniam
1586 2390 1643 2446 Deo
1657 2389 1692 2444 ad
1707 2389 1784 2459 eujus
1813 2403 1929 2459 regnum
1957 2392 1985 2441 et

322 2476 407 2533 bonis
421 2478 577 2535 hominibus
592 2480 726 2550 perlicere
738 2482 866 2552 instituit,
881 2498 914 2539 eo
929 2484 1019 2538 studio
1034 2483 1126 2553 quoin
1181 2478 1313 2533 bonorem
1324 2476 1425 2531 conditi
1448 2484 1519 2543 snut,
1535 2477 1561 2531 in
1590 2476 1779 2533 contusionem
1808 2484 1938 2533 aternam
1967 2489 1984 2529 a

323 2566 398 2621 illam
414 2566 737 2625 teuditadminiculatur.
765 2572 905 2627 Humanas
931 2572 1032 2642 quippo
1060 2588 1127 2627 usus
1180 2564 1291 2621 diabolo
1306 2565 1465 2637 praeeipitali
1480 2566 1641 2637 depereunt·

324 2656 379 2713 hoo
393 2654 476 2711 hobel
489 2665 519 2711 ιιι
532 2673 594 2714 eum
609 2657 662 2713 sibi
678 2658 738 2729 quia
753 2660 847 2715 utilem
862 2660 963 2731 judicet
977 2660 1024 2731 qui
1038 2677 1067 2715 se
1091 2662 1127 2715 orl
1218 2654 1286 2709 Eone
1301 2661 1437 2724 utcunque
1452 2655 1593 2725 proposita
1605 2654 1685 2710 nobis
1700 2662 1740 2711 est
1755 2654 1894 2711 beatitudo
1916 2652 1982 2709 vitm

324 2745 379 2800 boo
393 2743 572 2815 abjuratsine
586 2762 641 2820 quo
655 2748 683 2803 id
694 2750 767 2819 quod
781 2749 916 2807 benevult
929 2747 1062 2821 perlicere
1071 2765 1126 2805 uon
1179 2742 1319 2813 perennis,
1335 2745 1513 2799 etoontrario
1542 2744 1648 2799 miseria
1678 2745 1774 2801 mortis
1802 2752 1919 2801 aetemae.
1949 2740 1984 2799 Ut

323 2832 396 2889 ruit.
1180 2831 1336 2902 igitur-lucc
1362 2832 1520 2901 evadantur,
1550 2832 1596 2888 illo
1625 2834 1807 2905 acquirantur,
1835 2848 1867 2889 eo
1892 2829 1981 2901 magis

360 2922 484 2992 Qualiter
497 2932 587 2983 entem
597 2926 684 2982 bonus
698 2927 780 2984 homo
795 2927 830 2982 sit
843 2928 926 2983 etjam
941 2927 1049 3001 angelis
1069 2926 1126 2989 qq.
1180 2919 1379 2975 elaborandum
1395 2929 1435 2975 est
1449 2936 1503 2992 quo
1518 2920 1569 2975 isla
1591 2920 1786 2975 interminabili
1811 2935 1894 2991 poeua
1922 2934 1982 2973 ma-

324 3010 369 3077 lis,
384 3011 448 3068 iude
461 3014 634 3085 cognoscitur
647 3016 721 3087 quod
736 3032 771 3071 ex
782 3016 911 3073 societate
925 3016 1058 3073 bonorum
1073 3017 1126 3072 bo-
1181 3000 1348 3077 los'oruciat,
1365 3009 1411 3064 illa
1422 3008 1584 3064 indeficienti
1598 3009 1768 3080 jucunditate
1787 3008 1874 3064 bonos
1902 3006 1982 3063 oble·

326 3100 431 3155 minum
445 3118 575 3158 numerus
587 3104 696 3160 illorum
713 3106 760 3177 qni
775 3105 922 3160 diminutus
950 3113 1006 3161 erat
1033 3106 1127 3161 rodiu-
1180 3106 1245 3155 olet.

324 3195 459 3261 tegratur.
475 3190 542 3247 Cum
558 3192 641 3266 igitur
655 3194 756 3264 uliquis
783 3210 836 3265 per·
862 3194 944 3250 uitam
974 3195 1074 3250 nonam
1101 3194 1128 3249 ln
1219 3188 1269 3257 Qui
1283 3204 1349 3261 ergo
1363 3196 1404 3245 est
1418 3188 1506 3244 bonus
1520 3196 1684 3259 perseveret,
1710 3190 1797 3245 donee
1819 3186 1911 3243 debita
1932 3184 1983 3242 sibi

326 3277 940 3355 societatemillorumourril,magnumquitl
966 3284 1033 3353 ipsis
1060 3301 1128 3355 prae-
1181 3277 1337 3333 beatudinis
1351 3277 1465 3349 praemia
1488 3278 1594 3349 capiat;
1612 3278 1656 3349 qui
1687 3294 1752 3335 roro
1780 3276 1879 3344 mulus,
1910 3274 1984 3349 quod

328 3375 392 3434 stat,
408 3368 480 3438 quia,
497 3371 670 3440 quantumin
699 3372 759 3442 ipso
786 3381 835 3441 est,
860 3389 1002 3428 numerum
1031 3388 1127 3430 eorum
1183 3375 1293 3422 estesse
1306 3368 1425 3436 desistat,
1443 3383 1497 3438 quo
1513 3367 1649 3423 miseriam
1665 3383 1746 3440 quam
1770 3375 1890 3422 rueretur
1917 3379 1983 3421 eva·

326 3455 437 3526 supplet
452 3465 477 3512 et
491 3457 607 3528 perficit.
624 3457 705 3515 Omni
720 3477 828 3532 quoque
840 3461 915 3531 justo
935 3461 1047 3529 bomini,
1077 3477 1127 3517 nec
1142 3419 1167 3483 C
1182 3455 1246 3510 dere
1262 3465 1351 3526 queat.
1370 3457 1401 3510 lc't
1415 3456 1524 3528 quidem
1542 3457 1656 3522 bonitas,
1671 3458 1734 3526 quia
1756 3455 1801 3510 lux
1823 3463 1873 3524 est,
1902 3453 1984 3524 plane

326 3558 382 3598 non
397 3545 471 3599 omui
483 3553 616 3604 creaturae
627 3547 730 3618 justum
741 3550 879 3605 bominem
894 3549 986 3603 utilem
998 3549 1127 3603 diximus.
1181 3543 1288 3598 instruit
1302 3561 1374 3610 eum,
1391 3546 1434 3600 oui
1449 3545 1573 3612 inlrreret,
1587 3560 1640 3614 qua
1655 3545 1797 3616 gradiatur
1811 3553 1840 3599 ut
1853 3543 1982 3598 advitam

324 3632 404 3688 lusto
420 3633 532 3702 bomini,
557 3635 736 3708 quiaquanlo
764 3638 900 3693 ardentius
928 3637 955 3692 in
982 3653 1129 3708 supernam

329 3720 553 3790 patriamlendit,
571 3731 644 3780 tauto
672 3725 791 3781 velocius
817 3726 903 3796 petria
932 3725 992 3798 ipsa
1018 3725 1046 3779 in
1075 3725 1130 3780 suis

328 3804 435 3860 civibus
449 3808 694 3876 consummabitur,
709 3819 735 3865 et
755 3810 879 3880 quisque,
895 3811 994 3880 adepta
1018 3825 1129 3866 suorum

328 3909 474 3965 corporum
501 3899 700 3953 resurrectione
728 3915 808 3968 quam
838 3899 949 3954 multum
979 3899 1128 3967 desiderat,

326 3983 465 4054 geminata
481 3983 576 4040 laetitia
590 3994 671 4056 atque
686 3986 712 4041 iu
727 3987 831 4043 honore
858 3988 886 4042 in
901 4003 986 4060 regno
1001 3987 1050 4043 Dei
1066 4003 1128 4057 per-

328 4071 444 4126 fruetur.
462 4070 543 4128 Omni
557 4083 699 4142 creaturae,
723 4075 853 4148 quoniam
882 4075 947 4130 dum
971 4091 1019 4146 per
1047 4075 1128 4131 boni-

328 4167 411 4214 tatem
439 4178 516 4215 suam
544 4162 740 4218 incrementum
769 4164 886 4219 civitatis
913 4165 962 4219 Dei
1000 4165 1127 4236 assurgit,

326 4247 601 4322 renovationemque
617 4252 674 4323 ipsa
690 4259 813 4308 ereatura
827 4253 856 4307 iu
872 4252 1023 4308 meliorest
1050 4269 1128 4308 eom·

327 4337 458 4392 mutanda
473 4338 544 4394 ultra
571 4355 626 4394 nou
655 4341 798 4411 impendit,
827 4341 892 4407 imo,
922 4348 1051 4411 quantum
1081 4356 1129 4395 sua

326 4424 423 4491 refert,
452 4441 562 4483 omnem
588 4429 614 4485 ei
637 4444 741 4485 moram
770 4430 948 4502 perfeetionis
975 4428 1076 4501 rumpit
1102 4436 1130 4485 et

326 4513 432 4570 adimit.

362 4600 499 4671 Quantum
521 4621 587 4677 ergo
614 4606 712 4678 cuique
740 4607 774 4663 sil
801 4608 958 4664 enitendum
985 4614 1014 4662 ul
1041 4607 1129 4662 bonus

326 4691 372 4756 sit,
383 4692 540 4762 perpendat
554 4695 597 4764 qui
612 4703 710 4764 potest,
727 4697 948 4768 quandoquidem
962 4713 996 4751 ex
1016 4696 1128 4751 bonita-

1183 3628 1334 3699 perveuial,
1349 3629 1398 3684 sed
1415 3628 1528 3692 malitia,
1544 3629 1607 3700 quia
1622 3629 1739 3684 tenebrae
1767 3635 1838 3696 sunt,
1860 3627 1982 3682 oboaeoal

1182 3716 1259 3770 illum
1275 3715 1320 3786 qui
1335 3731 1365 3771 eo
1381 3716 1538 3784 inebriatur,
1556 3732 1590 3772 ue
1605 3716 1695 3770 videat
1710 3731 1764 3786 quo
1779 3716 1840 3781 ruit,
1858 3715 1980 3770 uliuter-

1183 3812 1236 3859 eat.
1253 3804 1306 3860 Sed
1322 3805 1356 3860 sit
1371 3805 1470 3876 aliquis
1486 3805 1557 3860 sorte
1573 3805 1668 3872 tualus,
1686 3804 1731 3876 qui
1755 3805 1829 3877 quod
1853 3811 1893 3859 est
1920 3817 1980 3859 esse

1182 3892 1323 3950 erubeseat
1338 3901 1365 3948 et
1380 3908 1408 3948 se
1423 3893 1524 3949 bouum
1540 3892 1597 3949 fieri
1613 3893 1683 3950 velle
1698 3894 1779 3950 dicat.
1797 3893 1846 3948 llio
1872 3907 1983 3948 necesse

1182 3990 1224 4037 est
1237 3989 1265 4036 ut
1281 3989 1345 4038 ante
1360 3983 1451 4038 omnia
1465 3999 1494 4038 se
1510 3983 1621 4050 naulum,
1638 3984 1720 4039 idest
1740 3991 1918 4053 peccatorem,
1949 3995 1982 4036 uo

1182 4087 1232 4142 per
1246 4071 1298 4126 hoo
1314 4072 1433 4127 tenebris
1453 4071 1603 4128 involutum
1631 4072 1775 4146 intelligat,
1791 4080 1924 4144 quatenus
1951 4085 1982 4125 so

1181 4160 1227 4216 ubi
1240 4160 1348 4231 jacebat
1362 4163 1449 4231 possit
1464 4162 1569 4218 videro.
1598 4162 1666 4218 Sunt
1685 4161 1785 4217 etenim
1813 4162 1905 4232 plures
1932 4159 1982 4231 qui

1181 4257 1236 4304 tam
1253 4249 1344 4306 densis
1358 4259 1533 4320 peccatorum
1557 4250 1674 4306 tenebris
1700 4251 1824 4308 obvoluti
1854 4257 1925 4317 suut,
1954 4255 1984 4304 ut

1181 4338 1255 4393 nulla
1270 4339 1374 4395 ratione
1389 4355 1419 4395 se
1440 4340 1484 4395 vel
1512 4341 1540 4394 in
1561 4341 1626 4411 ipsis
1651 4340 1769 4396 tenebris
1796 4354 1855 4396 esse
1882 4335 1985 4410 possint

1181 4426 1332 4483 advertere.

1219 4515 1335 4572 Primum
1347 4515 1430 4589 igilur
1444 4525 1468 4571 et
1483 4532 1613 4588 magnum
1628 4515 1767 4586 quidboni
1791 4530 1850 4572 esse
1875 4519 1981 4570 constat

1183 4605 1320 4660 bominem
1335 4605 1454 4676 seipsum
1470 4621 1551 4676 posse
1566 4605 1719 4677 intelligere
1734 4605 1760 4658 in
1776 4619 1829 4676 quo
1843 4611 1912 4659 statu
1939 4600 1982 4658 vel

1183 4709 1248 4750 casu
1263 4693 1400 4750 subsistat.
1415 4695 1453 4750 Eo
1468 4695 1541 4749 enim
1558 4709 1612 4765 qno
1626 4708 1655 4749 se
1671 4693 1807 4766 inteiligit,
1836 4691 1888 4748 luci
1902 4707 1983 4748 acoe-

327 4787 356 4835 te
369 4780 485 4836 bominis
499 4789 526 4837 et
539 4785 734 4840 consummatio
759 4787 837 4858 regui
857 4786 975 4841 ooelestis
1003 4793 1030 4841 et
1057 4802 1128 4856 prm-
1141 4771 1168 4832 D
1184 4783 1235 4838 dit.
1252 4783 1318 4838 Com
1334 4783 1423 4855 itaque
1438 4783 1564 4856 iutelligit
1579 4799 1608 4840 se
1623 4783 1723 4838 malum
1738 4797 1806 4848 esse,
1823 4786 1931 4852 oportet
1944 4787 1983 4852 ut,

328 4868 465 4926 destinata
475 4871 522 4927 toti
535 4881 667 4929 creaturae
678 4874 780 4944 pendet
794 4875 929 4944 reparatio
957 4874 1129 4930 uniuersalis.

328 4957 405 5014 ltitit
418 4957 490 5015 enim
506 4959 602 5016 borunr
617 4962 691 5018 omui
702 4978 735 5018 ex
747 4971 826 5034 parte
849 4963 1015 5033 perlicietnr,
1044 4963 1133 5019 donee

331 5063 464 5104 numerus
480 5047 629 5105 eloctomm
642 5050 796 5123 impleatur.
813 5052 898 5108 Tanto
911 5052 1001 5124 itaque
1029 5051 1132 5107 bouum

331 5135 406 5191 istud
420 5137 483 5208 plna
498 5135 749 5210 differetur,quaoto
765 5141 783 5195 ii
798 5139 843 5211 qui
859 5148 969 5198 aeternae
982 5140 1045 5197 vitae
1055 5139 1132 5212 digni

330 5224 452 5280 existant
465 5226 555 5282 minus
568 5227 749 5284 invenientur.

369 5313 485 5386 Singula
499 5315 583 5387 igitur
596 5315 699 5372 bomini
713 5317 749 5372 ad
760 5334 875 5390 reguum
898 5318 949 5373 Dei
976 5315 1133 5388 pervenien-

332 5402 351 5458 ti
368 5402 440 5458 Deus
452 5402 521 5474 ipse,
538 5404 627 5474 angeli
639 5420 758 5479 quoque,
782 5422 814 5460 ao
839 5406 905 5477 justi
932 5406 1070 5475 homiues,
1098 5422 1132 5462 eo

331 5491 406 5561 quod
420 5507 449 5547 se
464 5492 544 5547 talem
559 5492 681 5548 exhibuit
693 5501 723 5549 ut
745 5494 809 5549 illuc
837 5495 988 5565 perveniet,
1018 5495 1131 5566 gratiosi

331 5579 460 5650 existent,
474 5589 503 5636 et
516 5588 546 5636 ut
566 5597 613 5635 sua
636 5583 727 5638 omnia
745 5583 805 5653 ejus
832 5583 1000 5638 unanimiter
1027 5583 1130 5649 volent,

1186 4872 1208 4926 si
1224 4871 1312 4926 bouus
1328 4869 1384 4928 steri
1400 4873 1465 4937 vult,
1482 4873 1571 4928 doleat
1587 4887 1616 4928 se
1634 4871 1735 4926 malurn
1758 4886 1828 4927 esse.
1857 4868 1984 4940 Alioquin

1189 4961 1260 5017 lulso
1271 4961 1335 5017 dicit
1350 4977 1378 5016 se
1393 4961 1474 5016 alium
1490 4977 1572 5031 quarn
1588 4969 1700 5018 estesse
1715 4961 1796 5016 velle.

1223 5050 1350 5106 Soieuliae
1372 5049 1454 5121 igilur
1481 5064 1533 5123 qua
1561 5049 1636 5106 novit
1668 5065 1706 5118 se,
1739 5047 1817 5105 dolor
1843 5045 1987 5118 adjiciatur

1186 5153 1300 5194 necesse
1315 5145 1364 5206 est,
1380 5139 1485 5194 dicente
1496 5138 1651 5208 Scriptum:
1669 5138 1721 5207 Qui
1735 5137 1814 5194 addit
1823 5138 1985 5204 colentium,
2065 5169 2069 5177 ·

1186 5228 1268 5284 addit
1279 5231 1308 5284 cl
1322 5227 1445 5284 dolorem
1460 5228 1562 5297 tacete.
1575 5245 1596 5296 r,
1612 5227 1666 5296 l8).
1686 5228 1784 5283 Verum
1799 5227 1885 5283 dolori
1901 5227 1986 5282 medi-

1186 5325 1340 5372 camentum
1364 5315 1421 5370 vult
1449 5315 1588 5384 adhibere,
1618 5315 1663 5370 nbi
1692 5315 1792 5384 doleat,
1821 5315 1932 5388 expedit
1958 5321 1988 5370 ut

1186 5405 1311 5462 ostendat
1326 5403 1350 5460 ei
1365 5421 1447 5470 quoru
1463 5403 1511 5458 scit
1535 5403 1587 5459 sibi
1610 5421 1691 5462 nosse
1713 5414 1739 5461 ot
1765 5421 1849 5477 posse
1868 5403 1983 5460 mederi.

1188 5495 1290 5550 Vrrluus
1314 5494 1385 5549 euim
1402 5493 1474 5564 qnod
1487 5493 1543 5564 jam
1558 5495 1667 5564 putruit,
1684 5504 1711 5552 et
1738 5495 1765 5550 in
1789 5512 1817 5550 se
1846 5493 1985 5551 borridum

1187 5583 1263 5636 virus
1279 5599 1310 5636 ex
1328 5581 1469 5650 putredine
1483 5582 1522 5638 sui
1546 5583 1717 5652 coadunavit,
1759 5599 1898 5656 quousque
1924 5596 1987 5654 apo·

985 5761 1096 5816 vllltlAE
1115 5759 1324 5818 LttcttOllEs.

369 5878 401 5911 ¹⁸⁷
419 5885 456 5942 In
469 5902 539 5948 mat.
555 5887 608 5942 Eli.
621 5889 654 5943 ιιι
669 5889 698 5943 at
711 5885 742 5942 8.
762 5889 796 5941 oi
810 5886 897 5960 pluro
910 5889 1071 5960 aequantur
1084 5903 1147 5959 guae
1161 5887 1304 5944 teutonus
1319 5885 1432 5945 inedito
1446 5889 1577 5960 fuorunt.
