4750 6725
287 610 339 664 889

289 729 449 786 relationem
460 728 798 802 distulerim,gravioribns
812 728 903 784 verbis
924 729 1089 801 increpatus.
1104 726 1134 791 Α
1148 727 1221 784 lione
1237 728 1369 785 venerari.
1380 728 1433 797 Qui
1448 736 1476 785 ut
1491 736 1518 785 et
1544 728 1662 785 moriens
1688 730 1841 787 ostenderet
1863 749 1944 804 quum

286 834 452 889 suspensam
467 819 569 874 dudam
585 819 749 891 legationem
764 817 876 888 exsequi
892 815 1029 873 festinavi.
1039 816 1088 871 llis
1149 816 1225 889 vigili
1254 824 1281 873 et
1296 816 1512 873 sollicitusfuerit
1522 816 1595 873 circa
1603 818 1808 874 commissarum
1818 820 1869 873 sibi
1877 821 1944 895 vigi-

294 906 390 975 dictis,
405 906 450 961 alii
461 908 570 980 quidem
587 906 710 962 falsitatis
724 922 786 962 eum
810 904 970 977 arguebant,
997 905 1096 960 beatus
1147 902 1198 958 lias
1212 902 1314 971 ovium,
1331 904 1432 977 quibus
1446 904 1533 976 potuit
1548 904 1716 961 sermonibus
1731 906 1944 963 anniversarium

292 1001 388 1049 autern
403 993 489 1049 abbas
502 1003 605 1051 certum
617 1011 674 1050 suaa
685 993 863 1067 depositionis
874 990 1096 1048 asserebatindi-
1148 990 1346 1062 archiepiscopi
1373 990 1500 1047 Gauhidi
1530 992 1596 1061 (73),
1625 1001 1653 1048 et
1679 992 1813 1049 Guidonis
1840 994 1948 1051 abbatis

291 1082 377 1138 cium.
393 1082 436 1137 lix
452 1089 514 1137 tunc
530 1083 559 1137 in
585 1082 713 1153 lacrimis
740 1080 903 1153 promissam
929 1079 1097 1150 exspectavit
1148 1078 1244 1135 adesse
1258 1078 1401 1148 nuntiavit,
1418 1078 1574 1151 significans
1588 1087 1712 1151 oportere
1736 1083 1870 1138 defunctis
1897 1085 1953 1139 fra·

291 1170 474 1239 vocationem,
491 1186 554 1225 curn
569 1171 698 1241 llpastolo
714 1170 830 1225 dicens:
859 1170 944 1243 dupio
970 1168 1095 1229 dissolri.

291 1264 321 1315 et
332 1274 390 1315 erse
400 1275 466 1315 cum
483 1258 594 1315 Christo
604 1258 691 1330 (Phil.
702 1274 722 1325 r,
739 1257 795 1328 73).

328 1350 374 1404 lh.
390 1346 492 1401 Aderat
505 1346 698 1402 sacratissimae
713 1346 804 1403 Cteuae
818 1345 887 1416 dies,
902 1354 929 1401 et
956 1361 1019 1402 ecce
1044 1346 1095 1403 Dei

293 1450 401 1504 servus,
417 1450 472 1490 non
487 1443 543 1489 tam
560 1435 622 1506 lege
639 1436 767 1505 temporis
781 1450 862 1508 qnam
877 1434 1013 1491 charitalis
1026 1432 1095 1490 affe-

293 1531 339 1580 ctu
355 1522 510 1595 capitulum
541 1523 711 1596 ingreditur;
728 1522 774 1577 ubi
789 1539 851 1578 cum
874 1538 924 1595 pro
955 1521 998 1577 his
1028 1536 1096 1595 quos

293 1612 476 1668 Cluniacense
516 1611 672 1669 coenobium
710 1627 789 1667 sacra
824 1610 878 1667 sibi
913 1610 1096 1666 familiaritate

296 1701 468 1770 astrinxerat,
484 1698 636 1755 affluentem
648 1699 776 1771 iussisset
803 1698 861 1755 fleri
886 1698 1095 1770 eleemosynam,

293 1798 409 1860 rogatus
425 1788 567 1844 absolvere
585 1795 762 1855 conventum,
778 1786 852 1844 flevit
866 1788 1011 1843 uberrime.
1025 1786 1097 1841 'fan-

293 1877 377 1932 dem·
398 1874 518 1951 singultu
555 1876 700 1949 fatigatum
736 1891 867 1949 promens
902 1890 1095 1945 responsum:

298 1986 310 2013 ι
326 1964 432 2038 Egone,
447 1964 547 2035 inquit,
562 1980 612 2022 vos
635 1964 787 2029 absolvam,
814 1978 895 2034 quem
909 1962 1018 2035 propria
1031 1962 1098 2035 ligat

1149 1166 1236 1222 tribus
1250 1166 1341 1223 debita
1352 1168 1420 1223 solvi
1433 1166 1583 1223 beneficia.
1602 1170 1683 1223 Beata
1706 1169 1828 1241 profecto
1842 1171 1947 1239 anima,

1148 1271 1211 1327 quae
1227 1271 1277 1311 nec
1292 1270 1326 1312 eo
1342 1263 1465 1326 tempore
1478 1256 1565 1328 potuit
1592 1273 1703 1312 suorum
1731 1259 1844 1313 salutem
1872 1260 1947 1315 obli·

1148 1343 1225 1414 visci,
1239 1359 1292 1413 quo
1306 1343 1444 1399 nonnullis
1455 1345 1489 1399 de
1504 1360 1552 1401 sua
1575 1345 1658 1401 etiam
1686 1346 1771 1401 saluta
1799 1349 1947 1404 succedere

1149 1432 1342 1489 soletcblivio.

1184 1522 1230 1576 ta.
1247 1521 1332 1577 Porro
1347 1522 1514 1577 exiturus'ax
1529 1524 1581 1578 hac
1599 1524 1714 1595 AEgyptn
1741 1524 1791 1579 bei
1818 1525 1946 1592 famulus,

1149 1609 1179 1663 B.
1197 1609 1317 1665 Marcelli
1332 1612 1388 1677 (li)
1403 1625 1512 1681 capsam
1529 1611 1579 1665 sibi
1591 1611 1669 1681 jubet
1683 1613 1851 1683 praesentari,
1877 1614 1951 1685 pium

1150 1697 1279 1769 lacrymis
1294 1697 1469 1767 interpellans
1482 1698 1655 1766 advocatum,
1672 1707 1701 1754 ut
1721 1700 1781 1771 ejus
1803 1702 1949 1771 conductu,

1150 1784 1363 1857 postexsilium,
1389 1786 1483 1857 patriae
1513 1787 1680 1843 redderetur.
1706 1789 1783 1843 Fient
1811 1788 1857 1843 filii
1885 1789 1952 1845 assi-

1151 1874 1319 1935 dentosum
1333 1873 1676 1959 aliuspliumconsolatur,
1693 1877 1740 1932 ubi
1761 1892 1810 1947 par
1825 1876 1950 1933 omnibus

1151 1969 1179 2017 et
1193 1962 1395 2019 inconsolabilis
1410 1971 1470 2019 erat
1485 1977 1567 2020 causa
1579 1964 1605 2019 la
1620 1966 1760 2021 nentandi.
1786 1964 1890 2033 Quibus
1903 1964 1950 2021 ille

291 2052 460 2109 couscientia
471 2054 486 2105 ‘l
499 2053 559 2126 Ego
575 2062 696 2110 vestram
712 2052 812 2109 levabo
828 2052 978 2120 sarcinam,
1005 2050 1099 2105 multi·
1113 2066 1232 2133 Bsuum
1247 2048 1406 2125 significans
1420 2067 1574 2121 excessum,
1584 2068 1657 2121 cum,
1669 2052 1846 2123 Benedicita,
1858 2062 1949 2123 protu-

293 2141 360 2213 plici
371 2147 521 2211 prostratus
536 2149 563 2197 et
575 2142 671 2213 jacens
685 2142 826 2198 excessua
845 2139 989 2208 Quomodo
997 2138 1098 2209 jugum

293 2230 382 2286 solvet
396 2238 580 2301 peccatorum,
597 2230 749 2302 subjugata
761 2229 882 2299 peccatis
905 2226 1014 2283 oratio?
1041 2228 1098 2282 Nos

296 2326 399 2388 tamen,
411 2317 475 2373 licet
485 2318 601 2391 indigni,
611 2318 940 2390 debitumprosequemur
954 2314 1073 2371 officium
1088 2329 1095 2369 ε

298 2405 431 2460 Dominus
444 2412 546 2475 aulem,
563 2407 608 2476 qui
623 2405 705 2461 solvit
718 2403 887 2476 compeditos
901 2409 927 2459 et
940 2402 1022 2459 elisos
1036 2401 1097 2458 eri·

294 2493 337 2565 git
351 2492 440 2563 (Paci.
455 2509 537 2563 cxcv,
552 2496 592 2565 7),
607 2494 681 2566 quod
696 2510 753 2549 sare
766 2492 873 2564 pietatis
887 2500 937 2558 est,
963 2491 992 2545 in
1018 2488 1097 2546 robis

294 2582 413 2637 interius
427 2581 555 2654 dignatur
570 2586 689 2652 operari.
711 2605 722 2631 a
739 2581 846 2638 Dehinc
860 2579 972 2637 elevatis
994 2579 1022 2633 iu
1036 2593 1095 2633 coe-

298 2669 357 2727 lam
371 2670 467 2739 aculis,
483 2670 610 2741 perfusus
636 2686 685 2727 ora
703 2670 838 2737 flectibus,
852 2666 1031 2726 commissum
1044 2667 1096 2721 sibi

299 2773 414 2830 gregem
429 2757 558 2813 absolvit.
573 2758 684 2813 Addidit
698 2768 724 2815 et
738 2758 863 2814 solatium
891 2754 1095 2811 benedictionis»

302 2846 440 2901 Christum
466 2854 575 2903 secutus
602 2846 777 2920 magistrum,
809 2845 855 2916 qui
876 2844 1036 2900 transiturus
1062 2842 1098 2896 ad

300 2936 418 3002 Patrem,
435 2934 584 3005 discipulos
598 2934 768 3006 inpressum
776 2932 870 2989 mundi
891 2930 1097 2988 relictosbane-

297 3022 379 3088 dixit,
396 3036 507 3093 semper
520 3022 559 3078 eis
573 3023 716 3078 adfuturus
730 3022 829 3095 gratia,
844 3035 912 3093 quoa
926 3034 1041 3090 corpore
1050 3018 1098 3073 de·

301 3111 420 3167 serebat.
436 3110 542 3167 Dehinc
569 3110 679 3182 expleto
712 3125 865 3181 pauperum
893 3107 1035 3180 obsequio,
1062 3107 1098 3161 ad

1152 2138 1237 2207 iisset,
1268 2138 1398 2209 loquendi
1426 2139 1581 2196 facultatem
1610 2142 1710 2196 amisit.
1744 2140 1849 2196 Deinde
1889 2157 1951 2197 cum

1151 2226 1279 2282 inclinata
1294 2235 1366 2283 esset
1380 2228 1414 2284 ad
1430 2243 1571 2300 vesperam
1586 2228 1654 2297 dies,
1679 2229 1783 2285 delatus
1811 2229 1838 2283 in
1865 2228 1950 2284 eccle·

1151 2317 1221 2372 siam
1234 2316 1398 2372 beatissimae
1412 2316 1462 2371 Dei
1477 2318 1616 2389 genitricis
1635 2318 1734 2384 Marisa,
1763 2317 1849 2374 fessos
1875 2324 1950 2372 artus

1152 2410 1180 2461 et
1204 2414 1328 2460 naturam
1351 2404 1516 2477 profitentes,
1533 2406 1622 2463 cilicio
1641 2414 1667 2462 et
1695 2406 1779 2461 cineri
1807 2421 1948 2462 commetr-

1152 2492 1237 2547 darit.
1277 2492 1344 2549 Sole
1372 2492 1471 2551 dehinc
1486 2494 1673 2562 occumbente,
1703 2493 1895 2563 aoloeeubuit,
1924 2502 1951 2549 et

1151 2588 1315 2637 ueneratus
1338 2580 1447 2638 sarcina
1475 2583 1563 2637 caruis
1586 2582 1707 2655 spiritus,
1731 2582 1879 2638 incolatum
1907 2597 1953 2654 pa·

1155 2670 1223 2737 lriae,
1246 2670 1408 2741 temporalia
1437 2671 1608 2743 sernpitemrs
1623 2670 1736 2727 feliciter
1759 2671 1949 2728 commutarit.

1151 2758 1278 2814 Eraritm
1292 2758 1466 2827 praesentium
1482 2760 1585 2815 clamor
1600 2759 1731 2829 liliorum,
1748 2760 1794 2829 qui
1822 2774 1953 2831 percussa

1151 2846 1230 2903 exciti
1246 2848 1350 2915 tabula,
1366 2856 1446 2917 prout
1461 2863 1520 2903 mos
1538 2856 1589 2915 est,
1622 2847 1657 2902 ad
1686 2847 1950 2904 commendationem

1152 2935 1241 2992 beatae
1259 2936 1332 2991 illius
1348 2936 1446 2992 animat
1461 2944 1655 2992 convenerant.
1685 2936 1809 2991 Habebat
1836 2936 1950 3007 quisque

1152 3024 1225 3081 velut
1236 3026 1457 3098 specialemque
1472 3025 1587 3093 doleret,
1602 3041 1720 3091 causam,
1738 3034 1763 3081 et
1792 3032 1857 3095 quot
1886 3024 1949 3079 fue-

1152 3120 1287 3181 rantcra,
1302 3118 1341 3169 tot
1365 3114 1494 3169 virtutum
1522 3114 1581 3184 ejus
1608 3114 1730 3186 insignia
1758 3113 1952 3183 promebantur

301 3199 461 3253 imitandum
476 3200 627 3257 Dominicae
641 3199 801 3254 humilitatis
815 3196 980 3268 exemplam,
1003 3196 1099 3251 beatus
1151 3202 1204 3258 atii
1219 3218 1338 3275 namque
1352 3202 1476 3273 pertinax
1488 3201 1593 3257 abbatis
1608 3202 1702 3258 odium
1716 3202 1745 3256 in
1761 3200 1825 3257 ritia
1847 3200 1952 3257 refere-

301 3287 466 3343 senexhora
480 3288 639 3344 mamlatiin
654 3287 804 3358 capitulum
819 3284 1098 3355 redit,lavatfratrum
1150 3289 1227 3361 bant,
1244 3290 1289 3345 aiii
1305 3290 1375 3347 circa
1390 3292 1550 3364 prenitentes
1577 3300 1718 3364 paternum
1750 3290 1808 3363 ejus
1830 3305 1955 3347 recense-

301 3377 426 3448 1113118111,
441 3376 477 3432 de
490 3377 646 3450 evangeliea
660 3378 777 3434 lectione
791 3390 946 3433 sermonem
974 3379 1098 3430 sanctum
1154 3380 1222 3435 bant
1236 3379 1371 3435 affectum.
1402 3381 1627 3438 lamentabantur
1661 3380 1794 3448 nonnulli,
1821 3395 1954 3450 pauperes

300 3466 475 3535 subnectens,
491 3467 579 3522 rirurn
605 3473 800 3538 provocantem
826 3467 1016 3536 lacrimarum.
1045 3462 1098 3518 Sc-
1152 3468 1276 3524 amisisse
1289 3477 1407 3539 patrem,
1424 3469 1521 3523 viduas
1536 3471 1710 3534 advocatum,
1726 3468 1845 3538 pupillos
1858 3467 1955 3522 defun-

302 3557 395 3628 quenti
411 3571 519 3629 quoque
534 3555 655 3612 Sabbata
667 3556 750 3612 sacris
772 3555 894 3610 interfuit
924 3551 1020 3617 officio,
1048 3565 1099 3607 co·
1154 3573 1254 3614 sorem.
1269 3557 1457 3612 Mamorabant
1471 3556 1554 3627 aliqui
1569 3556 1696 3613 collatam
1712 3557 1782 3611 Patri
1803 3555 1954 3628 prophetiae

301 3645 426 3701 lumnam
441 3647 592 3715 (trinovae
607 3645 677 3700 lucis
691 3645 826 3715 salutans,
840 3641 1101 3700 etcrebrisexorans
1153 3645 1283 3718 gratiam,
1298 3645 1389 3716 plures
1404 3644 1545 3714 spirituum
1561 3644 1723 3700 discretione
1745 3643 1863 3715 desuper
1888 3644 1951 3698 insi-

300 3733 442 3804 suspiriis,
454 3740 483 3788 ut
497 3733 533 3788 ad
547 3739 646 3788 terram
660 3732 863 3804 promissionis,
903 3744 984 3800 quern
998 3727 1101 3784 reluta
1154 3733 1272 3807 gnitum.
1289 3731 1503 3788 Fuemntetiam
1536 3732 1582 3803 qui
1609 3732 1784 3802 deplorarent
1810 3733 1953 3804 liugonem

302 3820 420 3879 confinio
431 3822 491 3893 jam
505 3822 668 3888 intuebatur,
685 3817 818 3876 inoffenso
838 3835 936 3892 gressu
960 3816 1101 3888 pertenire

301 3917 462 3966 mereretur.

340 4018 385 4072 17.
401 4017 568 4089 Supererant
581 4016 669 4072 adhuc
684 4016 794 4072 tantulae
808 4016 879 4072 vires
892 4016 920 4070 in
934 4012 1026 4087 fragili
1040 4027 1102 4068 cor-

302 4120 384 4177 pore,
396 4112 425 4161 ut
439 4107 467 4162 iu
480 4107 595 4163 ecclesia
608 4107 767 4178 paschalem
792 4104 944 4162 celebraret
969 4101 1102 4161 solemni-

305 4201 399 4261 tatem,
416 4193 521 4250 festivis
533 4194 682 4268 insignitus
709 4193 886 4260 ornamentis,
914 4207 977 4263 quae
1004 4191 1105 4263 pariter

305 4291 334 4338 et
348 4283 403 4339 diei
416 4283 533 4357 gloriam
548 4292 575 4340 at
603 4291 706 4339 sanctae
733 4282 806 4339 illius
833 4282 934 4338 animae
959 4281 1105 4351 puritatem

307 4369 512 4442 quodammodo
540 4371 710 4427 nuntiabant.
737 4370 865 4426 Reiectus
886 4369 942 4424 illic
969 4368 1106 4424 alimentis

306 4461 502 4532 spiritualibus,
519 4462 554 4517 ad
569 4462 691 4527 domum,
708 4460 803 4530 inqua
830 4457 928 4514 morari
955 4471 1105 4515 consuera-

307 4557 360 4614 rat,
371 4550 490 4605 divertit.
503 4551 722 4621 Vespereautcm
735 4547 818 4614 facto,
839 4547 940 4603 decidit
955 4546 982 4602 in
997 4546 1106 4615 lectum,

307 4638 377 4694 nihil
392 4639 464 4694 aliud
480 4654 561 4709 quam
577 4637 700 4694 laborum
716 4636 915 4694 suorumlinem
926 4641 954 4691 et
967 4635 1108 4707 premium

307 4736 477 4799 exspectans.
490 4727 580 4782 Tertia
594 4742 662 4782 rero
678 4726 754 4795 feria,
783 4741 846 4782 cum
872 4725 931 4796 jem
958 4724 1108 4797 caligantes

1155 3821 1277 3879 timuisse
1293 3821 1427 3877 Christum
1440 3820 1530 3889 irasci,
1541 3821 1563 3876 si
1579 3821 1662 3876 iratus
1683 3821 1769 3877 solem
1791 3821 1895 3878 videret
1909 3835 1953 3877 oc·

1156 3913 1302 3970 ridentem.
1328 3910 1505 3966 Exuberabat
1534 3907 1678 3982 unicuique
1703 3910 1777 3983 quod
1805 3909 1833 3964 in
1860 3909 1955 3965 laudes

1156 4002 1214 4071 ejus
1243 4001 1415 4069 declamaret,
1446 3999 1584 4074 etlinguae
1595 3998 1757 4054 referrendis
1775 3997 1886 4054 deerant
1901 4014 1956 4053 me·

1158 4090 1229 4159 ritis,
1245 4105 1300 4145 non
1312 4089 1412 4162 linguis
1426 4089 1525 4145 merita
1540 4103 1604 4160 quae
1632 4085 1775 4143 referrent.
1811 4088 1883 4144 lnter
1910 4087 1960 4142 hos

1159 4179 1364 4234 lamentantium
1378 4193 1480 4234 cuneos
1495 4185 1520 4234 et
1531 4177 1713 4250 frequentiam
1737 4175 1959 4233 decumbentium

1159 4283 1241 4339 super
1268 4275 1341 4322 artus
1365 4267 1513 4332 exanimes,
1544 4267 1588 4320 vix
1615 4265 1723 4322 vacavit
1749 4281 1848 4336 corpus
1876 4264 1959 4332 ablui,

1159 4355 1205 4412 vix
1220 4355 1328 4412 obvolvi
1343 4353 1558 4411 sacerdotalibus
1572 4353 1746 4408 indumentis.
1771 4353 1821 4408 Cui
1847 4351 1910 4406 dum
1942 4365 1958 4406 a

1160 4445 1286 4500 fratribus
1305 4443 1418 4515 praefata
1437 4443 1586 4498 solveretur
1617 4439 1787 4509 humanitas,
1821 4439 1959 4494 modicum

1161 4533 1279 4589 balsami
1310 4531 1395 4603 (quod
1426 4530 1538 4586 minime
1557 4529 1700 4584 videbatur
1726 4521 1855 4598 ungendo
1874 4525 1958 4597 capiti

1161 4621 1296 4692 sufficere)
1320 4627 1424 4676 tanturn
1453 4619 1550 4674 dicitur
1576 4617 1727 4690 suscepisse
1751 4617 1957 4682 incrementum,

1163 4719 1194 4765 ut
1219 4709 1254 4765 ad
1276 4709 1410 4764 liniendas
1439 4707 1571 4778 quasdam
1599 4705 1696 4776 reliqui
1716 4711 1807 4775 partos
1842 4702 1964 4774 corporis

309 4817 382 4873 oculi
397 4817 493 4889 lingua
522 4815 661 4884 deficiens,
687 4823 714 4871 et
740 4823 838 4871 caemra
867 4829 995 4870 sensuum
1022 4811 1111 4868 officia
1124 4779 1325 4854 Dabundaret.
1866 4881 1873 4891 .
1898 4879 1903 4890 ι

309 4912 475 4976 praesentem
492 4905 636 4959 transitum
661 4904 854 4970 acclamarent,
880 4904 1061 4973 iuterrogatus
1088 4900 1112 4954 si
1201 4889 1246 4944 ⁴⁹·
1262 4885 1310 4941 Hit
1323 4885 1375 4941 file
1390 4883 1515 4956 1161110118,
1536 4884 1653 4955 1107111118
1672 4883 1778 4937 fimens
1802 4880 1959 4947 ssdfflllllluh

310 4993 518 5050 vivificatricem
531 4991 640 5048 Domini
655 5007 764 5048 carnem
792 4999 995 5065 cognosceret:
1026 5014 1037 5038 a
1055 4989 1111 5046 Co·

310 5097 423 5154 guasco,
440 5082 537 5153 inquit,
554 5091 580 5138 et
593 5082 688 5138 adoro.
706 5104 718 5130 s
736 5079 865 5140 Oblatum
880 5095 988 5151 quoque
1011 5077 1109 5134 saluti-

310 5173 377 5228 ferae
391 5172 479 5228 crucis
492 5171 613 5243 signum,
634 5169 864 5227 christianissima
892 5168 996 5225 studuit
1022 5167 1109 5223 derc-

347 5351 403 5421 (71)
434 5351 547 5406 Cereum
576 5347 731 5421 paschalem
759 5344 890 5418 intellige,
920 5359 1000 5414 quem
1028 5341 1109 5398 etiam

312 5421 434 5478 lbolesia
445 5421 473 5475 in
488 5422 546 5489 ejus
561 5419 780 5474 benedictionem
793 5416 916 5489 appellat
930 5417 1106 5473 columnam.

349 5526 358 5587 (
361 5522 406 5588 73)
422 5519 461 5573 Ex
477 5515 599 5588 pluribus
612 5515 758 5571 chfredis
770 5529 819 5569 seu
833 5512 991 5570 Godifredis
1005 5513 1112 5568 archie-

312 5589 443 5714 piscopis,
454 5585 757 5712 quospecleinspitintllax¹
766 5583 1044 5709 sufflffihffnfflumg
1060 5582 1111 5708 spii

334 5667 583 5786 latitaret..
597 5670 964 5793 ltchtsstttahl?
977 5669 1113 5794 tiata

314 5810 384 5857 rotcr
398 5815 485 5857 anuos
502 5799 706 5864 frutectosi,
736 5797 785 5852 aad
813 5796 885 5852 infra
911 5795 1110 5850 demonstrabi-

212 5910 214 5917 ›
316 5889 376 5928 mus
401 5871 472 5928 inter
499 5869 696 5941 Lugdunenses
723 5867 857 5922 antistites
885 5867 969 5936 hujus
996 5865 1114 5920 nominis

314 5959 396 5998 uuum
412 5943 463 5998 hoc
478 5951 600 6011 ternpore
615 5936 799 6009 recipiendum
814 5953 882 6006 esse,
904 5953 984 6006 quem
998 5936 1110 5992 omnino

317 6023 445 6084 putamus
459 6027 519 6070 esse
531 6011 667 6079 eumdem,
682 6008 717 6064 de
730 6024 785 6082 quo
800 6009 843 6066 hic
869 6009 960 6082 agitur
976 6027 984 6064 :
1016 6005 1113 6063 obierit

1166 4975 1303 5049 quandum
1317 4975 1368 5030 sub
1381 4989 1429 5030 suc
1444 4973 1590 5046 profecerit
1604 4971 1764 5045 patrocinio,
1779 4967 1905 5041 lacrymis
1921 4967 1961 5023 in-

1166 5065 1262 5122 dicans
1272 5071 1298 5120 et
1312 5063 1448 5133 expansis.
1465 5061 1533 5135 Ejus
1544 5062 1663 5118 clamore
1678 5059 1757 5116 vicini
1777 5058 1861 5114 colles
1875 5055 1961 5112 resul-

1163 5161 1231 5221 tant,
1246 5152 1411 5223 sumptuosis
1424 5149 1601 5208 luminaribus
1615 5149 1752 5222 exsequiae
1779 5148 1960 5216 celebrantur,

1164 5347 1231 5406 erga
1245 5331 1280 5386 28
1294 5330 1396 5402 Aprilis
1411 5329 1489 5383 1071.
1520 5327 1673 5384 Guidonem
1702 5325 1838 5391 abbatem,
1868 5339 1962 5404 possu-

1165 5420 1227 5458 mus
1242 5402 1377 5482 suspicari
1388 5415 1450 5454 eurn
1465 5414 1546 5470 quem
1556 5468 1562 5479 Ι
1572 5413 1652 5479 supra
1672 5397 1850 5479 ⁸laudavimus
1877 5409 1960 5451 comt-

1165 5482 1221 5530 tem
1237 5473 1471 5536 llatrsconensem,
1486 5469 1607 5525 Clunrucr
1621 5479 1708 5540 posita
1729 5469 1839 5524 abbatia
1867 5464 1962 5523 defun-

1166 5552 1250 5600 ctum.

1202 5641 1260 5714 (71)
1275 5639 1386 5721 isidelur
1398 5638 1510 5721 iudicari
1520 5639 1549 5694 S.
1575 5633 1716 5720 lfarcellus
1732 5653 1819 5720 ‘papa
1846 5643 1957 5718 martyr,

1166 5713 1246 5783 cujus
1262 5712 1360 5792 aquuae
1376 5710 1497 5781 reliquiae
1521 5707 1642 5790 Clunracr
1671 5711 1788 5790 fuerint;
1817 5717 1960 5762 namrnter

1166 5781 1274 5849 altaria,
1306 5799 1333 5837 ru
1352 5781 1447 5864 majori
1466 5781 1583 5862 ecclesia
1616 5781 1749 5860 dedicata·
1773 5792 1850 5860 anno·
1880 5781 1958 5846 1131,

1166 5869 1250 5979 unlum
1269 5860 1310 5907 ast
1327 5853 1406 5922 liuius
1424 5858 1521 5918 sancti,
1542 5859 1570 5906 ut
1589 5859 1698 5906 notatur
1742 5865 1770 5905 tn
1785 5847 1960 5916 bibliotheca,

1166 5925 1314 5981 coluit.
