4750 6725
426 611 475 667 891
965 608 997 662 S.
1019 604 1178 663 HUGONIS
1206 602 1349 661 ABBATIS
1370 604 1530 663 stitutio.
2030 604 2086 657 892

424 736 558 792 Recenset
573 732 695 805 quisque,
708 744 789 804 quain
801 746 863 786 vers
878 729 957 786 luerit
980 730 1032 785 sub
1043 746 1077 787 eo
1096 728 1217 799 libertas,
1231 727 1261 795 Α
1275 745 1349 786 mini
1363 725 1413 787 Dei
1423 729 1585 803 genitricem
1599 726 1733 792 llariarna
1750 726 1873 785 astabant
1895 727 2005 786 eminam
2034 743 2088 785 sa·

426 831 544 897 quantus
558 838 650 877 rerum
662 828 818 891 provectus,
834 834 895 890 quae
928 833 1034 874 morum
1057 816 1145 891 glarie
1173 815 1224 873 sub
1278 818 1380 895 gittarii
1395 816 1514 890 quidam,
1535 818 1591 889 qui,
1618 816 1802 876 sacratissima
1826 816 1935 891 i'irgiae
1956 812 2084 891 cognita,

426 912 515 969 sacris
529 912 587 979 ejus
601 906 766 979 disciplinis.
786 905 914 963 Curritur
928 904 1224 979 interhaecadauiple-
1277 908 1353 965 velut
1367 907 1501 980 perterriti
1525 906 1713 965 abscesserunt
1741 914 1768 962 et
1791 905 1899 963 contusi
1927 906 1998 977 (81).
2021 907 2088 961 Vita

426 999 527 1058 otenda
541 998 627 1053 Patris
640 996 766 1068 vestigia,
792 994 857 1051 lietu
886 1003 974 1052 restes
1001 996 1167 1067 irrigantem
1198 1003 1226 1053 ct
1278 996 1388 1054 estillic
1400 1004 1551 1069 martyrum
1566 994 1645 1051 simul
1661 1002 1689 1052 et
1713 984 1899 1051 consessorum
1923 992 2084 1060 multitudo,

426 1089 511 1145 credit
526 1086 640 1159 quisque
654 1101 752 1157 parurn
765 1084 817 1140 sibi
832 1078 1043 1157 provisum,nisi
1065 1080 1150 1155 pedes
1164 1082 1224 1154 ejus
1277 1100 1390 1159 quoiam
1405 1085 1535 1155 quosdam
1548 1085 1667 1155 desuper
1692 1082 1760 1139 inihi
1788 1097 1956 1155 cognoscere
1983 1082 2081 1137 datum

425 1178 467 1235 vel
483 1174 579 1232 osculo
594 1175 638 1232 vel
653 1174 790 1230 oblatione
809 1182 961 1230 veneretur.
986 1169 1030 1228 Sic
1045 1180 1180 1235 transacto
1195 1172 1224 1227 in
1277 1170 1328 1243 est,
1344 1164 1455 1231 etintor
1478 1188 1571 1230 eorum
1599 1172 1759 1229 discernere
1784 1171 1937 1243 qualitates.
1966 1171 2084 1227 Beatum
2164 1182 2165 1201 ¹

423 1266 552 1337 lacrymis
576 1263 676 1329 triduo,
709 1270 864 1333 procurata,
898 1277 952 1333 quo
984 1257 1079 1318 debuit
1109 1259 1223 1331 honore,
1276 1263 1314 1319 ibi
1330 1262 1479 1319 Martialem
1503 1261 1629 1333 cognovi,
1653 1267 1681 1319 et
1710 1260 1865 1327 Martinam,
1890 1266 1917 1314 et
1944 1258 2083 1315 abbatum
2164 1264 2165 1267 ’

422 1354 565 1426 sepultura
600 1351 721 1409 Sabbata
751 1350 811 1421 (75)
836 1350 899 1405 lelix
924 1349 1078 1420 depositum
1094 1350 1221 1422 suscepit.
1276 1350 1393 1424 gloriam
1409 1346 1592 1407 benedictum.
1609 1348 1666 1405 Visi
1688 1355 1750 1405 sunt
1773 1346 1801 1403 bi
1828 1348 1882 1405 duo
1900 1347 2027 1419 spiritum
2044 1348 2081 1405 B.
2164 1376 2165 1415 ,

421 1441 561 1500 Transiuit
575 1449 664 1497 autem
680 1442 716 1495 B.
731 1440 818 1494 abbas
831 1438 910 1494 tertio
925 1436 1064 1493 Kalendas
1074 1436 1145 1504 llaii,
1161 1429 1223 1509 pie·
1276 1440 1399 1513 Hugonis
1415 1439 1442 1493 iii
1456 1437 1650 1495 fertilissimam
1664 1436 1800 1493 deducere
1821 1435 1939 1507 vineam,
1961 1451 2084 1508 eumque
2164 1490 2165 1495 ,

423 1543 474 1587 itus
489 1530 654 1586 auctoritatis
668 1536 695 1585 et
709 1530 819 1603 gratie,
835 1523 995 1601 relinquens
1009 1523 1073 1582 lillis
1093 1527 1222 1599 gaudium
1275 1529 1313 1584 ibi
1328 1528 1473 1594 collocare,
1506 1530 1636 1599 tanquam
1651 1532 1828 1597 pausaturum
1850 1532 1912 1597 post
1932 1524 2077 1581 laborem.

422 1618 456 1676 de
471 1631 580 1688 corona,
598 1618 753 1689 exemplum
769 1616 803 1672 de
818 1616 882 1683 vita,
899 1611 1017 1688 gloriam
1032 1610 1067 1671 de
1094 1632 1220 1687 corpore,
1275 1618 1377 1687 Quoia
1393 1614 1822 1687 locodumperiteretgloriam
1848 1622 2017 1683 sauctorum,
2052 1622 2082 1671 et
2164 1614 2165 1643 ³

422 1713 498 1781 spem
514 1708 550 1763 de
565 1706 765 1763 intercessione.
782 1703 839 1775 Qui
866 1701 990 1777 prolecto
1017 1712 1125 1775 quantae
1152 1699 1222 1761 soret
1275 1722 1335 1779 quae
1349 1706 1503 1781 agebantur
1515 1704 1674 1774 admirarer,
1689 1702 1745 1770 ille,
1760 1703 1879 1759 reductis
1892 1701 2037 1759 blancbius
2052 1702 2083 1757 in

422 1796 496 1867 apud
511 1796 597 1851 Deum
611 1795 717 1868 gratiae,
733 1804 794 1866 post
820 1792 963 1848 transitum
991 1808 1098 1865 qnoque
1125 1792 1220 1865 ipsius,
1274 1814 1318 1855 nie
1333 1796 1419 1853 oculis
1435 1812 1441 1849 :
1458 1794 1515 1863 Sta,
1532 1794 1627 1865 inquit,
1646 1792 1739 1862 irater,
1756 1801 1782 1849 et
1797 1790 1912 1849 comede
1935 1791 2081 1847 nobiscum

421 1885 514 1940 multis
525 1884 641 1940 innotuit
651 1882 827 1957 argumentis.

457 1973 503 2029 50.
519 1972 585 2028 Erat
611 1970 731 2028 cluniaci
763 1966 920 2027 Bernartius
944 1968 1011 2042 (ta),
1041 1971 1152 2043 quidam
1179 1970 1221 2028 vir

419 2062 521 2131 justus,
538 2064 648 2116 sanctus
663 2068 689 2115 et
704 2061 852 2129 timoratus,
864 2060 906 2116 ciii
920 2060 1017 2132 religio
1036 2060 1218 2117 reverentiam
1233 2082 1260 2143 Β

422 2156 625 2221 comparaverat
639 2157 666 2203 et
679 2164 787 2204 nomen.
803 2146 830 2204 Is
845 2147 908 2204 dum
919 2143 948 2204 tt.
978 2150 1058 2222 Hugo
1086 2149 1215 2221 migraret

419 2238 455 2293 ad
469 2253 593 2310 superos,
604 2246 847 2311 gievatussopore,
861 2254 911 2294 nec
920 2239 1033 2309 strepitu
1057 2235 1213 2293 discurren-

420 2325 496 2395 tium,
519 2344 568 2383 nec
583 2325 769 2382 immoderatis
791 2324 957 2382 clamoribus
981 2327 1068 2398 potuit
1091 2326 1212 2383 excitari.

419 2406 475 2471 Nec
490 2414 574 2471 multo
589 2425 650 2488 post
663 2415 690 2470 in
706 2416 805 2473 lectum
833 2415 944 2486 decidit,
972 2414 1099 2471 buinariae
1118 2417 1213 2487 reipu-

417 2504 496 2560 blicae
511 2520 772 2575 supremoeessarus
782 2504 969 2561 incommodo.
988 2502 1049 2573 Quo
1060 2505 1126 2559 duni
1136 2521 1215 2579 urge

419 2601 494 2649 retur
508 2593 542 2650 ed
556 2594 669 2660 exitum,
684 2593 842 2649 convocatis
861 2593 1022 2663 quibusdam
1051 2594 1190 2649 monacbis
1206 2612 1212 2647 ι

423 2704 435 2729 ι
452 2682 545 2750 Vobis,
562 2682 658 2754 inquit,
670 2682 775 2752 iratres,
791 2680 873 2737 vobis
894 2682 999 2751 ap'eii're
1026 2684 1214 2739 necessarium

421 2771 497 2839 duxi,
509 2787 589 2842 quam
601 2770 666 2825 milii
676 2768 967 2826 Dominososteuderit
989 2770 1131 2826 visionem.
1149 2773 1212 2839 vos,

423 2858 586 2915 reserantem
597 2860 679 2915 nolite
691 2858 812 2915 falsitatis
822 2874 946 2931 arguere,
958 2860 1003 2929 qui
1018 2858 1040 2913 si
1056 2875 1109 2915 non
1118 2876 1214 2916 amore

421 2946 537 3013 virtutis,
569 2949 665 3003 saltem
693 2959 767 3004 metu
792 2947 975 3019 judiciique
1003 2948 1100 3004 dubius
1118 2965 1213 3015 vocor,

418 3036 527 3091 mentiri
539 3036 723 3092 formidarem.
738 3036 830 3092 Nostis
844 3036 954 3108 quidem
968 3054 1012 3091 me
1028 3053 1113 3106 nuper
1144 3038 1213 3096 obe-

418 3124 548 3179 dientiam
562 3122 680 3195 Nogeoti
695 3124 751 3193 (ll)
778 3129 957 3195 spontaneum
984 3126 1136 3188 dimisisse;
1165 3128 1213 3183 sed

420 3227 473 3283 qua
484 3228 544 3267 earn
556 3211 662 3267 ratione
676 3208 834 3278 dimiserim,
847 3213 960 3268 torsitan
976 3211 1118 3285 ignoratis.
1141 3215 1214 3271 Dor-

418 3298 511 3355 mieuti
530 3299 596 3354 milii
610 3300 736 3374 qiiaedam
753 3300 912 3357 venerabilis
933 3318 1054 3372 pei-sona
1077 3304 1213 3374 apparuit,

417 3387 576 3460 Dionpsium
599 3387 792 3462 Areopagitam
821 3391 877 3460 (ia)
905 3407 933 3446 se
952 3391 1106 3459 nominans,
1134 3401 1160 3448 et
1185 3403 1215 3450 ut

418 3472 576 3533 cluniacum
592 3487 753 3547 reverterer,
777 3478 819 3533 his
834 3495 935 3552 urgens
949 3479 1042 3536 verbis
1058 3497 1065 3536 ι
1091 3480 1215 3551 Oportet,

419 3566 515 3632 frater,
532 3573 640 3640 oportet
655 3575 680 3623 te
695 3567 852 3624 Cluuiarum
880 3570 1040 3640 quantocius
1063 3569 1163 3636 redire,
1191 3575 1219 3624 et

418 3653 547 3711 abbatem
560 3654 678 3713 salutare
691 3655 845 3731 llugonem,
856 3659 1009 3714 communis
1031 3658 1082 3714 iter
1107 3658 1216 3732 ingres-

417 3760 512 3799 surum
527 3745 762 3817 peregrinationis.
778 3745 891 3803 Videbis
906 3748 989 3803 etiem
1015 3748 1076 3817 ejus
1103 3763 1216 3803 succes·

417 3850 520 3902 sorem,
536 3832 578 3890 eui
594 3835 628 3890 de
644 3833 773 3890 Romanis
786 3829 884 3890 linibus
897 3836 990 3891 divina
1004 3838 1087 3893 misso
1113 3836 1215 3908 gratia,

417 3923 553 3993 principes
568 3923 753 3992 apostolorum
769 3924 919 3993 pastorales
947 3924 1077 3980 excubias
1099 3924 1216 3982 commi·

416 4019 521 4066 serunt.
550 4011 608 4065 llac
640 4025 693 4083 ego
720 4011 896 4082 suggestione
924 4012 1081 4084 compulsus
1106 4013 1217 4086 regredi

418 4097 580 4154 Cluniacum
592 4097 729 4154 festinavi.
740 4100 787 4155 tta
794 4099 860 4154 mihi
873 4099 988 4157 misero!
1014 4102 1093 4158 Pater
1106 4098 1215 4173 quidem

418 4185 536 4242 recessit
548 4206 554 4251 ;
571 4184 686 4242 sednon
701 4188 786 4244 merui
797 4189 914 4244 salutare
929 4187 1110 4246 recedentem.
1123 4193 1215 4247 Accu·
1246 4207 1249 4214 ¹

415 4291 512 4331 scinne
526 4292 649 4347 soporem
679 4275 724 4348 qui
749 4293 793 4333 me
813 4277 906 4347 tenuit,
929 4295 963 4334 an
991 4279 1094 4351 gratias
1121 4296 1213 4353 agam,

414 4363 535 4420 incertus
562 4381 634 4419 sum.
662 4361 762 4422 invidit
792 4375 818 4422 et
844 4366 975 4438 providit.
1001 4368 1097 4424 Tenuit
1125 4369 1216 4426 carnis

417 4453 522 4523 oculos,
534 4469 567 4510 ne
579 4454 769 4511 videremcum
784 4456 939 4518 recederet;
956 4457 1004 4512 sed
1019 4472 1070 4528 quo
1085 4473 1214 4514 neccsse-

416 4542 460 4609 ril,
477 4541 652 4598 interioribus
667 4544 753 4600 oculis
767 4544 885 4600 ostendit
900 4547 968 4616 (79).
991 4546 1060 4615 vidi,
1090 4554 1117 4602 et
1144 4552 1214 4604 teste

416 4631 475 4688 Deo
491 4631 548 4689 vidi
561 4633 707 4704 permistos
722 4633 883 4690 mortalibus
897 4649 1020 4706 superos,
1035 4643 1064 4692 et
1086 4636 1214 4691 beatissi-

447 4835 507 4918 (ltt)
535 4835 644 4906 Triduo,
664 4850 727 4894 oiim
745 4837 851 4894 scilicet
870 4836 982 4894 obiisset
1010 4837 1077 4895 laria
1104 4853 1134 4894 iv
1161 4855 1211 4896 re-

411 4922 507 5103 sp&
520 4976 926 5049 BernurdusNarbonensis,uti
940 4993 1002 5035 eum
1030 4988 1110 5037 vocat
1132 4983 1211 5056 Hugo

410 5057 533 5187 mliii·
548 5119 733 5191 Nougentom,
758 5120 1045 5191 inquithercetauus
1072 5124 1099 5178 in
1128 5124 1209 5194 notis,

413 5189 511 5243 Pestici
541 5191 601 5260 agri
629 5192 759 5262 oppidum
789 5200 815 5246 et
835 5201 979 5263 prioratus,
998 5195 1025 5248 in
1042 5197 1147 5252 bonore
1170 5197 1204 5250 S.

414 5259 534 5329 Dionysii
548 5267 725 5316 constructus.
745 5285 755 5309 u

425 5329 506 5410 m)
520 5326 668 5410 l’raedictus
696 5333 774 5404 Hugo
799 5331 907 5388 titulum
928 5335 1107 5408 Areopagitae
1121 5336 1208 5391 omit-

414 5407 453 5467 tit,
470 5415 548 5468 qoem
564 5399 738 5457 Hildebertus
753 5402 805 5469 liic,
822 5419 857 5458 ex
875 5407 987 5476 propria
1001 5415 1028 5460 et
1056 5416 1119 5464 tunc
1133 5423 1209 5462 coni·

413 5471 487 5524 moni
503 5467 724 5550 'latericiorum
744 5471 869 5542 apostolo
887 5475 1028 5546 opinione,
1057 5479 1209 5534 censendus

411 5540 708 5680 esiitiieliiiisri'addit:
731 5633 743 5658 i
763 5609 843 5667 Adlui
862 5609 889 5666 lo
916 5615 1035 5670 oratorio
1057 5616 1086 5672 8.
1114 5618 1208 5674 llariae

412 5682 528 5755 virginis
541 5682 635 5736 matris
649 5681 768 5746 Domini,
783 5683 831 5737 ubl
854 5683 926 5739 idem
954 5684 1033 5740 Pater
1060 5687 1165 5745 delatus
1193 5699 1209 5744 1

411 5753 580 5808 iratribuses
593 5754 660 5808 hora
674 5754 834 5822 exspiravit.
856 5777 869 5803 a

448 5825 533 5892 (sota
554 5823 607 5890 Qui
634 5824 699 5877 dum
727 5825 897 5895 susciperent
923 5825 1041 5882 animam
1069 5829 1209 5887 morientis

414 5889 510 5962 Patria,
526 5892 660 5949 irruerunt
673 5893 778 5950 eminus
793 5895 902 5966 quidam
930 5895 1080 5966 sagittarii,·
1114 5907 1207 5956 contre

1274 1887 1308 1943 de
1323 1881 1448 1941 candidis
1462 1882 1508 1955 qui
1523 1882 1601 1939 nobis
1614 1880 1752 1938 abundant
1782 1880 1897 1937 racemis
1910 1897 1917 1943 ;
1951 1894 2006 1953 ego
2034 1879 2081 1935 iiic

1273 1974 1411 2033 modicum
1443 1971 1612 2043 requiescam
1644 1972 1712 2043 (81),
1747 1969 1836 2027 donec
1860 1968 1962 2041 (1111111
1987 1976 2080 2024 tumor

1276 2064 1407 2131 subsidat,
1422 2061 1550 2135 etpulvis
1561 2060 1725 2126 excutietur,
1749 2074 1832 2132 quern
1851 2056 1996 2129 multiplici
2013 2056 2078 2112 vis·

1268 2174 1330 2214 ruin
1345 2152 1456 2211 circuitu
1471 2150 1617 2219 contraxi3
1648 2148 1747 2206 dehinc
1769 2143 1804 2203 ad
1838 2146 1923 2202 aliam
1951 2143 2077 2203 usserio

1268 2244 1448 2309 mansionem,
1478 2255 1560 2313 quarn
1595 2238 1662 2293 mihi
1699 2235 1832 2293 Dominus
1854 2235 2022 2307 preparavit
2048 2232 2077 2289 in

1268 2344 1399 2391 internum
1413 2334 1482 2403 (82).
1496 2328 1578 2384 Dices
1593 2334 1683 2381 autem
1701 2324 1798 2381 Pontio
1819 2323 1972 2379 successori
1997 2337 2072 2389 meo.
2164 2372 2165 2389 ,

1267 2428 1298 2479 ut
1312 2422 1346 2477 alt
1366 2419 1516 2475 bumilitate
1531 2415 1684 2471 nullatenus
1701 2413 1839 2469 declinare
1855 2411 1987 2467 stistincat
2001 2410 2071 2483 (88),
2164 2416 2165 2423 ³

1268 2510 1398 2582 operibus
1426 2507 1506 2563 instet
1537 2501 1742 2573 misericordiae,
1774 2516 1885 2557 auarum
1913 2500 2071 2567 immemor,

1268 2599 1375 2669 injuriis
1390 2604 1533 2653 moveatur
1560 2593 1673 2649 alienis.
1690 2591 1778 2663 Super
1793 2590 1887 2647 omnis
1913 2588 1973 2645 zelo
2001 2589 2073 2661 legis
2164 2612 2165 2623 r

1269 2687 1383 2754 ferveat,
1399 2686 1474 2741 eirca
1484 2683 1674 2755 delinquentes
1693 2695 1743 2737 nec
1766 2678 1897 2734 remissus
1922 2676 1956 2732 sit
1980 2675 2073 2731 indul-

1269 2777 1370 2849 gentia,
1384 2771 1635 2830 necimmoderotus
1647 2768 1803 2841 disciplina.
1816 2766 1910 2823 Adbuc
1920 2765 1966 2821 ille
1976 2762 2074 2835 loque·

1268 2865 1357 2929 batur,
1384 2878 1445 2918 cuin
1472 2860 1643 2916 demulcente
1675 2858 1797 2913 animum
1828 2855 1933 2910 visione
1961 2868 2076 2911 somnus

1268 2952 1408 3011 abscessit.
1430 2952 1486 3009 Vos
1504 2955 1594 3004 autem
1619 2948 1718 3003 scitota
1740 2962 1783 3001 rna
1807 2960 1872 3001 vera
1888 2943 2027 3009 loculum,
2053 2944 2075 2997 si

1268 3058 1378 3101 cursum
1393 3040 1458 3097 vitae
1478 3054 1597 3109 praesens
1613 3036 1742 3093 terminet
1759 3032 1910 3101 infirmitas,
1932 3032 2074 3100 siminus,

1268 3126 1297 3186 iu
1310 3138 1390 3200 caput
1404 3144 1494 3185 meum
1509 3125 1657 3198 provocavi
1671 3123 1805 3188 iudicem,
1840 3124 1908 3193 quia
1928 3136 2073 3179 commen-

1269 3226 1339 3275 tatus
1352 3218 1512 3273 trinitatem.
1535 3215 1628 3271 illaec
1640 3212 1730 3270 relata
1753 3220 1896 3271 moverunt
1924 3202 2073 3279 auditores,

1268 3308 1351 3380 ipsius
1362 3307 1474 3364 edoctus
1488 3305 1573 3371 obitu,
1585 3304 1699 3359 tratrem
1714 3301 1881 3357 Beroardum
1906 3298 1975 3356 nibil
2005 3314 2073 3371 pio-

1271 3397 1364 3452 tulisse
1379 3394 1525 3452 mendacii.
1545 3394 1595 3448 Die
1606 3391 1742 3464 siquidem
1758 3391 1834 3446 tertia
1849 3391 1916 3460 (81),
1932 3387 2073 3445 bominem

1271 3499 1408 3557 egressus,
1437 3493 1464 3540 et
1484 3481 1666 3538 testimonium
1680 3480 1776 3550 gloria
1800 3478 1916 3548 abbatia,
1939 3483 1968 3534 at
1995 3492 2072 3548 spem

1271 3571 1493 3645 propriaesalutis
1504 3570 1634 3626 iratribus
1650 3568 1781 3640 reliquit..

1306 3659 1704 3732 st.1psaeiirmncete,an
1726 3657 1757 3712 D.
1779 3656 1861 3727 litigo
1883 3653 2012 3727 migrarit
2038 3654 2073 3711 sd

1270 3764 1393 3821 superos.
1409 3740 1585 3805 Noviomensi
1597 3745 1689 3802 abbati
1703 3760 1758 3801 non
1785 3743 1949 3800 dissimilem
1978 3743 2072 3800 ierunt

1270 3839 1427 3911 apparuisse
1443 3837 1584 3893 visionem.
1602 3836 1695 3892 Visum
1712 3834 1735 3890 ei
1751 3841 1792 3889 est
1806 3832 1917 3889 lectulos
1941 3821 2009 3889 duos
2036 3831 2071 3888 ab

1270 3925 1377 4000 angelis
1391 3927 1418 3980 in
1433 3926 1532 3982 coelum
1548 3923 1657 3991 deferri,
1672 3922 1717 3996 qni
1739 3921 1856 3979 molliori
1883 3921 1966 3987 cultu,
1991 3921 2070 3976 solli·

1269 4008 1398 4072 citudinis
1413 4009 1578 4070 oblivionem
1594 4020 1619 4068 et
1636 4025 1763 4068 somnum
1786 4015 1979 4081 provocarent.
2009 4011 2070 4066 ilu-
2164 4087 2165 4094 ἵ

1269 4099 1324 4178 geli
1333 4097 1607 4174 autem,quilectul0s
1616 4091 1784 4166 deserebant,
1794 4091 1951 4170 hujusmodi
1961 4091 2068 4154 ciama-

1269 4192 1336 4248 bant
1350 4191 1441 4248 verbis
1453 4209 1459 4245 :
1471 4191 1545 4247 Duos
1556 4187 1676 4248 illustres
1686 4191 1761 4246 viros
1772 4189 1799 4244 iu
1813 4186 1855 4244 his
1869 4179 2070 4246 collocabimus

1269 4281 1359 4350 lectis,
1378 4279 1535 4337 Anselmum
1559 4271 1664 4337 seilicet
1682 4277 1903 4336 cintusneusein
1928 4269 2068 4348 archiepi-

1270 4387 1394 4442 scopum,
1411 4378 1491 4440 atqne
1505 4369 1648 4442 Hugonem
1663 4361 1847 4426 cluniacensis
1863 4361 1990 4422 abbatam
2006 4381 2068 4422 nio-

1269 4455 1397 4524 nasterii;
1416 4459 1462 4530 qui
1489 4466 1552 4530 post
1571 4466 1657 4514 terras
1678 4452 1788 4524 coelum,
1806 4463 1868 4528 post
1886 4453 1996 4512 labores
2021 4471 2068 4512 re-

1270 4547 1374 4620 quiem,
1391 4541 1521 4618 gaudium
1538 4549 1599 4618 post
1614 4545 1749 4616 lacrymas
1757 4552 1921 4602 meruerunt.
1935 4535 1999 4600 Post
2009 4547 2068 4600 liaeo
2164 4571 2165 4576 .

1269 4633 1357 4694 abbas
1371 4633 1520 4710 evigilans,
1536 4630 1674 4690 nonnullis
1690 4649 1749 4705 quae
1762 4631 1876 4702 riderm,
1901 4632 2004 4704 tetulit,
2032 4623 2067 4688 ad

1268 4855 1335 4912 quos
1366 4840 1562 4898 misericordiae
1584 4847 1672 4896 mater
1705 4853 1817 4894 manuni
1836 4853 1912 4894 auam
1938 4837 2063 4906 elevavit,

1265 4922 1292 4968 et
1322 4909 1508 4986 egredientem
1533 4911 1675 4984 protexit:
1703 4926 1756 4982 qua
1781 4910 1902 4982 cognita,
1931 4909 2064 4982 sagittarii

1264 4983 1338 5039 illico
1370 4985 1508 5058 ingerunt,
1525 4981 1610 5039 territi
1626 4981 1652 5038 et
1666 4977 1814 5038 confusi.»
1838 4983 1877 5036 lta
1898 4971 1979 5054 liuga
2002 4995 2062 5036 me-

1264 5063 1394 5110 moratus.

1299 5127 1354 5193 (81)
1370 5125 1456 5181 idem.
1474 5145 1484 5174 ι
1504 5126 1557 5180 Par
1571 5123 1689 5178 triduani
1704 5121 1747 5178 bio
1761 5123 1940 5192 requiescam.
1959 5143 1971 5168 ι

1298 5197 1355 5268 (81)
1371 5198 1463 5268 Usque
1477 5196 1547 5251 adeo
1562 5195 1643 5250 atiani
1658 5193 1824 5248 sanctissimi
1841 5193 1941 5264 quique
1957 5192 2059 5264 aliquid

1263 5267 1346 5323 evita
1359 5266 1481 5330 efferunt,
1498 5265 1572 5392 Ἑιοά
1587 5265 1609 5320 si
1625 5279 1679 5320 uon
1705 5280 1815 5338 prauam
1839 5269 1988 5328 mereatur,
2014 5279 2061 5319 eos

1264 5346 1353 5395 tamen
1369 5354 1385 5394 1
1399 5334 1487 5392 libera

1263 5409 1396 5464 tantillum
1415 5413 1573 5473 remoretur,
1590 5403 1617 5460 in
1632 5421 1732 5480 magua
1763 5405 1855 5477 quiete
1886 5399 2060 5461 nihilomiuus

1263 5495 1295 5534 ao
1311 5493 1376 5550 pace
1391 5477 1590 5550 prestolantes.

1297 5549 1538 5619 (81)·111111111
1559 5547 1610 5604 sibi
1634 5546 1829 5610 innocentiam,
1859 5543 1922 5602 tlllt
1949 5543 2058 5602 mitell-

1262 5618 1400 5682 cordlam;
1420 5643 1431 5670 »
1451 5620 1488 5674 111
1502 5619 1581 5691 lingo
1602 5619 1750 5673 monachus
1780 5635 1787 5671 i
1808 5617 1858 5672 sed
1879 5613 1916 5675 tlt
1941 5617 2058 5690 11111111

1262 5691 1371 5745 undem
1384 5691 1530 5747 recessisse
1558 5689 1663 5746 ridetur
1685 5683 1804 5756 Pontltts,
1825 5685 2060 5744 indiscretodlscl·

1261 5761 1344 5830 plinre
1358 5761 1416 5816 reio
1431 5761 1571 5830 abreptus.

1261 5831 1503 5974 adffiffinuglgeffi
1513 5830 1618 5960 {lc'lgtiggl
1645 5833 1800 5888 sanctorum
1829 5827 1961 5901 dotniudl,
1989 5839 2001 5880 1
2029 5829 2056 5884 ut

1527 5336 1552 5392 ei
1566 5333 1693 5392 fruitione
1708 5343 1734 5391 et
1764 5335 1860 5405 gloriae
1894 5329 2062 5407 planitudine
2164 5377 2165 5392 ι
