4750 6725
301 662 353 719 585
876 652 926 716 DE
939 656 975 711 tv
985 651 1190 712 ttnrortttbs
1205 654 1234 710 B.
1255 652 1383 713 butte.
1901 658 1954 719 886

335 786 407 841 Deus
422 784 506 840 Filius
517 780 754 841 consubstantialis
768 789 794 838 et
805 789 956 839 coeternus
965 788 992 839 et
1002 796 1095 838 coorn-
1109 779 1222 841 Avium
1236 796 1345 839 suorum
1360 781 1425 839 olim
1441 798 1490 853 per
1503 792 1641 855 peccatum
1661 784 1825 843 diminutam
1851 802 1950 845 nume·

299 876 425 946 nipotens
443 874 528 944 Patri,
543 874 632 931 editus
647 888 681 927 ex
704 872 782 927 Patre
805 879 867 928 ente
890 880 1013 945 tempore
1041 870 1100 927 sine
1153 886 1224 938 rum,
1248 888 1319 928 nunc
1341 888 1391 943 per
1410 871 1519 929 beatum
1543 874 1603 944 ejus
1624 883 1730 947 partum
1756 875 1949 949 redintegrari.

299 974 396 1031 matre,
408 962 495 1019 voluit
504 963 579 1019 nasci
593 962 628 1018 de
642 969 727 1017 metre
741 961 799 1015 sine
813 969 891 1033 patre
905 960 957 1017 sub
967 967 1099 1033 tempore,
1155 959 1321 1016 Gaudebent
1335 967 1361 1016 et
1375 960 1495 1033 gaudent
1509 962 1641 1029 homines,
1657 964 1721 1037 quie
1736 964 1808 1037 quod
1825 981 1874 1037 per
1894 965 1953 1036 pn‘-

299 1052 439 1126 elcgitque
449 1051 897 1123 buncpuellemproemorequem
907 1050 1102 1121 babebeterge
1155 1064 1229 1104 mam
1243 1048 1390 1105 amiserunt
1405 1050 1549 1108 seminume
1558 1051 1730 1123 centuplicati
1745 1054 1824 1126 pretii
1848 1054 1955 1111 foenore

298 1158 372 1206 eam,
387 1143 416 1195 iu
429 1158 512 1212 quarn
527 1149 582 1196 tote
596 1139 724 1194 divinitas
746 1138 880 1207 influeret,
896 1146 922 1193 et
934 1154 994 1208 quae
1012 1138 1062 1193 Dei
1076 1143 1101 1193 et
1155 1137 1288 1208 recipiunt
1303 1154 1351 1209 per
1370 1139 1492 1195 Mariam.
1517 1140 1684 1196 Corruerunt
1707 1140 1787 1209 servi,
1807 1149 1956 1214 resurgunt

297 1230 420 1288 bominis
431 1228 553 1302 genitrix
566 1228 655 1283 lieret.
672 1227 778 1283 Amavit
793 1242 860 1300 ergo
875 1236 1102 1299 eam,antequem
1156 1224 1369 1291 iratresetiilii;
1388 1227 1482 1284 iratres
1509 1229 1630 1297 Domini,
1659 1230 1753 1286 Merita
1781 1229 1842 1287 dlii.
1875 1229 1955 1301 Quod

298 1338 335 1376 ex
350 1336 384 1377 ee
400 1325 570 1385 nasceretur,
583 1322 693 1372 uteaart
706 1316 740 1371 de
755 1332 807 1388 que
822 1316 906 1389 digne
930 1321 1098 1372 nasceretur.
1156 1316 1289 1391 gaudium
1308 1315 1335 1371 in
1358 1315 1576 1386 incomparabile
1608 1326 1776 1375 crementum
1802 1317 1955 1386 pullulabit,

299 1412 459 1480 Peneusque
474 1408 519 1465 bic
542 1422 620 1465 emor
631 1414 673 1462 est
692 1416 720 1462 ut
738 1405 880 1461 iaceretex
903 1403 958 1459 tttta
976 1413 1102 1473 matrem,
1156 1422 1217 1460 cum
1233 1404 1495 1476 illorumpraesentie
1509 1406 1636 1477 presenti
1652 1406 1779 1462 fruentur
1790 1406 1816 1461 iu
1832 1407 1957 1464 coetotae·

298 1516 335 1556 ex
354 1506 476 1554 creature
492 1496 632 1553 Creatovis
646 1494 821 1568 genitricem‘l
838 1495 896 1549 Nec
914 1503 978 1563 post
997 1503 1103 1562 partum
1157 1494 1224 1563 titia,
1241 1508 1288 1564 per
1302 1508 1369 1564 quos
1384 1502 1456 1549 tanta
1475 1495 1612 1551 consecuti
1627 1502 1690 1551 aunt
1710 1494 1819 1568 gaudie.
1846 1495 1957 1553 Gaude·

299 1604 381 1645 emor
397 1586 508 1652 deiecit,
523 1587 578 1641 imo
592 1584 806 1655 incomparabile
824 1592 1000 1654 augmentum
1023 1597 1105 1639 ecee·
1157 1583 1246 1637 betet
1265 1584 1364 1654 gaudet
1384 1583 1473 1637 omnis
1497 1591 1630 1647 creature,
1659 1583 1722 1655 quie
1742 1598 1803 1657 quac
1826 1584 1854 1638 in
1883 1583 1958 1641 initio

299 1678 352 1751 pit.
369 1677 442 1731 Sicut
457 1664 535 1731 enim⁴
550 1688 645 1729 omnes
658 1671 792 1735 homines,
803 1687 837 1725 ex
855 1677 969 1741 utroque
992 1679 1105 1741 parente
1158 1670 1254 1727 mundi
1269 1686 1284 1725 u
1301 1671 1357 1727 Deo
1372 1668 1407 1725 ad
1425 1670 1586 1743 obsequium
1608 1672 1725 1727 bominis
1745 1672 1828 1741 secta,
1849 1672 1959 1745 quando

299 1766 399 1841 geniti,
416 1764 604 1834 departiuntur
617 1777 739 1817 amorem
755 1760 782 1815 iu
796 1767 943 1833 utrumque
954 1768 1103 1831 parentem,
1159 1775 1189 1814 ee
1203 1758 1311 1815 homae
1325 1759 1480 1833 cognitione
1494 1766 1521 1816 et
1534 1760 1648 1817 servitio
1673 1759 1723 1815 Dei
1733 1768 1897 1824 removeret,
1920 1760 1962 1817 illi

299 1857 340 1911 ita
350 1854 483 1909 Dominus
495 1852 573 1907 Jesus
587 1868 621 1905 ex
632 1856 719 1904 matre
734 1849 842 1922 genitus
854 1849 912 1903 sine
926 1847 1107 1919 petre,patris
1159 1848 1205 1919 qui
1226 1848 1346 1905 Creatori
1374 1864 1422 1904 suo
1446 1848 1555 1905 rebeliis
1583 1857 1649 1913 erat,
1679 1848 1808 1921 degeneri
1830 1848 1960 1907 famulatu

298 1953 328 2001 et
351 1945 445 1998 matris
460 1940 510 1997 soli
533 1940 611 1995 matri
632 1938 727 1993 debuit
761 1944 788 1993 et
811 1936 942 2009 persolvit
967 1952 1103 1993 amorem.
1160 1936 1296 1993 substerni
1311 1936 1432 1993 dolebat.
1448 1937 1644 2009 Ille,inquom,
1658 1939 1768 1995 bomine
1784 1954 1833 2009 per
1846 1936 1960 1995 beatam

300 2035 383 2096 ltenr,
400 2031 454 2085 duo
468 2039 543 2085 erant
560 2029 587 2082 in
605 2026 724 2100 Virginis
739 2027 843 2093 enimc,
856 2025 984 2080 invisibili
992 2026 1040 2080 sed
1051 2039 1108 2079 me·
1160 2024 1274 2080 lleriam
1288 2023 1402 2093 salveto,
1418 2026 1444 2079 in
1461 2025 1602 2097 antiquum
1615 2026 1700 2083 decue
1726 2026 1822 2091 evasit,
1848 2026 1876 2081 in
1900 2028 1958 2098 pri-

298 2138 358 2196 gno
377 2118 560 2177 concertantia
569 2116 672 2187 praelio.
683 2115 856 2187 virginitatis
866 2130 952 2182 amor,
962 2122 988 2172 et
999 2113 1098 2187 legalis
1116 2137 1143 2197 Β
1160 2114 1259 2169 stinum
1273 2113 1447 2183 splendorem
1462 2114 1581 2182 renituit,
1598 2116 1662 2171 dum
1688 2115 1726 2171 illi
1751 2114 1895 2171 famuletur
1915 2119 1962 2187 qui

299 2208 506 2267 maledictionis
524 2206 616 2261 timor.
636 2205 831 2261 Verumtamen
854 2203 952 2258 librato
967 2202 1013 2257 diu
1036 2203 1109 2258 mul·
1163 2202 1282 2257 Creatori
1297 2218 1347 2258 suc
1362 2211 1387 2257 et
1401 2202 1456 2259 fide
1470 2212 1497 2259 et
1511 2219 1594 2274 opere
1613 2205 1786 2277 obsequitur.
1804 2203 1880 2260 Siout
1895 2224 1962 2283 ergo

297 2311 413 2370 tumque
430 2294 554 2363 consilio,
577 2294 641 2347 vicit
660 2308 738 2347 amor
763 2292 809 2365 qui
834 2291 1071 2363 praeponderabat,
1084 2298 1111 2348 et
1163 2293 1237 2347 Deus
1252 2300 1292 2347 est
1306 2291 1423 2347 Peteret
1446 2292 1557 2348 Creator
1577 2293 1709 2363 omnium,
1735 2295 1772 2350 ita
1796 2298 1855 2353 brec
1878 2299 1961 2371 Virgo

299 2388 380 2444 dedit
393 2398 466 2458 terga
482 2384 573 2439 timor.
589 2381 640 2437 llic
654 2380 772 2436 occurrit
791 2380 838 2434 [tei
858 2380 1002 2442 auxilium,
1024 2380 1068 2450 qui
1084 2376 1110 2435 ei
1163 2388 1204 2435 est
1219 2388 1305 2435 mater
1322 2388 1348 2435 et
1374 2380 1519 2437 recreatrix
1547 2382 1677 2438 omnium.
1707 2380 1776 2453 Quia
1802 2385 1872 2441 sicut
1894 2386 1962 2441 nihil

300 2486 331 2534 et
346 2476 419 2549 quod
436 2473 547 2529 amabat
560 2470 686 2540 eriperet,
703 2477 729 2523 et
746 2469 818 2540 quod
841 2468 951 2523 enabat
974 2467 1049 2524 selvo
1070 2470 1110 2524 si·
1164 2468 1263 2536 existit,
1279 2468 1331 2523 nisi
1345 2468 1418 2539 quod
1434 2471 1507 2523 Deus
1521 2469 1596 2538 iacit,
1612 2470 1649 2526 ite
1664 2471 1729 2527 nibil
1743 2482 1888 2543 recreetur,
1908 2474 1962 2532 nisi

302 2565 425 2641 gneculo
441 2579 496 2618 non
511 2559 637 2616 auferret.
656 2559 736 2614 Dedit
745 2562 772 2613 ei
787 2572 853 2629 ergo
869 2564 898 2612 ut
912 2564 982 2613 esset
992 2559 1019 2612 et
1032 2558 1112 2628 prole
1164 2558 1238 2629 quod
1253 2556 1324 2613 lilius
1338 2565 1439 2613 sauctae
1451 2558 1540 2613 lleriae
1554 2558 1673 2614 redimit.

305 2654 406 2711 fertilis
420 2662 447 2708 et
460 2648 601 2723 virginalis
615 2646 707 2703 damni
726 2646 865 2700 immunis.
1198 2646 1333 2701 Ascendet
1346 2660 1414 2719 ergo
1428 2644 1519 2701 fidelis
1533 2646 1624 2703 anime
1638 2648 1666 2702 in
1695 2649 1794 2707 mentis
1821 2652 1961 2721 speculem

346 2742 419 2812 Quid
433 2741 495 2796 illei
509 2740 607 2800 Nonne
627 2736 709 2791 tantis
729 2734 777 2789 tilii
801 2732 939 2789 beneficiis
959 2732 1043 2805 digno
1065 2746 1114 2787 re·
1164 2742 1200 2801 et,
1218 2743 1346 2807 quantum
1361 2742 1459 2805 potest,
1483 2736 1574 2791 rideat
1586 2737 1613 2791 in
1635 2752 1718 2809 quem
1743 2738 1851 2795 sublimi
1872 2740 1962 2797 locate

307 2831 574 2904 spondebetamore,
585 2826 665 2897 plene
676 2823 780 2896 Spiritu
803 2822 962 2893 sancto,qui
983 2829 1024 2876 est
1037 2835 1115 2875 emor
1164 2823 1200 2878 eit
1214 2822 1324 2879 domine
1336 2823 1430 2879 bieria.
1446 2822 1542 2881 Omnis
1555 2834 1652 2881 nature
1667 2842 1682 2881 e
1697 2827 1755 2883 Deo
1767 2840 1809 2883 eat
1828 2828 1910 2897 lacte,
1934 2836 1963 2885 at

304 2922 407 2989 Petris,
427 2926 453 2975 et
468 2916 552 2991 prolis
571 2930 649 2971 emor
671 2914 760 2968 suevis
780 2920 807 2969 et
830 2911 927 2980 dulcis;
958 2925 1035 2965 amor
1058 2923 1112 2965 uon
1164 2912 1239 2967 Deus
1251 2921 1292 2967 est
1307 2912 1394 2967 lactus
1408 2928 1440 2969 ex
1455 2912 1549 2968 bieria.
1565 2913 1638 2969 Deus
1652 2916 1774 2971 omnium
1790 2915 1877 2973 iactor
1890 2932 1963 2973 eeex

304 3010 449 3076 volaticis,
464 3007 511 3063 sed
526 3004 656 3062 aetemusi
668 3002 764 3058 Nonne
775 3016 839 3056 eum
858 3000 968 3056 amabat
982 2998 1027 3073 qui
1050 3012 1112 3053 eom
1165 2999 1529 3070 benefecit,etsicaunctu
1543 3000 1647 3058 reiecit.
1676 3001 1728 3073 Qui
1755 3004 1841 3072 potuit
1868 3006 1963 3062 omnia

305 3100 374 3157 fecit
388 3095 478 3155 omnis
491 3090 781 3155 creeturaedominem
798 3088 861 3145 ooeli
885 3096 912 3143 at
932 3096 1011 3143 terrae
1034 3085 1111 3160 regi·
1164 3105 1198 3145 ex
1213 3089 1297 3145 nibilc
1312 3088 1411 3157 lacere,
1422 3089 1508 3145 noluit
1522 3105 1554 3146 ee
1564 3089 1662 3147 violata
1677 3092 1735 3147 siae
1745 3092 1830 3149 bieria
1840 3092 1961 3151 reficere.

305 3205 383 3252 nam,
418 3184 594 3248 fertilitatem,
623 3184 653 3234 ut
683 3179 751 3243 dixi,
772 3178 902 3246 tribuens,
926 3175 1111 3249 integritatem
1164 3178 1241 3235 Deus
1255 3186 1296 3233 eet
1310 3177 1392 3250 igitur
1405 3179 1483 3233 Peter
1498 3194 1590 3234 rerum
1605 3188 1768 3249 creatarum,
1784 3190 1811 3238 et
1825 3181 1908 3237 blane
1922 3188 1965 3238 est

304 3294 365 3333 non
379 3274 520 3331 minuene‘l
535 3273 671 3326 lmorero
687 3267 749 3324 totis
764 3265 900 3327 medullis,
924 3264 986 3321 totis
1008 3264 1112 3321 viribus
1164 3275 1352 3323 meterrerum
1374 3274 1565 3323 recreatarum.
1590 3268 1665 3325 Deus
1691 3268 1766 3325 illum
1796 3271 1890 3343 genuit
1914 3286 1964 3342 per

304 3367 337 3424 in
347 3367 407 3436 ejus
427 3378 548 3421 amorem
563 3374 693 3430 suspensa
708 3365 775 3425 eret,
791 3370 968 3426 amoremque
977 3369 1057 3427 quem
1067 3367 1114 3424 pa·
1163 3373 1243 3429 quern
1259 3365 1321 3412 sunt
1334 3356 1425 3412 omnia
1441 3355 1521 3424 iacta,
1536 3366 1563 3412 et
1577 3356 1661 3413 llaria
1689 3358 1766 3414 illurn
1794 3361 1890 3433 genuit
1914 3375 1964 3432 per

304 3466 349 3512 ter
363 3463 390 3510 et
409 3460 497 3508 meter
509 3448 597 3506 soboli
623 3461 680 3502 suae
704 3446 813 3508 debeat,
838 3445 895 3500 sola
914 3444 964 3500 iste
985 3442 1071 3497 dulcis
1086 3447 1113 3497 et
1163 3461 1245 3516 quem
1260 3453 1321 3500 suot
1334 3446 1426 3501 oronie
1439 3445 1542 3501 relenta
1556 3453 1583 3501 et
1603 3446 1717 3502 salvata.
1743 3447 1799 3504 Per
1821 3450 1872 3504 hee
1896 3464 1964 3522 ergo

303 3549 419 3600 terrena
442 3548 527 3596 mater
541 3536 651 3592 dominc
667 3540 695 3590 et
708 3533 765 3590 filio
779 3549 828 3591 suo
840 3532 1028 3605 impendebat.
1053 3532 1111 3586 Nec
1125 3510 1148 3574 C
1163 3533 1387 3590 ratiocinationes
1400 3533 1572 3604 impossibile
1586 3540 1628 3589 est
1651 3542 1679 3589 ut
1702 3532 1799 3606 aliquia
1824 3537 1905 3592 bomo
1927 3535 1963 3592 ad

308 3632 456 3702 esteliqua
479 3627 591 3684 seientia
615 3640 675 3696 quae
698 3623 784 3695 possit
802 3628 953 3694 penetrare,
976 3635 1027 3675 nec
1047 3619 1109 3674 elo·
1164 3638 1224 3678 earn
1238 3638 1384 3677 conversus
1398 3629 1425 3678 et
1439 3621 1473 3676 ab
1487 3637 1521 3678 ee
1549 3631 1687 3694 respectus
1714 3623 1867 3681 damnetur.
1891 3625 1963 3681 Nem

305 3720 419 3795 quentia
432 3733 494 3792 quoe
508 3715 593 3788 possit
607 3712 763 3784 praedicare,
779 3719 878 3783 quanta
898 3707 1052 3766 dulcedinis
1067 3724 1110 3763 se·
1164 3711 1227 3785 quie
1241 3709 1300 3781 ipse
1313 3711 1408 3783 genuit
1422 3725 1485 3766 eum
1499 3725 1637 3781 perquem
1654 3718 1760 3767 mortue
1786 3709 1962 3780 reviviscunt,

305 3810 425 3866 dulitete
439 3804 582 3879 parvulum
607 3801 716 3870 fovent,
741 3806 841 3870 quante
861 3797 1003 3869 diligentia
1025 3797 1108 3852 obse·
1163 3816 1214 3872 per
1224 3815 1304 3871 quern
1315 3799 1440 3854 homines
1453 3814 1486 3854 ex
1495 3806 1608 3870 peccato
1618 3799 1768 3869 salventur,
1784 3799 1849 3872 quie
1858 3815 1912 3856 non
1921 3809 1964 3858 est

304 3895 427 3966 quicque
441 3890 643 3946 adolescentem
658 3885 725 3940 etin
749 3885 833 3939 robur
853 3882 942 3938 aetetis
964 3882 1107 3937 radentem
1160 3886 1329 3960 justificatio,
1343 3886 1395 3942 nisi
1410 3887 1562 3958 quemipse
1577 3885 1605 3941 in
1626 3895 1702 3944 utero
1730 3887 1808 3955 fovit;
1838 3904 1893 3945 non
1921 3897 1962 3947 est

304 3981 473 4056 provexerit,
488 3985 589 4050 quante
609 3972 702 4030 laetitia
713 3972 840 4042 juvenem
853 3969 984 4025 miracula
1003 3969 1107 4026 sacien-
1161 3978 1246 4044 selus,
1272 3976 1322 4032 nisi
1348 3991 1429 4050 quam
1441 3977 1503 4048 ipae
1518 3975 1631 4047 peperit.
1661 3978 1724 4048 lpse
1746 3985 1788 4034 est
1812 3993 1881 4052 ergo
1900 3994 1962 4036 mg.

304 4065 598 4140 temeteorumglorie
608 4063 743 4118 famosum
754 4059 878 4125 audierit,
890 4057 997 4130 viderit,
1008 4066 1106 4129 quanta
1162 4074 1204 4122 rer
1223 4065 1403 4136 justificantis
1430 4073 1457 4122 et
1472 4061 1693 4138 justificatorum
1720 4065 1779 4140 ipsa
1804 4075 1845 4123 052
1873 4075 1963 4125 mares

302 4159 436 4216 moestitie
454 4156 603 4229 patientem
626 4160 652 4208 et
673 4151 834 4206 morientem
855 4147 1044 4219 suspiraverit.
1071 4148 1106 4203 Et
1159 4155 1290 4212 salvantis
1308 4159 1337 4211 et
1349 4154 1526 4211 salvatorum.
1542 4155 1632 4227 igitur
1645 4162 1734 4211 meter
1748 4155 1796 4212 Dei
1815 4155 1861 4227 qui
1886 4157 1961 4213 solus

302 4251 365 4306 baec
384 4246 508 4319 prolecto
533 4250 608 4298 tento
627 4239 707 4295 nobis
730 4245 791 4293 sunt
819 4252 888 4308 pene
908 4235 1103 4308 incogitabilia,
1158 4244 1280 4315 damnet,
1298 4243 1343 4314 qui
1357 4243 1433 4300 solus
1446 4243 1543 4310 salvet,
1559 4259 1639 4313 quem
1654 4244 1746 4300 sotum
1768 4244 1905 4312 timemus,
1930 4245 1958 4301 io

303 4343 407 4409 11111111
419 4335 539 4389 11111111·
555 4333 614 4385 111111
630 4343 695 4385 1111
709 4333 896 4398 resurgentem
910 4332 936 4380 11
949 4325 1103 4380 1111θῦ11111·
1158 4349 1212 4404 quo
1227 4333 1288 4388 solo
1302 4347 1454 4404 speramus,
1470 4339 1511 4387 est
1525 4339 1614 4386 meter
1627 4340 1729 4387 nostra.
1743 4331 1833 4388 iudex
1848 4341 1875 4388 et
1895 4332 1960 4389 Sal·

305 4434 360 4481 tem
376 4438 458 4495 quem
480 4419 550 4476 laetis
569 4418 657 4474 oculis
677 4415 763 4488 Virgo
787 4413 850 4468 felix
873 4411 978 4478 intuita,
1001 4419 1103 4484 quanto
1157 4431 1234 4480 vator
1247 4428 1348 4487 noster,
1365 4427 1404 4474 est
1428 4419 1624 4476 internosces,
1646 4416 1790 4488 Quomodo
1810 4433 1876 4494 ergo
1903 4420 1957 4476 de.

302 4511 425 4585 tripudio
439 4511 519 4566 beete
527 4505 710 4564 movebantur
723 4504 842 4571 viscere,
863 4500 1014 4572 presertim
1041 4516 1101 4556 eum
1156 4525 1305 4583 speremus,
1321 4524 1383 4564 cum
1397 4507 1479 4577 selus,
1493 4507 1551 4563 siva
1565 4505 1704 4564 damnatio
1728 4514 1827 4578 nostre,
1843 4523 1879 4564 ex
1894 4508 1960 4566 boni

299 4594 711 4673 31111111811111111111111111
731 4590 839 4664 11111111
859 4605 921 4663 (1111
939 4596 1015 4645 111110
1036 4605 1101 4662 11111·
1156 4585 1251 4655 fratria
1270 4605 1297 4653 et
1311 4597 1363 4670 piae
1377 4593 1471 4651 metris
1484 4593 1603 4668 pendeat
1616 4594 1743 4651 arbitrioi
1757 4595 1954 4668 Nunquidsus·

301 4685 623 4758 turiebenturternpore‘l
644 4683 737 4739 Genus
758 4683 907 4737 humanum
927 4679 963 4735 ed
986 4677 1101 4734 salutern
1155 4687 1253 4755 tinente
1274 4687 1361 4744 bonus
1389 4683 1474 4741 frater
1486 4683 1576 4756 panim·
1590 4684 1688 4740 fratres
1715 4699 1777 4740 suos
1790 4699 1858 4755 quos
1875 4685 1958 4742 rede.

301 4777 396 4836 voceri
408 4792 458 4848 pet·
475 4773 613 4848 apostolos
635 4771 755 4840 videbat,
779 4769 858 4839 cujus
878 4767 917 4824 rei
937 4766 1028 4842 graiis
1051 4766 1101 4822 bei
1154 4778 1211 4844 mit,
1237 4776 1308 4832 bona
1322 4779 1408 4831 mater
1431 4772 1555 4829 damnari
1576 4770 1647 4828 filios
1665 4787 1729 4828 suos
1750 4787 1864 4845 quorum
1892 4773 1955 4845 ipsa

301 4866 401 4924 Filiam
414 4866 451 4922 de
464 4881 494 4920 ὅθ
508 4865 712 4934 incorporatum
727 4866 754 4916 11
768 4859 795 4914 111
809 4873 891 4915 111111
902 4871 1016 4927 pessum
1038 4863 1100 4912 ⁰⁰10
1113 4857 1364 4936 DRedemptorem
1378 4861 1486 4936 geuuiti
1501 4861 1595 4918 Dulcis
1609 4867 1697 4916 mater
1715 4860 1825 4934 regebit
1845 4858 1953 4917 dulcem

300 4955 488 5012 intellexerat.
506 4951 677 5023 Quapropter
690 4947 835 5005 laetebetur
849 4945 921 5018 quod
936 4946 994 5018 spei
1019 4960 1099 5017 quam
1154 4955 1239 5012 fitium
1257 4967 1345 5020 suum,
1366 4953 1444 5024 pium
1469 4951 1580 5007 fratrem
1594 4956 1724 5013 nostmm;
1746 4947 1832 5005 filium
1849 4964 1901 5021 pm
1919 4948 1956 5004 fi.

300 5047 552 5114 internumerare
567 5036 828 5110 quaequumque
848 5034 898 5090 roa
915 5032 1017 5088 mundo
1041 5031 1101 5088 fore
1154 5045 1208 5116 urs,
1228 5041 1399 5118 turpinum
1421 5055 1471 5112 pro
1489 5037 1639 5110 adoptans.
1662 5035 1818 5094 eruentus
1841 5037 1959 5095 rrnenru

301 5157 335 5197 ex
351 5145 416 5198 voto
429 5137 594 5212 virginitatis
607 5151 665 5190 suae
680 5129 916 5206 spernentium
930 5129 957 5184 in
974 5145 1032 5185 rem
1048 5144 1101 5184 ve·
1156 5134 1251 5191 audiet
1264 5139 1377 5188 matrem
1400 5143 1450 5200 pro
1474 5127 1547 5198 filiis,
1568 5125 1730 5200 Unigenitus
1752 5141 1802 5199 pro
1825 5125 1859 5184 iis
1885 5142 1953 5203 quoq

301 5253 364 5296 rem
378 5237 521 5296 transibat.
538 5231 698 5291 Gaudebent
712 5237 739 5288 et
753 5229 843 5302 angeli
855 5228 901 5301 qui
922 5226 1051 5285 ridebant
1060 5225 1102 5282 ci·
1156 5220 1304 5295 adoptavit,
1320 5217 1452 5276 Dominus
1465 5232 1515 5292 pro
1529 5215 1564 5275 iis
1584 5229 1652 5289 quoa
1670 5214 1808 5275 liberavit.

476 5973 600 6034 Pareat.
620 5967 706 6035 eux
