4750 6725
300 659 352 715 909
1079 653 1172 713 vll'l.
1898 664 1949 719 add

299 782 369 837 ilinc
378 779 415 837 de
424 778 594 852 puaperibus
607 778 711 837 relatus
724 779 837 852 corripit
847 794 943 847 unum,
1108 784 1137 843 Α
1151 779 1191 835 Te
1205 779 1270 835 salis
1283 781 1335 837 bos
1349 779 1427 853 ignes
1441 780 1561 839 affirmat
1571 798 1652 855 posse
1666 782 1772 857 fugare,

334 868 383 924 Cui
398 867 581 925 damnabatur
592 868 675 925 luxus
689 876 716 924 et
730 868 861 924 ebrietas.
1187 866 1274 925 Nocte
1288 868 1376 939 deque
1391 877 1465 927 tuum
1480 870 1504 927 si
1517 870 1656 929 celebrent
1672 872 1809 928 meritum.

298 958 367 1014 lum
381 956 509 1013 meditate
522 956 627 1028 lugam,
643 970 724 1028 quem
739 956 872 1028 praeuenit
885 954 945 1027 ipse
956 953 1065 1022 beatus,
1152 954 1330 1026 eompleumr
1342 958 1469 1015 mandata
1483 959 1579 1025 Putris,
1608 976 1673 1017 mox
1699 960 1813 1017 fulmins
1837 968 1953 1041 cessent,

334 1045 405 1101 ilinc
417 1058 526 1115 quoque
539 1044 644 1101 sensisti
657 1060 706 1101 cnr
719 1044 838 1115 patuisse
851 1052 937 1101 tuum.
1188 1044 1221 1099 El
1235 1044 1274 1101 sic
1287 1044 1334 1101 illc
1349 1046 1423 1102 locus
1437 1055 1578 1116 permansi
1592 1048 1695 1119 absque
1710 1056 1793 1105 melu.

299 1133 349 1190 llle
361 1132 504 1189 Tolossute
513 1134 657 1189 bursnnus
669 1133 812 1205 spiscopus
823 1133 913 1202 urbis,
1153 1130 1223 1197 Quae
1236 1131 1281 1189 vel
1294 1140 1394 1203 quantu
1407 1133 1454 1204 pio
1469 1133 1551 1191 inerit
1566 1135 1694 1193 discretio
1710 1136 1793 1207 Patri,

338 1224 361 1276 l
376 1229 454 1295 patre
466 1228 529 1292 post
542 1220 657 1291 obitum,
669 1219 735 1294 quid
750 1221 848 1289 lueret,
863 1220 971 1277 didicit.
1188 1219 1264 1276 Unus
1278 1220 1315 1277 de
1327 1220 1420 1277 multis
1435 1220 1525 1295 Guiqo
1539 1238 1632 1279 comes
1647 1223 1783 1297 perhibet.

304 1310 470 1381 spumosum
485 1309 576 1379 labiis,
590 1309 627 1366 ob
640 1310 726 1367 rerba
738 1310 876 1367 morantis
889 1307 987 1377 risum,
1154 1307 1209 1363 llic
1222 1310 1385 1367 monachum
1400 1307 1457 1365 fieri
1470 1311 1566 1381 jurans
1580 1326 1610 1367 se
1624 1328 1704 1383 posse
1718 1313 1847 1385 negabat,

339 1398 375 1454 Se
391 1398 450 1454 inre
463 1398 630 1455 cudendum
644 1397 767 1467 cuilibet,
778 1397 902 1455 edidicit.
1189 1395 1225 1453 Nl
1239 1396 1319 1455 liceat
1335 1404 1438 1455 vestem
1454 1398 1523 1455 ieme
1538 1400 1611 1455 velut
1625 1400 1744 1457 comitia.

302 1484 448 1555 Quirinal
463 1485 585 1555 arnhilt,
600 1487 709 1543 cuidam
723 1486 759 1543 ds
773 1494 852 1543 nocte
861 1485 990 1559 Signino,
1155 1484 1273 1541 Praebuit
1286 1501 1427 1543 assensum
1440 1495 1556 1555 sauctus,
1573 1489 1754 1559 comitemque
1769 1488 1900 1547 lucratur.

338 1574 477 1647 Spumeus
489 1582 611 1646 apparet,
626 1574 698 1630 dicta
712 1574 804 1632 Patris
816 1588 985 1631 memorans.
1191 1573 1241 1629 lile
1254 1573 1332 1631 brevi
1344 1575 1432 1647 spatio
1447 1575 1486 1633 sic
1500 1578 1648 1633 monachus
1662 1577 1785 1645 moritur,

300 1663 340 1720 lt
353 1663 414 1736 pius
427 1672 455 1721 et
466 1664 574 1736 sapiens
586 1664 762 1736 medicusque
775 1678 861 1737 sagax
874 1663 1040 1732 animarum,
1156 1661 1246 1734 thue
1259 1662 1316 1718 riro
1330 1666 1425 1719 sancto
1440 1664 1571 1735 perfectio
1585 1664 1658 1721 nulle
1673 1665 1794 1723 deesset.

336 1751 483 1820 Fratribus,
498 1758 528 1807 nt
541 1751 649 1821 sileant,
662 1752 790 1823 imperat,
805 1751 1016 1808 hebdomadam.
1191 1751 1253 1821 lpse
1266 1760 1452 1823 peremptores
1467 1751 1552 1809 fertur
1565 1768 1669 1811 amasse
1678 1754 1776 1825 patris,

305 1840 445 1897 Fratribus
458 1843 511 1898 buc
524 1848 630 1911 septem
645 1840 760 1906 stetuit;
774 1839 823 1897 sed
836 1840 954 1912 negligit
968 1854 1051 1909 unus,
1156 1840 1241 1895 llorte
1255 1840 1404 1897 cruentatis
1418 1840 1539 1897 iraterua
1554 1841 1642 1897 factus
1656 1844 1772 1915 asylum,

341 1927 423 1998 Quod
436 1928 533 1999 reliqui
547 1935 667 1999 serrant,
682 1944 736 1985 nec
749 1937 840 1986 umen
850 1930 904 1985 llos
918 1927 1009 1984 lstuit.
1193 1927 1282 1985 Credo
1296 1928 1407 1985 neubon
1421 1928 1492 1985 iacto
1507 1944 1574 2003 rege
1588 1930 1675 1987 David
1687 1931 1776 1986 minor
1793 1936 1845 1987 est.

298 2018 408 2073 Rursus
422 2017 496 2073 enim
509 2018 608 2088 presul
623 2018 734 2073 fratrem
748 2015 877 2089 repetivit
891 2016 1030 2085 eumdem,
1157 2015 1198 2072 De
1212 2015 1297 2071 Putris
1311 2017 1369 2073 brec
1383 2016 1496 2086 meritis,
1513 2018 1572 2074 haec
1586 2018 1620 2075 de
1634 2018 1777 2077 virtutibus
1791 2019 1859 2089 ejus,

334 2106 371 2161 tlt
384 2113 557 2178 transgressa
571 2106 656 2161 Patris
665 2106 728 2175 jura
742 2112 843 2161 statuta
856 2104 950 2162 refert.
1114 2135 1143 2197 B
1192 2103 1273 2160 Edita
1286 2102 1425 2161 sufficiant
1440 2124 1448 2175 ς
1462 2120 1534 2162 nuuc
1543 2106 1648 2163 obitum
1661 2107 1790 2165 referam.

298 2194 336 2251 Se
350 2194 416 2250 satis
429 2194 558 2266 adjutum
574 2190 647 2265 'quod
661 2210 711 2250 aex
725 2202 836 2250 tacuere
848 2192 953 2261 fideles,
1157 2192 1225 2249 Cum
1240 2192 1445 2251 celebrarentur
1458 2194 1594 2251 Paschalis
1609 2195 1681 2251 feste
1696 2194 1837 2267 triumphi,

336 2283 391 2339 Sed
404 2283 478 2354 quud
492 2282 582 2338 sdiluc
593 2288 688 2351 restet,
703 2281 836 2354 septimus
848 2280 984 2352 impediit.
1189 2280 1302 2353 Exque
1317 2281 1402 2353 Virgo
1416 2283 1502 2338 Deum
1517 2298 1599 2339 carne
1613 2291 1701 2339 satum
1715 2284 1832 2357 peperit,

299 2371 350 2428 llis
363 2371 443 2427 Pater
455 2371 585 2444 sreeptia,
600 2370 777 2444 solidetque
791 2370 879 2427 iructs
892 2369 1013 2438 dierunt,
1154 2368 1275 2426 Millenis
1289 2369 1366 2426 annis
1380 2377 1542 2441 centumque
1555 2386 1707 2443 novemque
1716 2372 1843 2445 peractis,

338 2462 390 2517 l'er
403 2458 517 2515 totidem
533 2459 634 2516 iratres
646 2464 731 2531 atque
743 2474 793 2531 per
804 2459 1017 2516 bebdomedsm.
1192 2457 1266 2513 Felix
1282 2457 1328 2513 ille
1342 2473 1426 2514 senex
1438 2458 1541 2515 transiit
1555 2459 1590 2516 ad
1603 2459 1738 2531 requiem.

299 2550 377 2606 'lune
390 2548 462 2605 redit
473 2548 597 2617 antistes,
612 2563 664 2605 nen
675 2551 732 2618 jnm
747 2547 888 2616 deformis,
903 2555 934 2603 ut
947 2554 1020 2615 ante,
1157 2545 1240 2615 Cujus
1255 2545 1289 2601 ad
1304 2546 1451 2618 exsequias
1465 2546 1506 2603 vir
1520 2547 1630 2619 quidam
1645 2547 1798 2621 religiosus,

337 2636 393 2694 Sed
406 2636 498 2708 speeie
512 2636 632 2693 retinens
645 2644 726 2708 etque
740 2636 857 2693 dscnrus
869 2643 947 2691 erat:
1188 2635 1280 2691 Mente
1297 2634 1406 2707 quidem
1421 2636 1532 2707 rapitur,
1547 2635 1595 2692 sed
1610 2636 1703 2707 procul
1718 2637 1778 2709 ipse
1792 2652 1913 2706 manens,

306 2726 349 2783 Ne
361 2727 513 2783 monachus
525 2726 615 2795 lieres,
630 2740 648 2781 o
662 2725 773 2792 clerice,
788 2739 901 2782 curere
915 2732 987 2781 busa
1002 2724 1009 2778 l
1154 2722 1241 2779 Trans
1255 2736 1343 2793 mare,
1356 2724 1560 2781 Northmauuos
1574 2724 1647 2795 quod
1672 2724 1769 2782 dividit
1797 2734 1879 2801 utque
1903 2725 1961 2782 Bri·

338 2816 386 2885 Te,
401 2815 491 2883 Pater,
506 2814 633 2887 angelico
647 2814 744 2870 liberat
756 2812 866 2869 auriliu.
1827 2812 1835 2887 [
1849 2822 1959 2886 munus,

303 2903 390 2973 Quem
406 2918 504 2974 parere
518 2904 590 2960 Patri
604 2902 690 2959 cruris
703 2900 784 2958 dolor
795 2900 976 2973 impediebat,
1192 2900 1251 2956 lloc
1265 2898 1370 2971 positus
1383 2900 1461 2969 vidit,
1477 2899 1551 2973 quud
1565 2901 1708 2958 cluniacus
1721 2902 1793 2975 egil.

338 2992 425 3064 ipsius
439 2992 587 3049 adnomen
600 2991 720 3063 propulit
733 2992 795 3063 ipss
808 2991 921 3047 malum.
1156 2988 1255 3046 Luctus
1269 2989 1370 3061 ubique
1383 2996 1474 3059 sonui,
1488 3006 1627 3063 nusquam
1641 2989 1691 3045 nisi
1706 2990 1828 3061 planctus
1844 2990 1958 3048 liabetur

301 3082 406 3138 llensre
420 3081 541 3154 reliqniis
553 3082 654 3137 multos
664 3094 778 3136 curasse
791 3080 916 3149 refertur,
1191 3078 1236 3133 Nil
1248 3077 1308 3135 aine
1321 3078 1442 3151 singultu
1456 3078 1576 3135 sumitur
1590 3086 1637 3135 sut
1650 3079 1765 3151 gemitu.

337 3171 391 3226 lies
401 3186 433 3226 ea
448 3186 531 3241 quam
546 3170 639 3244 tetegit
653 3184 728 3240 saepe
741 3168 849 3226 medela
863 3169 923 3226 init.
1157 3165 1278 3223 dduotal
1290 3182 1357 3238 ergo
1372 3166 1454 3237 diem,
1469 3181 1523 3237 quo
1534 3174 1642 3223 saucius
1658 3166 1749 3223 obisse
1764 3174 1883 3238 putatur,

300 3260 356 3325 Tu,
369 3260 486 3317 contrite
497 3275 577 3330 puer,
592 3258 638 3329 qui
652 3257 702 3313 sill
715 3259 819 3329 spirare
832 3256 955 3327 valebas,
1195 3254 1327 3324 lluucquc
1340 3253 1416 3311 brevi
1432 3255 1518 3325 spatio
1533 3252 1694 3327 comprobet
1708 3272 1768 3311 esse
1783 3256 1866 3324 diem,

340 3349 380 3404 Tu
394 3346 522 3420 precibus
537 3348 624 3404 Patris
637 3346 727 3404 iectus
740 3363 772 3405 es
786 3346 944 3406 incolumis.
1157 3342 1236 3400 Unde
1250 3342 1364 3415 grabata
1375 3342 1440 3412 duo,
1455 3358 1515 3415 quse
1529 3343 1703 3415 portabantur
1717 3342 1752 3398 ad
1766 3352 1849 3415 astra,

301 3438 393 3507 Quem
407 3436 530 3510 requiem
544 3436 648 3493 nullam
662 3435 741 3509 pedis
755 3437 839 3493 ardor
862 3437 962 3494 babere
986 3436 1102 3508 sinebat,
1199 3431 1238 3486 Ul
1250 3431 1341 3488 senior
1364 3431 1477 3502 quidam
1491 3431 1550 3487 risa
1564 3431 1659 3499 refert,
1675 3447 1835 3488 memorem.

339 3524 401 3595 Qus
416 3527 499 3582 Pater
512 3528 554 3582 est
567 3526 638 3582 lutus
650 3524 790 3582 convaluit
803 3541 854 3597 per
867 3539 979 3596 aquam.
1160 3519 1286 3576 Presulis
1299 3518 1432 3587 anselmi,
1447 3533 1501 3591 quo
1515 3518 1633 3590 praesule
1647 3519 1742 3574 Cantie
1756 3519 1868 3592 gaudet,

300 3615 391 3684 Quam
405 3614 502 3671 frustra
516 3621 619 3682 saneto,
634 3613 714 3670 miles
726 3613 853 3681 berarde,
868 3613 996 3669 minaris!
1196 3607 1263 3662 llsss
1277 3605 1428 3674 ferebatur,
1443 3608 1490 3676 qni
1504 3607 1581 3676 prior
1594 3613 1633 3661 est
1651 3605 1775 3668 locutus;

336 3703 415 3773 Orat,
427 3711 454 3760 et
467 3703 580 3772 insanis,
594 3703 660 3758 dnm
673 3703 782 3761 reniam
797 3700 899 3757 tribuit.
1022 3765 1026 3772 ,
1158 3693 1266 3767 Quippe
1278 3693 1413 3750 sccundus
1427 3701 1495 3764 erat,
1510 3693 1597 3750 sancti
1611 3693 1694 3749 Patris
1707 3708 1765 3750 esse
1780 3692 1883 3749 iuturus

300 3793 374 3864 Quid
389 3792 450 3863 tibi,
466 3793 627 3860 Briderium‚
643 3791 707 3864 quid
719 3790 822 3863 proluit
833 3788 881 3845 illa
895 3787 1023 3862 rapiuei
1194 3780 1394 3850 insinuabatur,
1411 3789 1473 3852 post
1486 3789 1576 3837 tamen
1591 3789 1653 3838 octo
1667 3781 1740 3838 dies.

337 3882 399 3952 Qus
411 3881 516 3939 meritis
525 3881 611 3938 sancti
624 3881 732 3938 coelitus
745 3879 809 3952 igne
817 3879 900 3951 peris.
1157 3870 1225 3928 Vise
1238 3869 1306 3928 fides
1320 3871 1453 3942 sequitur,
1468 3884 1532 3926 nam
1546 3877 1688 3943 postquem
1703 3869 1803 3941 praesul
1817 3869 1912 3939 obivit,

300 3973 382 4029 ltunc
395 3972 423 4028 in
433 3971 548 4029 consilio
559 3977 675 4044 quantus
689 3969 741 4026 luit
752 3969 803 4026 iste
816 3968 922 4036 belus,
1193 3959 1295 4018 ocuro
1310 3966 1434 4016 sancum
1448 3967 1553 4016 unser
1567 3957 1657 4016 obisse
1672 3957 1727 4016 die·

338 4060 489 4132 Expediam
502 4059 633 4128 breviter,
649 4073 766 4130 namque
780 4058 869 4129 placet
881 4055 1010 4112 brevitas.
1155 4047 1206 4105 llic
1218 4047 1343 4120 regimen
1355 4063 1462 4104 sermm
1477 4047 1566 4104 lustris
1580 4048 1665 4104 tenuit
1675 4047 1820 4118 duodenis,

301 4148 432 4207 Fulmina
446 4149 542 4208 crebra
557 4148 607 4204 ‹llu
621 4148 765 4205 clusenses
777 4145 976 4217 percutiebant,
1189 4136 1267 4194 Adde
1282 4137 1351 4194 uuus
1366 4151 1486 4206 menses,
1501 4136 1621 4209 insuper.
1643 4143 1706 4192 octo
1722 4137 1797 4210 oles,

337 4242 426 4311 Atque
439 4239 520 4296 Pater
532 4239 646 4294 sancius
656 4236 807 4294 consulitur
820 4249 903 4305 super
915 4233 968 4289 llis.
1154 4225 1230 4294 llaec,
1247 4225 1325 4282 l‘ater
1337 4225 1428 4296 llugo,
1443 4225 1482 4280 tui
1495 4225 1624 4282 lisinaldi
1639 4225 1711 4283 dicta
1725 4225 1843 4297 nepotis,

301 4328 352 4398 Te,
366 4328 439 4384 bone
454 4327 587 4396 laurenti,
603 4334 640 4396 te,
654 4332 770 4398 propter
782 4323 896 4380 cesaris
909 4322 989 4396 ignes
1194 4313 1318 4386 suscipe,
1334 4327 1440 4384 quaeso,
1456 4312 1511 4386 pie,
1526 4329 1624 4386 meque
1640 4322 1725 4384 tuere,
1743 4314 1833 4372 Peter.

338 4417 414 4487 Quos
427 4416 499 4475 bene
510 4415 609 4486 vicisti,
625 4421 661 4486 te,
675 4414 754 4486 jubet
767 4414 813 4471 llic
826 4411 922 4470 recoli.

892 4788 1167 4895 bullullll
1193 4786 1363 4898 vllAE

297 4987 351 5058 Ab
368 4981 513 5058 Ezcloue
525 4987 624 5070 atque
637 4979 757 5052 Gilous
770 4981 947 5050 monacbis
962 4978 1242 5048 cluniacensibus
1257 4977 1413 5062 proxime
1428 4975 1470 5044 eb
1485 4971 1577 5045 obito
1589 4971 1694 5045 saneti
1721 4971 1864 5065 scriptae,
1893 4989 1954 5064 per

920 5075 1135 5144 anonymum
1156 5061 1327 5142 excerpts.

538 5204 647 5264 lirosa
662 5193 816 5259 bodecensi
824 5197 857 5256 la
870 5186 986 5254 dioecm
999 5193 1226 5254 Pudet-torreret
1241 5195 1325 5254 eruto
1339 5185 1478 5251 sicurae
1494 5191 1595 5250 damur
1607 5189 1643 5249 S.
1663 5193 1702 5264 1.)

1020 5366 1181 5384 nnn—n·-

336 5532 363 5589 t,
377 5527 474 5588 Beatus
486 5527 568 5604 anu
593 5523 680 5583 abbas
707 5518 901 5592 menacensis,
916 5516 1094 5594 augustodu·
1107 5497 1138 5565 D
1152 5514 1296 5575 missarum
1309 5509 1442 5575 solemnis
1456 5510 1583 5574 attentius
1596 5525 1747 5593 peroraret,
1777 5527 1803 5580 el
1830 5515 1859 5580 in
1885 5533 1954 5584 cod·

297 5621 394 5678 nensis
407 5617 538 5694 iudiqeua
552 5615 612 5685 luit,
627 5611 713 5670 uobdi
726 5627 838 5686 genere,
858 5617 938 5682 patre
965 5607 1102 5666 Dalmatio
1152 5605 1328 5680 temptatione
1343 5619 1504 5677 suspensus,
1519 5621 1602 5679 super
1615 5609 1794 5680 semetipsum
1824 5613 1953 5670 sustolle-

295 5707 446 5778 cumulari,
460 5706 522 5766 viro
536 5702 641 5762 bellicis
654 5701 737 5758 rebus
759 5701 872 5758 intento.
901 5697 988 5770 llujus
1014 5703 1101 5754 meter
1153 5701 1236 5766 retur,
1252 5693 1354 5754 vidisse
1368 5694 1397 5749 in
1412 5691 1497 5751 calice
1511 5694 1608 5767 fertur,
1624 5695 1667 5753 cui
1681 5698 1818 5754 ardentius
1843 5700 1954 5757 incum-

295 5799 424 5874 Μὰ,
438 5809 503 5855 ,um
516 5793 544 5849 qn
557 5799 637 5865 pum
650 5788 931 5864 meletianorum,
955 5785 1102 5858 quemdam
1153 5784 1248 5853 beust.
1263 5781 1386 5854 speciem
1399 5781 1562 5855 infantilem,
1578 5799 1661 5856 super
1674 5783 1823 5842 humanum
1842 5788 1953 5846 modum

295 5887 471 5945 „motem
483 5882 653 5958 religiosum,
670 5893 720 5952 pro
734 5879 778 5936 sui
790 5875 952 5934 libentione
965 5881 992 5932 et
1010 5874 1100 5932 nasei-
1150 5872 1312 5930 mdbnlem.
1327 5869 1418 5944 Dique
1431 5887 1543 5944 prorsus
1571 5871 1649 5944 risio,
1664 5880 1691 5930 et
1726 5889 1790 5932 rere
1823 5891 1952 5951 praesage

296 5972 603 6046 aequimembrem
629 5967 769 6028 celebrare
794 5965 928 6025 exoravit.
956 5964 1009 6037 Qui
1035 5964 1100 6022 dum
1152 5959 1246 6033 icturi,
1261 5959 1288 6018 in
1301 5959 1386 6020 calice
1399 5961 1758 6036 apparuitnoudunrustus,
1773 5963 1818 6038 qui
1833 5963 1868 6024 ab
1882 5965 1953 6026 adn-
