4750 6725
413 667 465 724 ers
918 641 1076 714 erodunt
1095 641 1375 713 cremabimus
1393 645 1551 710 uouscnr
2007 654 2073 711 svo

410 791 463 850 atie
492 791 647 850 tendentem
674 787 793 844 scribere
822 784 899 858 piget
926 800 934 848 3
959 790 1094 855 postque
1123 778 1214 836 omnia
1228 779 1256 841 Α
1270 777 1404 853 regimine
1430 777 1543 847 sciebat,
1568 787 1605 848 et,
1635 779 1659 834 si
1688 787 1850 848 remaneret,
1878 778 2073 837 detrimentum

411 881 515 940 electus
529 881 596 954 ipse,
606 877 776 935 considerato
804 873 898 930 ordine
913 887 968 943 quo
995 887 1056 942 quae
1069 885 1154 941 penes
1182 883 1214 924 se
1268 868 1366 924 anime
1380 883 1436 923 sue
1449 875 1475 923 et
1488 867 1603 924 aliorum
1618 867 1760 925 imminere
1780 867 1898 925 ridebat.
1926 867 2073 926 Communi

411 978 471 1027 ecta
486 970 601 1036 fuerunt,
617 965 742 1022 videlicet
769 962 884 1033 qualiter
911 959 1041 1015 annulum
1069 957 1103 1013 de
1129 972 1213 1012 manu
1268 956 1377 1012 tandem
1404 957 1520 1013 consilio
1549 957 1623 1014 nolui
1646 974 1708 1014 eum
1736 957 1764 1014 vi
1790 956 1918 1026 retinere,
1947 957 2074 1030 petitioni

411 1059 497 1132 regis,
512 1054 647 1125 acceperit
659 1053 775 1124 qualiter
789 1051 946 1122 episcopatu
966 1047 1108 1103 investitus
1123 1046 1212 1114 fuerit,
1267 1059 1333 1114 sure,
1361 1046 1486 1117 quumvis
1513 1047 1624 1113 invitus,
1666 1045 1798 1119 acquievi,
1829 1054 1857 1101 et
1883 1045 2073 1118 episcopatum

410 1145 525 1221 qualiter
553 1142 681 1199 baculum
710 1139 826 1212 desuper
840 1138 925 1194 altare
953 1137 1055 1204 tulerit,
1073 1135 1107 1190 ita
1138 1133 1212 1189 brevi
1266 1133 1394 1202 reddidit,
1410 1143 1437 1190 et
1450 1133 1542 1190 foedus
1552 1135 1677 1192 amicitie
1692 1135 1763 1191 inter
1776 1151 1819 1190 me
1834 1139 1862 1190 et
1874 1134 1963 1206 ipsum
1977 1135 2074 1192 osculo

413 1233 579 1306 respondit:
595 1230 730 1286 llnnulum
757 1228 880 1301 quidem,
895 1241 974 1298 quem
990 1225 1024 1279 de
1039 1240 1121 1280 menu
1143 1223 1215 1279 illius
1266 1221 1449 1279 confirmavit,
1471 1224 1506 1278 Et
1533 1225 1591 1280 brec
1612 1232 1652 1279 est
1678 1224 1719 1280 rei
1745 1223 1945 1296 veritasqusm
1972 1222 2073 1280 litteris

408 1322 530 1394 suscepi,
546 1320 634 1376 libens
646 1317 772 1389 reddam,
788 1332 820 1372 en
844 1331 873 1371 re
898 1313 972 1386 quod
982 1311 1048 1368 nibil
1061 1311 1212 1384 potestatis,
1266 1311 1348 1367 vobis
1363 1310 1503 1367 declarare
1516 1311 1599 1381 volui,
1614 1323 1649 1368 ne·
1661 1311 1684 1367 si
1699 1311 1774 1368 aliud
1796 1311 1832 1368 ad
1856 1327 1936 1368 aures
1964 1320 2072 1369 vestras

408 1427 469 1484 quer
496 1426 530 1466 eo
559 1405 736 1481 significetur,
767 1405 794 1460 in
821 1404 868 1460 illo
884 1401 989 1474 accepi,
1009 1400 1079 1457 laico
1108 1400 1214 1456 scilicet
1265 1401 1420 1470 perveniret
1433 1400 1591 1457 crederetis.
1613 1400 1819 1472 Sciatdeuique
1841 1400 1951 1456 bonitas
1976 1408 2072 1457 vestra

406 1499 497 1568 dante,
513 1499 556 1556 cui
572 1498 624 1553 tale
655 1495 720 1570 quid
744 1495 812 1550 nibil
829 1493 937 1548 attinet.
969 1489 1096 1546 Baculum
1111 1497 1211 1557 eutem,
1267 1488 1430 1560 quodvobis
1444 1489 1563 1561 penitus,
1579 1497 1608 1544 ut
1622 1489 1728 1546 amicus
1741 1487 1838 1557 fidelis,
1853 1487 1990 1545 obnoxius
2006 1504 2070 1546 esse

409 1605 490 1662 quem
515 1602 598 1658 super
627 1583 720 1653 altere,
749 1580 928 1655 presentibus
947 1579 1052 1635 duobus
1066 1577 1211 1650 episcopis,
1266 1577 1357 1649 cupio,
1387 1585 1414 1634 et
1437 1576 1553 1634 consilio
1570 1585 1670 1648 vestro,
1694 1585 1793 1634 vestrae
1818 1577 1899 1634 ebant
1927 1577 2019 1634 dilecti
2040 1578 2068 1633 ni

408 1675 524 1750 sumpsi,
551 1688 652 1746 ponam
664 1671 711 1727 ubi
725 1668 869 1742 assumpsi,
895 1675 922 1724 ct
947 1683 1009 1724 eum
1039 1664 1213 1739 dispositioni
1266 1664 1347 1721 subdi
1355 1665 1496 1723 desidero.
1516 1668 1550 1723 Ut
1565 1666 1676 1723 domino
1690 1667 1827 1724 &detero
1840 1667 1976 1723 bonorem
1989 1666 2070 1722 exbi-

409 1766 474 1820 Jesu
488 1762 587 1818 Christi
603 1759 810 1818 commendabo.
823 1757 986 1828 delinquere
1008 1764 1098 1812 autem
1127 1761 1213 1810 totum
1266 1754 1342 1823 beas,
1357 1753 1459 1811 obnixe
1472 1755 1591 1828 postulo.
1604 1757 1700 1813 Valde.
1715 1779 1726 1805 s

409 1853 606 1926 episcopatum,
637 1865 671 1906 ee
693 1844 932 1918 conditioneque
946 1845 987 1901 ris
1007 1843 1073 1899 mibi
1090 1842 1212 1912 infertur,
1301 1861 1399 1918 [prum
1422 1870 1512 1918 ,mem
1535 1863 1563 1918 in
1590 1862 1650 1919 mis
1677 1867 1752 1919 ,auto
1766 1862 1840 1917 pam
1853 1877 1900 1918 m
1914 1861 1975 1934 im
1989 1877 2067 1928 vm.

408 1940 562 2014 ⁸⁰qu¹0⁵⁰⁰r
591 1943 621 1994 ¹¹²
636 1953 699 1994 ‘¹¹¹⁰
713 1945 834 2008 'emim
853 1932 999 1990 Mfflssdsi
1010 1932 1084 2005 ‘⁰85⁸
1097 1947 1151 2030 ΠΨ
1166 1947 1212 1987 ¹⁰·
1265 1949 1411 2021 sophistica
1424 1949 1528 2008 falseve
1543 1952 1724 2021 manderent,
1733 1965 1788 2008 nou
1801 1949 1917 2022 effugiet
1944 1951 2069 2007 notitiam

409 2026 591 2097 clamen,nisi
619 2025 751 2099 pontifex,
781 2029 808 2080 et
829 2030 977 2079 conventus
1005 2019 1212 2077 Cautuenorum
1266 2037 1327 2108 eju,
1342 2037 1925 2111 qu,consili„commen,ae,deoep,iones
1940 2039 2068 2113 singulo·

409 2127 437 2176 et
460 2134 506 2174 ren
535 2115 685 2188 Anglomm
699 2112 773 2170 uliud
802 2112 867 2167 mibi
895 2109 1039 2182 superbis
1067 2109 1325 2196 consiliumBrum
1353 2143 1403 2184 ,uo
1432 2135 1552 2200 ,empore
1567 2129 1725 2198 denudum„
1741 2127 1974 2198 ,eddiwscuique
1989 2136 2071 2199 prou,

412 2205 547 2264 dederint.
564 2206 594 2260 lu
609 2203 661 2272 bis,
686 2203 791 2275 inpuce
815 2199 896 2257 divisi
916 2201 1028 2267 sunt,et
1042 2197 1209 2265 Eadmerus,
1265 2216 1393 2289 mem·
1422 2217 1537 2289 Scripsi,
1565 2225 1655 2274 ,amen
1679 2217 1713 2273 ,d
1737 2219 1797 2274 Μ
1824 2217 1907 2272 pm,
1935 2217 2071 2273 nadulfus

407 2293 580 2352 Cantuariam
604 2291 727 2360 veniens,
743 2289 777 2347 ab
805 2290 934 2362 episcopo
950 2294 977 2343 et
1005 2285 1133 2342 fratribus
1156 2285 1213 2341 suis
1267 2303 1517 2375 epistolamhm,

403 2384 473 2458 'leete
489 2388 629 2454 susceptus
645 2389 696 2437 est.
713 2377 966 2451 Diligebeturenim
983 2374 1171 2474 eburonibus,
1188 2383 1214 2430 et
1306 2421 1317 2449 ,
1334 2401 1493 2457 Alexandro
1508 2401 1605 2458 illustri
1629 2402 1688 2476 regi
1715 2403 1869 2473 scotorum,
1899 2403 1985 2460 snm
2013 2403 2071 2461 ffl-

412 2473 457 2544 qui
486 2472 520 2529 de
548 2468 760 2527 absentiaillius
790 2462 1213 2532 fuerantmoestrlicutr,1nprae-
1268 2489 1579 2558 dulsus'cwpuafjemjg
1593 2491 1725 2549 Ecclesiae
1739 2491 1872 2561 minister,
1896 2492 1939 2548 sic
1952 2506 2070 2562 refluere

414 2559 501 2619 sentia
542 2559 614 2615 illius
659 2557 723 2614 facti
766 2557 874 2656 fuerunt
901 2555 1081 2656 veliementer
1100 2550 1214 2652 exbilo-
1268 2579 1297 2634 in
1322 2594 1407 2654 regno
1432 2585 1540 2636 ,meno
1554 2588 1583 2637 u,
1595 2596 1658 2638 cum
1677 2580 1784 2638 christo
1813 2596 1928 2654 regum
1942 2581 2028 2653 possit
2042 2581 2072 2637 in

413 2649 477 2706 reti.
497 2647 573 2705 llisit
599 2655 689 2703 autern
704 2661 755 2703 rex
778 2662 806 2700 m
833 2649 1032 2701 accusationem
1052 2655 1216 2713 rpsrus,per
1268 2666 1349 2725 mlo·

413 2738 536 2795 nuntium
578 2751 655 2792 snum
695 2732 901 2807 archiepiscopo
935 2730 1079 2803 epistolam
1120 2743 1214 2798 mam,

410 2827 597 2885 continentem
604 2825 664 2881 bec
679 2838 685 2878 :

1306 2813 1319 2838 ι
1335 2789 1454 2862 Gratus,
1483 2804 1551 2862 quas
1572 2806 1732 2862 possumus,
1759 2792 1925 2850 venerabilis
1950 2794 2073 2866 domine,

1268 2879 1424 2937 sublimitati
1439 2888 1537 2936 ratres
1564 2880 1718 2951 referimus,
1746 2896 1796 2953 pro
1810 2882 1964 2940 dilectionis
1977 2891 2005 2940 et
2019 2885 2075 2941 bo-

449 2957 639 3028 ·Alfflssdfb
666 2957 718 3014 Dei
732 2955 831 3029 cmlii,
847 2971 898 3012 ‘0¹
917 2955 1071 3020 Swwfumt
1088 2947 1215 3025 Mum,
1268 2968 1344 3026 noris
1370 2983 1493 3035 munere,
1522 2968 1599 3041 quod
1624 2984 1692 3042 erga
1717 2970 1884 3042 parvitatem
1924 2980 2073 3041 nostram,

415 3047 619 3120 ⁸¹0hi⁸lli⁸⁰⁰ll⁰
647 3043 850 3114 Cisslufflefllb
878 3043 906 3098 5¹¹
935 3044 995 3115 ἰ950
1023 3039 1069 3113 qui
1091 3039 1148 3097 lim
1173 3040 1216 3094 ⁹⁸⁸
1269 3055 1407 3114 nunbisst
1420 3056 1515 3114 litteris
1523 3057 1711 3128 referentibus,
1726 3074 1776 3115 roa
1799 3059 1902 3116 babere
1929 3061 2075 3134 dignosci-

410 3149 519 3206 801090‘
532 3135 642 3192 Vivere·
1268 3161 1339 3201 mus.
1355 3146 1453 3218 inquo
1466 3159 1517 3203 nos
1529 3146 1720 3218 proculdubio
1734 3163 1785 3204 nos
1799 3163 1849 3220 pro
1862 3163 1944 3220 posse
1966 3165 2077 3222 semper

446 3242 617 3296 strumense
634 3237 750 3295 bonitati
777 3245 875 3294 veatrae
902 3235 1026 3308 petitioni
1053 3249 1123 3292 mere
1145 3246 1215 3290 con·
1270 3233 1383 3290 devotos
1418 3233 1565 3302 babebitis,
1592 3233 1659 3307 quid
1686 3235 1714 3290 in
1741 3236 1798 3294 vita
1824 3245 1928 3307 neura,
1954 3237 2076 3294 Domino

410 3327 595 3399 descendenti,
607 3342 752 3402 personum
768 3327 797 3383 in
811 3326 958 3400 presulatu
986 3323 1078 3383 Sancti
1100 3321 1216 3378 numere
1268 3321 1413 3395 lergiente,
1426 3322 1595 3381 furctmsum
1608 3322 1771 3393 inveniatur,
1794 3333 1912 3383 vestrum
1941 3341 2001 3384 esse
2030 3342 2076 3384 se·

407 3418 609 3476 sublimandam
639 3415 706 3472 mibi
734 3414 877 3485 mittendo,
904 3414 986 3471 ammi
1015 3413 1069 3471 mei
1092 3410 1214 3477 allectus,
1269 3425 1333 3468 cure
1346 3411 1450 3470 sciatis.
1464 3412 1573 3469 Gratias
1585 3413 1679 3482 etiam,
1694 3428 1727 3469 ea
1738 3413 1811 3471 bona
1830 3413 1968 3473 voluntate
1994 3415 2075 3473 robis

407 3505 584 3575 benevolens,
598 3512 625 3563 et
634 3512 664 3561 ut
675 3506 780 3577 justum
809 3512 859 3572 est,
888 3502 1035 3572 obnoxius,
1058 3502 1220 3557 innumera·
1233 3493 1259 3557 G
1272 3499 1454 3571 persolvimus
1465 3515 1516 3572 pro
1528 3501 1702 3573 susceptione
1725 3501 1876 3559 charissimi
1903 3502 1953 3560 filii
1977 3503 2077 3573 nostri,

408 3594 479 3653 biles
489 3593 595 3669 pretim
604 3592 702 3650 reddit.
714 3592 931 3663 Sedpersonain
940 3590 1101 3664 episcopatu
1117 3586 1216 3661 posits,
1269 3587 1399 3644 Eadmeri
1412 3587 1542 3647 videlicet
1554 3589 1634 3647 electi
1656 3590 1779 3664 episcopi
1796 3592 1891 3660 rastri,
1920 3608 2000 3665 quern
2028 3607 2076 3647 se-

408 3682 652 3743 ccnsuetudinibus
666 3688 745 3739 terrae
764 3680 939 3753 moribusque
953 3678 1103 3748 bominum,
1118 3680 1151 3733 nt
1171 3690 1217 3732 res
1268 3676 1389 3734 cundum
1412 3678 1570 3748 petitionem
1605 3686 1725 3738 vestram
1763 3680 1843 3736 robis
1884 3681 2076 3737 trsusmissum

409 3780 437 3830 et
450 3780 559 3845 tempus
573 3770 713 3844 exigebat,
733 3777 761 3826 et
793 3774 823 3825 ut
848 3770 951 3842 J'nstum
979 3778 1007 3826 et
1033 3765 1217 3824 necesarium
1268 3764 1417 3823 honorilice
1444 3766 1589 3825 tmetmtis.
1618 3765 1708 3836 Quem
1735 3782 1786 3825 nos
1812 3769 1895 3825 mam
1923 3767 1958 3826 ad
1986 3778 2078 3843 partes

410 3868 490 3930 esset,
507 3860 726 3918 condescendere
740 3857 837 3915 noluit.
853 3858 916 3929 lpse
929 3872 996 3914 vero
1018 3855 1123 3913 tandem
1150 3869 1217 3926 per-
1268 3854 1554 3924 nostrasredeuntem,
1569 3863 1648 3929 prout
1663 3856 1756 3914 decuit
1782 3864 1886 3913 tanum
1913 3872 2076 3929 personam,

411 3964 490 4018 sona,
505 3948 534 4003 in
548 3948 692 4021 praeseutia
707 3946 887 4017 quorumdam
903 3946 1095 4017 episcoporum
1117 3952 1144 4000 et
1170 3958 1216 3999 co-
1268 3941 1392 3999 ofliciose
1405 3944 1595 4018 suscipientes,
1610 3944 1640 4001 in
1654 3945 1788 4003 adventus
1814 3944 1903 4019 ipsius
1929 3962 1986 4003 uon
2013 3963 2076 4002 me-

410 4037 517 4103 mitum,
532 4036 735 4107 proborumque
751 4043 829 4091 terre
842 4034 1051 4103 mereriromm,
1068 4048 1112 4089 me
1125 4030 1216 4102 requi·
1269 4030 1397 4089 dicenter
1424 4032 1508 4089 laetati
1531 4049 1636 4093 sumus.
1676 4035 1798 4107 Cumque
1823 4035 1954 4091 secretius
1979 4043 2078 4106 postea

408 4121 471 4178 sivit
485 4128 513 4178 ut
532 4120 557 4177 ei
569 4120 706 4177 licentiam
720 4119 878 4190 recedendi,
902 4121 974 4177 etde
989 4119 1121 4176 fidelitate
1131 4133 1215 4191 quem
1266 4118 1401 4177 internos
1415 4136 1509 4179 sermo
1522 4129 1686 4188 veneretur,
1702 4122 1857 4183 audivimus
1871 4139 1934 4181 eum
1971 4123 2077 4195 alique·

410 4210 479 4267 mibi
504 4209 615 4277 feceret,
640 4208 796 4265 libertatern
823 4209 1011 4277 concederem,
1048 4223 1108 4264 cum
1136 4206 1216 4263 nullo
1266 4223 1383 4267 esensu
1396 4209 1545 4266 litterarum
1559 4218 1720 4281 vestrarum,
1754 4228 1822 4283 quas
1847 4211 1923 4284 prius
1949 4212 2074 4281 sudiem,

409 4298 492 4357 modo
505 4312 646 4355 remanere
659 4298 752 4365 vellet,
764 4296 814 4353 nisi
830 4312 891 4354 euvn
906 4297 935 4353 in
963 4298 1089 4369 captione
1104 4297 1214 4353 detine·
1266 4312 1340 4375 mus,
1356 4298 1465 4354 diversa
1476 4300 1589 4369 sentire,
1604 4315 1655 4356 nec
1669 4299 1797 4357 omnibus
1810 4308 1889 4357 antea
1908 4300 2018 4371 auditis,
2040 4318 2075 4358 ex

409 4403 478 4447 rem.
497 4387 701 4457 Hecaudicns,
717 4394 744 4443 et
765 4386 809 4442 bis
836 4387 928 4445 verbis
942 4386 1070 4459 respondi
1098 4385 1181 4458 quod,
1192 4387 1216 4443 si
1266 4392 1324 4442 toto
1337 4402 1476 4443 assensum
1498 4388 1631 4459 prebere.
1661 4390 1740 4447 Nunc
1767 4389 1858 4460 itsque
1885 4390 2015 4462 quonism
2045 4391 2076 4445 in

409 4475 515 4548 aliquas
529 4477 611 4534 dictis
625 4476 670 4532 val
686 4474 765 4533 lactis
775 4474 902 4546 injurias,
932 4476 957 4531 ei
972 4490 989 4530 a
1004 4491 1047 4533 me
1060 4475 1160 4544 illatas,
1189 4481 1217 4530 et
1267 4474 1376 4545 scriptis
1390 4476 1489 4531 vestris
1496 4475 1572 4532 aliud
1585 4475 1714 4549 legimus,
1728 4485 1755 4533 et
1772 4477 1848 4534 aliud
1867 4478 1902 4533 ab
1917 4478 1980 4549 ipso
1990 4477 2075 4535 fratre

411 4566 484 4638 quod
509 4566 538 4621 in
564 4564 706 4636 aliquibus
734 4581 794 4635 quse
822 4564 847 4619 ei
867 4564 958 4621 facere
986 4564 1143 4621 debuissem
1171 4579 1216 4619 me
1267 4563 1449 4636 percepimus,
1464 4564 1580 4621 coneilio
1602 4566 1683 4621 nobis
1710 4574 1802 4622 estut
1829 4567 1958 4623 eumdem
1987 4565 2073 4622 filium

407 4653 542 4712 defecisse
571 4654 844 4725 demonstraret‚pro
863 4652 914 4709 Dei
937 4667 1029 4709 umore
1044 4661 1070 4708 et
1084 4667 1145 4709 meo
1160 4652 1214 4707 bo·
1266 4661 1388 4709 nosuum
1401 4653 1474 4723 apud
1489 4668 1540 4709 uos
1570 4654 1745 4724 retineamus,
1775 4670 1928 4727 quousque,
1955 4656 2074 4713 Domino

407 4759 474 4802 nore
487 4742 666 4800 libentissime
681 4749 781 4814 presto
794 4756 885 4797 essem
911 4742 1065 4797 emendare.
1081 4740 1126 4796 lld
1141 4740 1213 4811 brec,
1267 4740 1393 4809 ducente,
1422 4741 1450 4795 in
1478 4740 1610 4815 Angliem
1639 4742 1763 4813 veniatis,
1792 4744 1846 4799 nisi
1878 4743 1949 4800 forte
1971 4743 2075 4817 aliquid

406 4833 434 4890 in
448 4831 730 4907 presentiaomuium
760 4830 916 4896 astantium,
938 4830 1005 4886 dixit
1019 4830 1092 4902 quod
1124 4830 1212 4885 nullas
1226 4849 1253 4910 Ι)
1267 4828 1343 4884 aliud
1357 4829 1432 4900 quod
1445 4829 1526 4885 uobis
1538 4830 1692 4887 faciendum
1707 4830 1745 4887 sit
1772 4832 2072 4890 anteameudaveritis.

407 4922 487 4979 dictis
501 4929 546 4978 aut
560 4920 640 4977 fectis
655 4919 680 4976 ei
697 4920 810 4991 injurias
824 4918 984 4989 injecersm,
1014 4932 1066 4975 nec
1091 4934 1211 4990 unquam
1266 4917 1333 4973 Cum
1348 4925 1450 4986 autem,
1467 4917 1525 4973 beo
1553 4918 1682 4987 donante,
1697 4919 1777 4977 vobis
1792 4919 2001 4991 presentialiter
2026 4921 2074 4976 lo·

405 5010 435 5065 in
450 5010 542 5081 alique
555 5026 584 5065 re
610 5023 690 5081 quam
703 5008 728 5064 ei
758 5007 848 5063 lacere
875 5006 1029 5063 debuissem
1045 5006 1211 5064 defeceram.
1267 5005 1313 5079 qui
1329 5012 1463 5062 etrerum
1476 5021 1577 5063 cuusas
1591 5007 1656 5063 binc
1670 5007 1733 5063 inde
1748 5008 1842 5064 audire
1854 5009 2016 5081 poterimus,
2045 5011 2071 5065 si

403 5098 536 5154 Pretereo
551 5104 671 5170 egomet,
687 5104 713 5153 et
735 5095 858 5167 episcopi
886 5103 913 5152 et
943 5095 1077 5164 consules,
1108 5095 1213 5167 aliique
1266 5095 1324 5152 vita
1337 5102 1365 5151 et
1393 5094 1607 5167 doctriuabujus
1633 5096 1717 5153 amici
1732 5097 1832 5153 uostris
1848 5098 1927 5154 vobis
1941 5098 2073 5171 etpstrim

405 5192 485 5243 terre
499 5201 567 5241 mee
577 5184 656 5256 probi
669 5186 803 5251 homines,
819 5185 858 5241 ibi
888 5192 1026 5253 ,asuntes
1054 5184 1213 5241 reverentie
1266 5190 1365 5239 vestre
1391 5183 1466 5239 utilis
1490 5199 1550 5241 esse
1577 5183 1693 5254 ridetur,
1706 5183 1828 5256 injuncta
1842 5185 1896 5242 sibi
1917 5186 2076 5245 obedientia

407 5272 590 5331 obedientiam
605 5272 633 5327 in
650 5273 854 5346 quibuscunque
879 5273 984 5343 justum
1004 5280 1085 5343 esset,
1111 5289 1214 5346 magna
1266 5270 1303 5327 ad
1310 5271 1451 5329 electionis
1464 5286 1524 5327 suae
1536 5271 1665 5338 locum,si
1675 5290 1736 5329 eum
1745 5275 1883 5346 suscipere
1891 5274 2076 5343 vultis,redirs

407 5360 491 5420 animi
505 5361 673 5435 benignitate
687 5360 835 5418 obtulimus
845 5370 872 5417 et
886 5378 935 5434 pro
949 5364 1062 5435 penuria
1090 5360 1213 5419 honeste
1266 5360 1376 5432 poterit.
1405 5360 1435 5417 Si
1449 5375 1515 5417 vero
1541 5361 1569 5415 in
1593 5371 1741 5433 conspectu
1755 5370 1845 5419 restro
1859 5362 1934 5419 aliud
1944 5364 2075 5435 placitum

408 5448 584 5509 exhibitionis
598 5449 757 5506 reverentie
771 5464 825 5506 non
853 5464 913 5507 esse
936 5466 1051 5507 neeesse
1066 5450 1091 5507 ei
1106 5466 1213 5522 praesu·
1267 5446 1356 5517 fuedt,
1385 5463 1438 5503 uos
1451 5463 1524 5518 eum,
1551 5455 1580 5505 ut
1602 5449 1690 5505 virum
1704 5451 1732 5505 in
1746 5450 1807 5523 lege
1822 5450 1931 5506 Domini
1945 5452 2075 5525 multipli-

407 5540 491 5597 latum
502 5537 666 5610 relinquere,
683 5552 744 5594 eum
763 5538 1215 5611 msquaadmonitiouerstulimus
1268 5535 1335 5592 citer
1348 5536 1508 5593 instructum
1523 5544 1551 5593 et
1577 5538 1651 5593 omni
1680 5538 1753 5595 bono
1780 5539 1857 5610 operi
1879 5548 1986 5613 aptum,
2011 5557 2075 5597 cum

406 5628 525 5688 utetiem
553 5633 715 5695 remaneret,
745 5626 833 5682 donec
861 5627 919 5700 regi
950 5629 1057 5701 anglie
1080 5636 1107 5686 et
1134 5628 1215 5686 vobis
1266 5638 1368 5697 magno
1381 5625 1483 5697 gaudio
1496 5625 1682 5697 retinebimus,
1698 5634 1725 5683 et
1742 5627 1783 5685 sic
1809 5644 1887 5699 spem
1916 5628 2019 5685 bonurn
2046 5629 2076 5685 in

403 5719 581 5787 nuntiessem,
609 5722 638 5773 ut
653 5715 796 5771 amborum
809 5714 922 5772 consilio
935 5714 986 5773 frui
1019 5732 1139 5790 possem,
1169 5718 1215 5774 ob
1268 5713 1461 5770 misericordie
1474 5714 1524 5770 Dei
1539 5713 1677 5782 babentes,
1693 5716 1754 5787 ejus
1768 5716 1885 5773 reditum
1901 5716 2074 5774 fructuosum

405 5806 653 5881 nueroguuimus.
668 5804 717 5860 His
744 5804 855 5874 auditis,
884 5804 951 5859 mibi
979 5806 1118 5878 respoudit
1140 5807 1214 5879 quud
1267 5802 1440 5858 babebimus.
1457 5801 1567 5861 Vale·

407 5895 578 5953 nullomodo
592 5901 754 5963 remaneret,
769 5892 821 5948 nisi
836 5908 898 5949 eum
912 5892 941 5948 in
955 5895 1079 5966 captione
1104 5894 1214 5952 detine·
1303 5900 1401 5969 ltaque
1413 5900 1449 5955 de
1458 5899 1501 5955 bis
1513 5899 1562 5957 ita.

409 5998 534 6051 remrse
548 5984 622 6042 enim
635 5998 688 6042 nec
696 5981 804 6055 aulem,
815 5996 866 6039 nec
878 5981 1044 6039 idoneumin
1051 5982 1214 6055 presulatus
1302 5985 1360 6047 ssd
1373 5987 1439 6045 dum
1467 5986 1532 6045 tatis
1557 5986 1630 6048 eires
1657 5988 1822 6049 monachum
1849 5988 2076 6053 &munimem
