4750 6725
327 611 379 669 tus
876 569 1428 673 meromanovouuu.-mu.u.
1928 606 1980 668 tua

327 742 466 793 natusest.
483 736 621 794 Mandavit
631 735 1126 810 insuperepiscupollatisconensi(a)
1140 735 1168 800 Α
1182 739 1367 796 constabiliter
1380 747 1562 810 exsecrantur,
1590 747 1620 798 ut
1642 735 1794 795 nullatenus
1821 731 1883 792 illas
1909 734 1981 792 tolc-

326 833 354 880 ut
369 825 427 882 viro
441 827 547 884 decenti
562 827 666 884 honore
689 834 851 896 occurreret,
880 836 906 883 ει
929 825 1127 884 officiosissime
1179 830 1356 900 rarepossim
1370 846 1432 885 cum
1446 828 1647 886 saluteanimae
1662 846 1739 885 meae.
1756 830 1787 883 ln
1802 841 1855 901 quo
1882 823 1979 882 archi·

326 915 484 971 deserviret.
501 915 581 986 Quod
596 917 653 988 ipse
668 917 812 990 diligenter
825 919 970 972 exsecutus
997 924 1048 972 est.
1073 916 1128 972 Ubi
1180 918 1338 988 episcopatu
1346 919 1404 990 jam
1418 935 1468 989 per
1481 927 1596 990 quatuor
1622 933 1708 974 annos
1736 931 1848 972 manens
1875 913 1981 970 nullum

326 1020 392 1059 rcro
408 1005 568 1078 Lugdunum
584 1005 716 1070 uenimus,
740 1021 793 1076 qua
815 1005 989 1062 ueneratione
1012 1005 1046 1059 ab
1067 1005 1127 1076 ipso
1181 1005 1296 1061 fructum
1313 1005 1375 1075 leci,
1390 1007 1438 1062 sed
1453 1006 1481 1061 iu
1494 1007 1635 1062 immensis
1649 1013 1676 1062 et
1690 1004 1904 1061 exsecrabilibus
1931 1002 1982 1058 tri·

325 1093 827 1165 summopuntiliceetsuisomnibus
846 1094 965 1164 suscepti
988 1110 1081 1149 sumus
1102 1103 1127 1150 ct
1179 1093 1362 1150 bulationihus
1376 1095 1473 1151 animae
1487 1111 1556 1151 meae
1570 1095 1699 1150 inutiliter
1711 1093 1777 1162 rixi,
1806 1100 1834 1148 ut
1860 1091 1982 1164 quotidie

325 1197 454 1238 enarrare
468 1181 587 1253 didieilc,
603 1191 631 1238 et
645 1183 718 1238 dictu
733 1182 856 1238 fortassis
883 1188 924 1238 est
950 1181 1122 1239 incredibile.
1180 1183 1268 1255 magis
1300 1181 1451 1239 desiderem
1483 1184 1553 1240 mori
1584 1192 1660 1239 extra
1686 1182 1812 1255 angliam
1839 1195 1922 1252 quarn
1943 1177 1981 1234 ibi

325 1269 388 1339 Quo
412 1286 474 1327 curn
498 1271 711 1340 demoraremur,
736 1270 832 1327 didicit
854 1271 996 1327 tlnselmus
1023 1287 1057 1328 ex
1084 1271 1128 1326 his
1181 1272 1281 1327 uivere.
1310 1273 1380 1327 Nam
1404 1271 1427 1326 si
1450 1273 1488 1327 ita
1512 1272 1594 1327 uitam
1617 1279 1776 1343 praesentem
1800 1268 1878 1326 sicuti
1902 1283 1977 1323 eram

326 1375 388 1432 quar
408 1362 481 1416 lama
496 1360 611 1428 serebat,
626 1376 680 1416 non
696 1360 811 1415 multum
826 1375 882 1414 suae
895 1375 984 1415 causer
997 1359 1127 1430 prolutu-
1181 1360 1219 1414 ibi
1232 1359 1348 1431 linirent,
1363 1360 1428 1432 plus
1442 1360 1569 1417 ridebam
1584 1361 1682 1415 animae
1694 1376 1763 1415 mere
1777 1357 1980 1414 damnationem

325 1465 398 1518 rum,
417 1450 439 1504 si
458 1447 516 1520 ipse
535 1449 562 1505 in
595 1449 725 1505 ulteriora
756 1448 924 1520 procederet.
950 1448 1127 1506 Imbecillites
1180 1450 1401 1521 quamsnlutcm.
1418 1448 1551 1506 Videbam
1567 1450 1638 1504 enim
1665 1447 1836 1504 multamala
1859 1446 1979 1501 interra

327 1553 435 1608 quoqne
447 1537 487 1594 sui
503 1538 623 1610 corporis
641 1537 757 1592 residuae
785 1536 837 1592 viae
866 1536 987 1592 laborem
1014 1537 1127 1609 perhor-
1179 1535 1238 1607 illa,
1254 1554 1314 1608 qnae
1329 1553 1379 1594 nee
1394 1538 1511 1595 tolerare
1526 1537 1668 1609 debebam,
1680 1552 1730 1593 nee
1743 1533 1979 1608 episcopaliliber·

325 1626 413 1696 rebat,
429 1635 455 1682 et
469 1627 576 1683 insidiae
592 1643 652 1698 quae
667 1626 702 1681 ab
717 1623 853 1699 indigenis
861 1625 968 1680 illarum
982 1626 1126 1698 regionum
1181 1627 1237 1682 tate
1251 1626 1387 1700 corrigere
1400 1636 1533 1698 poteram.
1564 1628 1626 1699 lpse
1653 1643 1760 1699 quoque
1788 1642 1836 1681 rex
1864 1623 1981 1680 iaciebat

325 1731 358 1772 ca
387 1723 546 1786 tempestate
574 1713 788 1771 commeantibus
815 1720 841 1768 et
867 1714 987 1770 maxime
1005 1715 1127 1786 religiosi
1180 1715 1304 1787 quasdam
1320 1733 1380 1786 quae
1395 1716 1521 1772 iacienda
1535 1715 1764 1772 nonuidebantur
1777 1715 1813 1770 de
1839 1710 1980 1780 Ecclesiis,

324 1803 429 1860 ordinis
460 1805 526 1862 viris
550 1803 732 1868 struebantur,
758 1817 819 1858 eum
853 1801 974 1858 nonniltil
1008 1806 1127 1858 retarda-
1180 1820 1248 1874 quas
1261 1812 1323 1874 pust
1336 1805 1439 1860 obitum
1453 1805 1627 1876 praelatorum
1642 1805 1722 1862 aliter
1735 1820 1816 1875 quam
1831 1808 1979 1874 oporteret,

323 1893 401 1948 haut.
421 1895 515 1964 ltaque
530 1891 655 1967 Lugduni
669 1891 777 1960 resedit,
794 1891 897 1947 cunctis
910 1890 1128 1964 veldeecceptus
1180 1893 1323 1948 tractabat.
1352 1894 1396 1949 lle
1422 1893 1504 1950 etiam
1532 1902 1559 1950 et
1586 1893 1736 1950 Ecclesiam
1758 1891 1980 1947 cantuariensem

325 1990 353 2038 et
367 1982 547 2038 honorabilis.
1180 1980 1272 2037 multis
1287 1981 1375 2037 modis
1388 1983 1530 2052 meabat.
1545 1983 1642 2039 Terras
1669 1997 1787 2053 namque
1808 1979 1903 2051 ipsius,
1922 1977 1981 2034 Εε-

362 2071 495 2143 Scriptam
510 2072 610 2128 dehinc
636 2072 777 2144 epistolam
805 2091 887 2129 uuam
914 2073 987 2128 sedis
1011 2079 1125 2144 aposto·
1141 2087 1168 2146 Β
1182 2070 1282 2140 clasiae,
1298 2088 1365 2142 quas
1378 2080 1440 2144 post
1453 2075 1572 2128 mortem
1599 2070 1798 2144 archiepiscopi
1826 2066 1980 2136 Lanlranci,

324 2159 387 2216 licae
404 2161 516 2232 praesuli
531 2161 686 2231 destinarit,
703 2163 730 2217 in
746 2177 799 2234 qua
813 2161 876 2234 quid
892 2161 930 2217 illi
945 2162 980 2217 de
1008 2161 1126 2233 hisquae
1181 2176 1243 2216 cum
1258 2160 1286 2215 in
1301 2175 1383 2216 manu
1397 2175 1448 2216 sua
1475 2160 1738 2231 archiepiscopatum
1764 2165 1876 2227 teneret,
1904 2155 1980 2211 mili-

324 2249 483 2306 ucciderent
496 2251 672 2324 suggesserit,
688 2267 796 2323 quoque
811 2250 894 2306 animi
904 2251 948 2306 sui
963 2251 1128 2306 desiderium

323 2338 481 2405 intenderit,
511 2348 588 2396 tenor
615 2339 698 2412 ipsius
726 2339 848 2411 epistolae
875 2356 956 2413 quem
979 2338 1129 2395 subscribi-

326 2443 398 2496 mus,
416 2427 578 2502 designarit.

366 2540 377 2566 a
395 2517 514 2572 Domino
530 2525 556 2574 et
572 2517 641 2573 Patri
657 2534 719 2573 cum
734 2532 826 2573 amore
840 2517 999 2587 reserenda,
1027 2523 1054 2572 ct
1068 2533 1130 2571 cum

324 2605 479 2661 reverentia
494 2607 622 2676 amando,
639 2622 745 2663 summo
759 2605 883 2677 pontifici
899 2607 1019 2675 Urbano,
1047 2603 1131 2660 frater

325 2695 483 2764 Anselmus,
520 2711 614 2750 semus
650 2695 779 2752 Ecclesiae
816 2695 978 2764 Cantuariae,
1011 2694 1131 2750 debitam

327 2783 531 2854 subjectionem
545 2791 571 2840 ει
586 2783 738 2839 orationum
754 2783 939 2840 devotionem.

370 2895 381 2922 a
399 2872 542 2940 Nouimus,
559 2872 669 2928 domine
684 2873 844 2941 reserenda,
856 2880 882 2928 ct
891 2873 972 2928 Pater
981 2870 1132 2944 diligende,

326 2962 402 3034 quod
437 2962 571 3018 Dominus
600 2970 690 3019 noster
720 2963 797 3017 Jesns
828 2961 951 3018 Christus
977 2960 1134 3016 sublimarit

325 3051 499 3106 sanctitatem
514 3058 635 3106 vestram
650 3049 677 3105 in
700 3049 824 3106 Ecclesia
851 3065 900 3105 sua
927 3050 962 3106 ad
986 3049 1134 3106 consulen-

325 3138 395 3193 dum
410 3146 436 3194 ct
451 3139 667 3196 subueniendum
696 3137 738 3194 his
766 3137 810 3210 qui
839 3137 872 3194 ad
901 3154 1025 3209 supemae
1038 3137 1135 3209 patries

325 3225 454 3298 requiem
470 3227 638 3296 anhelantes,
654 3227 681 3282 in
697 3227 777 3298 trnjns
791 3227 883 3284 saeculi
906 3227 1002 3282 exsilio
1018 3226 1135 3283 divorsis

329 3316 483 3389 fatigantur
497 3315 727 3373 tribulationibus
743 3316 821 3373 liae
815 3316 897 3389 agitur
923 3331 972 3387 spe
1000 3323 1025 3373 et
1043 3315 1134 3373 consi-

1184 2248 1255 2304 tibus
1272 2249 1329 2304 suis
1347 2249 1471 2320 dederat,
1491 2249 1557 2304 milri
1584 2247 1652 2305 sicut
1671 2264 1718 2305 eas
1740 2248 1816 2303 idem
1842 2246 1981 2318 archiepi-

1184 2354 1284 2410 scopus
1311 2346 1445 2404 tannemt,
1473 2354 1528 2394 non
1554 2338 1703 2403 reddebat;
1719 2336 1768 2394 sed
1782 2337 1896 2407 insuper
1917 2334 1985 2392 elias

1184 2422 1337 2478 secundum
1363 2422 1469 2478 libitum
1497 2439 1585 2488 suum,
1602 2439 1646 2478 me
1673 2421 1789 2491 nolente,
1806 2420 1899 2476 dabat.
1915 2419 1981 2476 Ser-

1185 2511 1251 2567 vitia
1268 2512 1364 2585 gravia
1382 2522 1410 2568 et
1428 2512 1643 2568 antecessoribus
1667 2511 1737 2566 meis
1761 2510 1889 2566 inusitata
1911 2508 1985 2564 ultra

1185 2617 1266 2673 quam
1295 2602 1368 2657 serre
1386 2617 1496 2673 possem
1520 2608 1568 2657 aut
1589 2599 1647 2672 peti
1670 2601 1807 2671 deberem,
1831 2616 1848 2655 a
1868 2615 1913 2655 me
1935 2598 1989 2654 exi·

1185 2690 1277 2762 gebat.
1292 2691 1395 2763 Legem
1406 2697 1496 2745 autem
1510 2689 1572 2755 Dei,
1587 2698 1615 2745 et
1628 2687 1771 2745 canonicas
1785 2697 1812 2745 et
1825 2687 1990 2758 apostolicas

1186 2779 1358 2835 auctoritates
1385 2779 1545 2835 uoluntariis
1569 2777 1809 2836 consuetudinibus
1834 2777 1911 2834 obrui
1943 2777 1988 2833 vi·

1187 2867 1297 2923 (lebam.
1313 2869 1354 2924 lia
1367 2867 1411 2925 his
1425 2868 1553 2923 omnibus
1568 2884 1629 2923 curn
1644 2867 1786 2938 loquebar,
1803 2865 1870 2922 nihil
1885 2866 1988 2924 efficie-

1164 2977 1166 2982 ·
1188 2956 1261 3026 bam,
1275 2965 1302 3014 et
1315 2972 1370 3012 nun
1385 2964 1439 3026 tem
1453 2955 1570 3028 simplex
1584 2955 1717 3012 rectitudo
1732 2972 1814 3028 quam
1829 2954 1989 3013 voluntarie

1189 3044 1398 3102 consuetudines
1425 3043 1654 3100 obtendebantur.
1684 3044 1779 3101 Sciens
1806 3041 1891 3117 igitur
1916 3045 1989 3116 quod

1190 3135 1213 3190 si
1231 3136 1292 3190 haec
1310 3134 1349 3190 ita
1365 3149 1451 3207 usque
1469 3132 1498 3188 in
1516 3132 1597 3190 linem
1615 3133 1774 3201 tolerarem,
1792 3133 1821 3189 in
1840 3133 1992 3192 damnatio·

1190 3241 1255 3280 nem
1276 3223 1374 3280 animae
1388 3239 1456 3278 meae
1475 3223 1679 3280 successoribus
1696 3221 1766 3278 meis
1795 3230 1849 3278 tem
1876 3238 1992 3293 pravam

1190 3312 1414 3370 cousuetudinem
1429 3311 1627 3382 confirmarem,
1643 3327 1694 3369 nec
1707 3312 1742 3367 de
1756 3311 1798 3367 bis
1811 3311 1941 3383 placitare
1955 3311 1993 3384 tt)

328 3404 484 3475 deratione,
513 3422 566 3478 ego
595 3406 706 3461 humilis
734 3422 831 3463 sersus
859 3405 968 3461 rester'
962 3422 989 3460 tn
1004 3400 1140 3479 augustiis
1151 3423 1177 3491 Ο
1190 3412 1313 3476 poteram
1341 3400 1443 3473 (nullus
1471 3402 1547 3457 enim
1566 3408 1613 3457 aut
1631 3399 1774 3457 consilium
1793 3409 1839 3456 aut
1861 3400 1990 3457 auxilium

335 3494 428 3551 cordis
442 3496 496 3551 mei
512 3495 581 3551 ad
561 3511 649 3551 sinum
666 3502 784 3566 paternas
799 3501 826 3549 ct
844 3494 1000 3565 apostolicae
1029 3493 1138 3565 pictatis
1192 3492 1259 3547 milri
1278 3492 1313 3547 ad
1332 3493 1392 3547 haec
1416 3490 1533 3547 audebat
1550 3489 1625 3546 daret
1643 3488 1710 3560 petii
1728 3505 1743 3544 a
1763 3505 1830 3562 rege
1853 3487 1991 3545 licentiam

337 3592 447 3653 nostres,
464 3599 512 3654 per
526 3582 723 3639 exhibitionem
738 3583 893 3655 praesentia
907 3598 976 3639 meae
990 3583 1139 3655 confugere
1191 3579 1311 3637 adeundi
1343 3587 1460 3636 restrum
1489 3578 1697 3649 paternitatem,
1732 3585 1868 3648 quatenus
1894 3577 1934 3632 illi
1966 3586 1994 3634 ut

333 3672 458 3742 disposui
475 3690 481 3726 :
498 3672 546 3727 sed
561 3672 613 3728 hoc
626 3672 718 3743 utique
732 3672 823 3727 lucere
849 3686 904 3727 non
930 3687 1041 3743 possum
1070 3671 1138 3727 sicut

336 3760 477 3816 desidero.
494 3760 548 3817 Cur
562 3769 651 3816 eutem
666 3776 721 3816 non
740 3760 855 3831 possim,
883 3775 933 3831 per
960 3760 1137 3829 praesentium

333 3850 448 3905 latorem
464 3850 646 3922 cognoscetis.
662 3847 797 3918 Quoniam
812 3864 878 3921 crgo
891 3848 1136 3919 permemetipsum

333 3938 508 4007 praesentiam
537 3947 652 3993 uestram
681 3938 830 3993 secundnm
858 3936 1023 3993 desiderium
1045 3952 1136 3993 meum

329 4026 428 4083 audire
443 4042 558 4099 nequeo,
574 4042 625 4099 per
639 4026 751 4089 litteras,
780 4034 809 4081 ut
835 4042 956 4097 possum,
985 4024 1136 4082 clementiae

330 4126 429 4173 restrae
444 4116 583 4189 angustias
597 4130 672 4170 meas
687 4114 806 4181 insinuo,
832 4120 962 4185 quatenus
989 4114 1046 4184 ejus
1073 4130 1137 4171 con-

336 4204 471 4265 solatione
485 4204 590 4260 caedem
607 4204 739 4276 angustiae
753 4202 919 4276 mitigentur,
936 4202 1063 4259 stenima
1076 4218 1136 4259 mee

334 4294 517 4351 desideratam
552 4292 771 4363 tranquillitatem
804 4307 853 4363 per
883 4290 1013 4346 effectum
1040 4299 1136 4348 restrae

331 4382 529 4454 compassionis
543 4398 572 4437 se
587 4381 701 4453 adipisci
716 4380 875 4453 gratuletur.
904 4381 988 4435 Tanta
1009 4381 1081 4436 enim
1096 4388 1136 4436 est

331 4472 425 4529 cordis
452 4472 506 4527 mei
536 4470 684 4539 tribulatio,
714 4478 744 4525 ut
770 4486 820 4525 aec
848 4469 939 4524 verbis
966 4485 1015 4525 nec
1042 4469 1136 4527 litteris

330 4560 465 4617 sufficiam
482 4560 557 4615 illam
577 4559 749 4629 exprimere;
767 4558 814 4613 scd
831 4572 880 4613 oro
893 4558 980 4613 Deum
996 4556 1041 4629 qui
1061 4559 1135 4615 novit

330 4650 439 4707 occulta
454 4654 482 4703 ut
497 4664 556 4705 cam
573 4664 621 4703 vos
637 4646 787 4720 intelligere
802 4646 893 4715 iaciat,
922 4655 948 4703 et
970 4646 1135 4719 perviscera

329 4736 522 4793 misericordiae
537 4752 596 4793 suae
611 4736 715 4791 viscera
728 4745 816 4792 vestm
844 4735 879 4791 ad
906 4735 964 4805 ejus
979 4734 1134 4792 miseratio-

1191 3669 1282 3725 cordis
1301 3667 1355 3723 mei
1374 3666 1515 3740 angustias
1533 3665 1717 3735 ostenderem,
1747 3672 1774 3721 ει
1805 3664 1904 3721 deinde
1931 3666 1994 3736 ejus

1191 3756 1306 3813 consilio
1325 3763 1351 3811 ot
1369 3754 1472 3811 anxilio
1487 3754 1559 3826 quod
1574 3752 1710 3809 salubrius
1725 3761 1797 3809 esset
1810 3752 1909 3809 animae
1923 3768 1993 3811 mere

1192 3860 1312 3919 agerem.
1329 3844 1390 3914 Qua
1404 3844 1439 3899 de
1452 3858 1482 3899 re
1495 3843 1578 3899 iratus
1591 3842 1669 3913 petiit
1681 3849 1711 3898 ut
1724 3840 1759 3899 de
1771 3841 1852 3912 hujus
1876 3840 1993 3901 licentiae

1191 3933 1322 4005 petitione
1337 3930 1413 4004 quasi
1427 3932 1462 3987 de
1474 3930 1554 4004 graui
1568 3930 1673 3987 offensa
1697 3929 1735 3985 illi
1746 3929 1944 3998 saustacerem,
1964 3939 1993 3988 et

1191 4038 1317 4080 securum
1335 4021 1412 4077 illum
1427 4019 1544 4077 lacerem
1558 4034 1602 4076 rne
1616 4018 1745 4091 deinceps
1759 4018 1832 4075 nullo
1847 4019 1930 4077 modo
1943 4036 1992 4077 re-

1191 4112 1352 4183 quisiturum
1370 4125 1422 4181 pru
1442 4108 1530 4180 aliqua
1547 4107 1705 4164 necessitate
1723 4105 1913 4179 apostolicum,
1941 4124 1993 4166 nee

1190 4200 1287 4257 saltem
1302 4199 1367 4256 inde
1379 4198 1541 4266 locuturum,
1558 4200 1604 4273 aut
1614 4196 1637 4251 si
1653 4212 1771 4267 unquam
1796 4198 1848 4252 hoc
1872 4196 1993 4253 tacturus

1190 4304 1277 4355 erem,
1293 4287 1463 4359 inpraesenti
1481 4288 1534 4341 hoc
1564 4284 1695 4341 lacerem.
1729 4284 1775 4341 Sic
1803 4285 1895 4357 itaque
1918 4300 1992 4341 mare

1191 4377 1283 4433 transii
1298 4391 1379 4431 cause
1393 4374 1429 4430 ad
1444 4389 1492 4429 uos
1505 4373 1642 4429 veniendi.
1653 4371 1733 4441 Quod
1748 4372 1818 4430 sicut
1827 4372 1881 4427 dixi
1898 4373 1991 4431 tacere

1189 4482 1245 4521 non
1262 4480 1383 4536 possum.
1407 4460 1544 4533 Quoniam
1563 4469 1653 4516 autem
1672 4460 1842 4532 impossibile
1874 4467 1915 4517 est
1947 4478 1993 4519 rne

1189 4552 1346 4626 hujusmodi
1361 4551 1423 4609 ritae
1437 4547 1612 4617 concordare,
1631 4556 1677 4604 eut
1705 4549 1825 4604 animam
1855 4564 1946 4604 meatu
1961 4548 1989 4605 in

1189 4643 1236 4700 tali
1255 4643 1413 4714 episcopatu
1431 4638 1541 4706 salvari,
1569 4646 1626 4693 tum
1658 4646 1768 4709 propter
1800 4652 1892 4693 rerum
1924 4653 1991 4709 quas

1189 4731 1245 4789 dixi
1265 4729 1420 4803 qualitates,
1436 4737 1491 4783 tum
1509 4734 1623 4798 propter
1653 4741 1730 4782 meas
1763 4724 1938 4783 multimodas
1965 4735 1993 4781 et

328 4843 393 4883 nem
408 4824 558 4881 secundum
582 4824 744 4879 desiderium
774 4833 800 4879 et
827 4824 1016 4879 necessitatem
1043 4839 1132 4881 meam
1189 4838 1293 4889 seusus,
1309 4826 1336 4875 et
1348 4833 1467 4886 morum,
1482 4825 1509 4871 et
1522 4824 1626 4871 naturae
1640 4824 1667 4871 et
1679 4814 1765 4869 aemtis
1778 4812 1990 4871 imbecillitates.

329 4922 514 4973 commoueat.
530 4914 571 4968 De
586 4914 638 4969 hac
652 4919 743 4969 tamen
756 4928 815 4967 mee
829 4912 989 4969 necessitato
1017 4920 1043 4969 et
1070 4927 1133 4969 meo
1186 4912 1252 4966 liare
1269 4916 1310 4964 est
1323 4921 1429 4963 summa
1441 4902 1647 4975 supplicationis
1674 4917 1742 4958 meae
1766 4909 1882 4973 propter
1908 4918 1990 4976 quam

330 5002 470 5059 desiderio
484 5001 574 5073 aliqua
590 5000 695 5071 aperio,
711 5016 760 5072 per
781 5016 841 5071 quae
869 5010 988 5057 vestram
1009 5001 1132 5072 pruden-
1187 4997 1222 5055 ad
1237 5013 1286 5054 vos
1300 4996 1341 5052 ire
1356 4993 1492 5061 volebam,
1507 5000 1536 5047 ut
1550 4991 1621 5047 sicut
1635 4988 1835 5047 Deum'animae
1859 5006 1938 5061 mea,
1963 5001 1990 5050 et

331 5092 397 5149 tiam
412 5106 496 5161 posse
512 5089 743 5162 intelligerequid
758 5089 823 5144 mitri
851 5090 980 5161 expediat
998 5106 1052 5147 non
1082 5090 1133 5146 du·
1187 5086 1307 5143 animam
1325 5098 1414 5138 meam
1432 5082 1491 5136 lieo
1509 5078 1681 5148 desideratis,
1713 5094 1763 5150 per
1785 5089 1928 5150 paternam
1960 5088 1990 5139 et

332 5181 401 5237 bito.
418 5180 519 5237 Notum
534 5178 689 5247 estmultis,
706 5177 746 5233 mi
761 5178 841 5233 Pater
854 5179 911 5257 pie,
930 5194 984 5250 qua
1006 5178 1136 5235 violentia
1187 5172 1365 5274 apostolicam
1387 5170 1609 5241 pietatemque
1632 5183 1681 5224 cor
1700 5175 1821 5223 vestrum
1844 5168 1988 5240 inhabitat,

335 5279 458 5341 atquem
474 5268 585 5334 inritus,
601 5274 723 5337 etqnam
751 5266 938 5323 contradicens
965 5275 1061 5338 captus
1084 5266 1135 5323 sim
1188 5262 1307 5320 animaru
1325 5274 1415 5316 rneam
1434 5255 1595 5315 desinente
1614 5263 1695 5315 anta
1709 5255 1847 5313 seruitutis
1861 5257 1991 5316 absolva-

334 5366 358 5413 ει
375 5358 501 5413 detentus
515 5356 551 5410 ad
566 5354 754 5427 episcopatum
769 5353 796 5409 in
810 5354 917 5425 anglia,
946 5362 973 5410 et
1000 5355 1137 5426 quomodo
1188 5353 1233 5419 tis,
1248 5351 1327 5421 eique
1340 5346 1495 5405 libertatern
1509 5344 1645 5402 serviendi
1659 5344 1747 5401 Deo
1740 5361 1769 5400 nr
1792 5346 1990 5417 tranquillitate

333 5445 503 5503 obtenderim
532 5444 739 5516 repugnantiam
767 5442 803 5498 ad
831 5442 985 5511 hujusmodi
1008 5443 1136 5513 officium,
1190 5438 1326 5501 reddatis;
1343 5452 1377 5491 ne
1391 5433 1589 5491 abundantiore
1605 5432 1711 5489 tristitia
1726 5432 1798 5491 sicut
1822 5434 1880 5504 jam
1908 5434 1991 5492 nimis

333 5541 449 5602 naturae,
464 5532 561 5601 aetatis,
590 5530 784 5589 imbecillitatis
812 5538 841 5589 et
869 5531 1029 5603 ignorantiae
1057 5548 1136 5603 meae,
1190 5542 1272 5601 pessa
1290 5532 1332 5581 est
1346 5522 1533 5593 absorbeatur,
1561 5530 1589 5578 et
1615 5520 1651 5577 de
1677 5520 1773 5578 dolore
1800 5522 1941 5597 temporali
1957 5522 1992 5579 ad

335 5640 395 5695 qnae
411 5621 521 5679 cumino
536 5635 631 5678 omnes
645 5618 737 5676 saculi
752 5619 874 5675 actiones
900 5618 1018 5691 lugiunt,
1047 5628 1073 5675 et
1099 5619 1139 5675 in·
1191 5624 1324 5674 aetemum
1338 5612 1527 5685 perpetratum
1544 5609 1645 5667 deinde
1671 5619 1702 5667 ut
1728 5610 1856 5667 Ecclesiae
1887 5610 1992 5684 lngio-

984 5730 1202 5789 HENSCHENII
1218 5724 1340 5785 NOTAE.
1757 5769 1759 5772 .

369 5836 411 5917 (a)
439 5834 528 5890 Distat
556 5832 716 5889 Cluuianum
743 5830 890 5889 Matiscone
918 5829 1003 5887 leucis
1031 5828 1138 5886 circiter
1193 5835 1256 5884 tune
1270 5833 1327 5881 erat
1340 5826 1398 5899 lisy
1401 5824 1498 5882 ualdus
1511 5802 1582 5881 intra
1595 5822 1735 5882 biennium
1749 5822 1805 5881 rita

373 5920 470 5978 tnque;
487 5914 514 5961 et
528 5905 590 5961 irinc
604 5904 725 5961 seeundo
739 5902 871 5960 ilhudano
893 5902 939 5959 die
951 5915 1006 5958 uno
1020 5900 1136 5984 descen·
1228 5898 1267 5967 (b)
1280 5844 1426 5955 Placitum
1439 5905 1483 5953 est
1493 5894 1865 6081 Judrctoggpeln

357 5979 408 6035 tur
445 5977 616 6050 Lugdunum
645 5973 849 6033 llatisaonensis
873 5982 964 6031 autem
992 5971 1138 6045 episcopus
1193 5968 1294 6028 dicium
1307 5967 1551 6158 implacitata&
1514 5966 1607 6073 ἰειρρι
1644 5965 1679 6022 ad
