4750 6725
832 680 974 740 arconti
993 682 1101 740 urrsr.
1122 682 1167 739 ,to
1188 668 1397 741 atnnnuott.

571 971 827 1077 NICOLAI
855 971 1167 1077 EPISTOLA
1196 973 1283 1075 Ab
1313 973 1663 1080 EADMERUM

744 1219 791 1282 lto
806 1215 955 1298 primatu
970 1213 1059 1281 sedis
1074 1213 1296 1281 Eboraoensis
1312 1215 1346 1280 iu
1362 1215 1482 1282 scatia.

797 1356 971 1473 (Wtarnon,
986 1401 1091 1474 inpiis
1104 1418 1199 1471 sacra,
1217 1409 1235 1458 t.
1251 1402 1286 1473 ll,
1307 1419 1336 1475 p.
1352 1402 1435 1473 aaa.)

321 1664 416 1720 Electa
429 1678 480 1733 per
492 1661 544 1718 Dei
556 1661 673 1733 gratiam
691 1660 719 1715 in
740 1660 831 1717 Sancti
846 1659 968 1717 Andreae
989 1661 1085 1717 cathe-
1099 1660 1128 1722 A
1143 1659 1365 1732 Christianitatis,
1382 1676 1500 1719 necnon
1526 1669 1553 1720 ct
1578 1660 1736 1735 pontificum
1755 1670 1941 1729 consecratio-

286 1751 492 1809 dramdomino
505 1752 635 1819 Enniano,
656 1751 873 1805 suusNtconrns
901 1766 936 1805 en
963 1750 1087 1806 adversis
1140 1766 1201 1805 nent
1231 1766 1247 1805 a
1276 1750 1365 1806 Scotis
1380 1767 1568 1823 saepenumero
1591 1754 1762 1823 mutuaverit,
1792 1756 1943 1817 Scotirerc

284 1844 321 1897 ad
332 1841 531 1911 jucunditatem
547 1839 685 1911 prosperis
697 1838 866 1893 successibus
880 1838 990 1894 tendere
1004 1846 1086 1894 teter·
1139 1836 1175 1892 ab
1203 1839 1265 1911 ipsa
1280 1854 1431 1909 nunquam,
1457 1849 1555 1912 praeter
1568 1842 1642 1913 qnod
1654 1842 1681 1897 in
1691 1843 1869 1915 Titurgodum
1885 1848 1942 1920 (at)

281 1948 356 1985 nam,
1140 1934 1230 1982 actum
1246 1935 1297 1984 est.
1311 1928 1382 1983 Nam
1397 1936 1541 1999 postquam
1563 1930 1778 1987 Eboraoensesa
1792 1931 1846 1988 dds
1871 1950 1943 2005 apo-

322 2019 353 2072 ln
381 2018 504 2074 adversis
520 2032 580 2088 quae
594 2025 621 2071 te
637 2016 696 2089 pati
717 2029 925 2083 commemoras,
954 2015 1087 2087 patientia
1140 2020 1282 2085 atalantes,
1319 2016 1442 2086 primum
1476 2016 1633 2088 pontificem
1657 2036 1735 2074 snum
1763 2020 1945 2080 Paulinuma

282 2107 405 2163 maxime
418 2108 581 2163 necessaria
604 2115 656 2175 est,
672 2106 772 2161 deinde
787 2104 936 2176 prudentia
962 2112 990 2160 et
1002 2106 1085 2161 indu·
1141 2103 1238 2159 cantia
1258 2104 1298 2159 eis
1326 2104 1481 2160 ordinatum
1497 2106 1668 2177 expulerunt,
1694 2108 1810 2164 Sanctus
1823 2109 1945 2168 didanus

280 2197 397 2251 striaad
412 2195 591 2253 evincendam
606 2195 695 2266 gentis
719 2194 885 2261 barbariem,
902 2210 984 2263 quam
1011 2194 1086 2249 nullo
1140 2190 1239 2247 Scottis
1266 2199 1294 2247 et
1318 2208 1334 2247 a
1358 2192 1446 2248 Sentis
1460 2192 1609 2249 destinatus
1633 2201 1660 2250 et
1682 2196 1832 2267 ordinatus,
1860 2197 1944 2256 fidem

278 2285 393 2354 ingenio
401 2285 481 2341 citius
489 2285 543 2339 tuis
551 2285 673 2339 moribus
696 2298 779 2353 quam
793 2282 920 2355 largitate
941 2282 1088 2353 dapsilita-
1141 2278 1240 2334 Christi
1254 2277 1374 2351 iidaiqne
1390 2289 1560 2337 sacramenta
1588 2280 1635 2337 toti
1647 2282 1845 2341 Nortbimbriae
1869 2294 1945 2342 stre-

282 2373 318 2428 tis
331 2374 480 2429 conciliare
489 2381 577 2443 potes.
594 2372 675 2429 Unde
683 2372 715 2426 'et
729 2372 826 2427 beatus
839 2372 934 2426 Petrus
948 2371 1087 2441 apostolus
1140 2384 1209 2422 naus
1234 2369 1349 2425 invexit.
1379 2368 1485 2425 Deinde
1500 2370 1559 2441 ejus
1573 2384 1744 2427 successores
1765 2372 1946 2431 Eboraoensis

280 2460 313 2515 in
324 2459 529 2516 instructionem
544 2459 630 2515 sancti
644 2458 801 2527 Clementis,
818 2473 899 2528 quem
912 2458 964 2514 sibi
979 2474 1087 2515 succes·
1141 2456 1275 2513 Ecclesia
1287 2457 1421 2527 praesules
1436 2459 1494 2530 (88)
1508 2472 1594 2530 usque
1616 2458 1651 2513 ad
1664 2466 1790 2528 quartum
1805 2476 1901 2518 omnus
1927 2479 1945 2517 a

282 2564 379 2605 sorem
394 2550 496 2615 statuit,
511 2549 583 2603 inter
611 2556 713 2604 caetera
741 2546 830 2601 taliter
842 2546 999 2602 admonuit:
1012 2547 1088 2604 cla-
1141 2544 1230 2601 Sectis
1254 2544 1380 2615 ordinati,
1410 2544 1516 2615 imbuti,
1543 2555 1570 2601 et
1597 2546 1636 2601 illi
1666 2548 1798 2604 Ecclesia
1818 2547 1945 2605 destinati

281 2636 1089 2709 ritctisrccipiandoeetbobeadoemaaeimumeritsemen·
1141 2640 1216 2689 sunt.

283 2728 392 2793 turmot
400 2728 567 2797 [reguariter
576 2725 704 2781 intervos
715 2739 892 2779 communem
902 2723 996 2779 cibam
1009 2738 1088 2780 mert-
1177 2722 1252 2778 Unus
1266 2721 1349 2779 etiam
1364 2738 1398 2779 en
1413 2722 1453 2779 eis
1480 2730 1593 2796 propter
1620 2738 1698 2781 suam
1722 2724 1945 2785 indiscretionem

281 2830 403 2886 samque
431 2814 559 2883 inmotis.
589 2813 625 2869 Et
647 2819 709 2883 post
736 2828 824 2881 pauca
849 2828 856 2865 ε
878 2814 999 2883 Propter
1016 2811 1089 2883 qaod
1142 2808 1246 2865 inutilis
1258 2810 1298 2865 illi
1314 2811 1446 2867 Ecclesiae
1467 2812 1613 2883 judicatus,
1630 2812 1665 2869 ab
1678 2813 1747 2885 ipsis
1775 2814 1866 2871 Scotis
1894 2815 1945 2872 de-

281 2918 452 2959 seminares
461 2901 632 2972 sacitccilros
647 2900 1088 2971 vestroscumiisgaisccrmdam
1142 2896 1245 2969 positus
1253 2906 1295 2954 est
1309 2900 1377 2971 (39).
1394 2899 1441 2955 His
1460 2899 1587 2955 omnibus
1597 2910 1707 2959 sanctus
1719 2900 1790 2958 Beda
1805 2909 1947 2959 attestatur

280 2992 379 3046 [laam
387 2993 494 3062 [ratres
503 2993 582 3045 arant.
590 2990 644 3045 Per
652 2990 710 3044 loec
720 2991 797 3043 caim
810 2988 1088 3060 precipuacbaritcs
1101 3015 1128 3075 Β
1142 2986 1169 3040 in
1185 2986 1303 3042 Historia
1317 2987 1478 3059 Anglorum.
1491 2987 1637 3045 Praesulem
1663 3006 1728 3047 reno
1743 3006 1792 3047 seu
1806 2991 1947 3053 doctorem

280 3082 486 3151 comparatur.
505 3076 683 3144 Necmirum,
699 3076 722 3130 si
742 3074 882 3132 barbaries
896 3075 1089 3131 indomitaali-
1144 3073 1265 3144 aliquem
1290 3074 1383 3131 Scatis
1397 3076 1558 3131 destinatum
1578 3078 1621 3133 rel
1634 3078 1791 3135 ordinatum
1809 3078 1844 3134 ab
1867 3080 1947 3137 Ebo-

280 3168 365 3236 quus
386 3168 487 3237 gentis,
504 3166 548 3220 liis
576 3164 674 3219 officiis
687 3164 817 3230 emollita,
847 3163 882 3219 ad
910 3164 1090 3219 moralitatem
1143 3176 1207 3217 raca
1223 3160 1391 3219 nulladacet
1406 3163 1532 3232 Historia,
1548 3165 1694 3221 necetiam
1712 3167 1816 3234 tabula,
1845 3177 1947 3239 prater

282 3255 404 3311 flectitur
428 3254 547 3321 civilem,
576 3268 639 3309 cum
672 3260 699 3307 et
726 3250 904 3308 iemcissimae
926 3251 1091 3323 rationisque
1144 3249 1329 3321 supradictum
1356 3240 1498 3325 Tburgod.
1536 3250 1629 3309 Cesset
1657 3269 1722 3328 ergo
1763 3258 1946 3315 Eboraoensia

281 3343 498 3416 experteslerae,
511 3341 648 3398 alimoniis
670 3340 850 3414 humanisque
865 3341 1023 3397 attractibus
1037 3340 1090 3398 de·
1144 3338 1268 3396 Ecclesia
1277 3338 1425 3410 primatum
1441 3338 1542 3398 Scotiae
1556 3341 1608 3398 sibi
1622 3340 1789 3402 vindicando
1798 3354 1942 3416 appaterc;

280 3434 382 3501 linitae,
400 3439 599 3500 mansuescunt,
624 3430 765 3485 intantum
788 3439 817 3485 ut
833 3430 975 3486 bominum
1002 3430 1092 3502 magis
1144 3443 1227 3498 quern
1251 3428 1274 3482 si
1296 3428 1417 3498 haberet,
1434 3444 1495 3484 cum
1510 3429 1611 3499 praesul
1624 3431 1718 3489 Sancti
1732 3433 1847 3490 Andreas
1869 3449 1947 3490 sum-

282 3538 370 3594 quam
384 3519 572 3577 consodalium
593 3517 719 3574 affectant
740 3518 891 3573 belluamm
919 3518 1088 3574 societatem.
1144 3531 1206 3570 mua
1230 3515 1354 3586 pontifex
1382 3517 1525 3572 Scotorum
1552 3519 1713 3590 appelletur,
1728 3536 1851 3576 summus
1879 3538 1948 3580 vero

284 3611 473 3680 Quapropter,
489 3617 518 3662 ut
532 3607 638 3663 amicus
653 3607 688 3663 de
705 3607 793 3662 arnico
807 3605 946 3673 sollicitus,
958 3621 1087 3678 suggero,
1144 3617 1199 3676 uon
1226 3610 1267 3658 est
1294 3602 1344 3658 nisi
1359 3603 1405 3674 qui
1433 3619 1516 3675 super
1529 3604 1600 3661 alios
1615 3613 1654 3662 est
1670 3622 1677 3676 ;
1693 3607 1743 3679 qui
1758 3615 1849 3664 antam
1863 3625 1948 3680 supar

284 3699 404 3768 suadeo,
433 3698 568 3752 admoneo
597 3703 634 3764 to,
669 3703 700 3750 nt
726 3695 928 3762 charissimum,
957 3703 1091 3766 quatenus
1143 3690 1212 3746 alios
1237 3689 1381 3762 episcopos
1405 3698 1455 3759 est,
1480 3691 1544 3761 quid
1573 3693 1625 3748 nisi
1646 3695 1866 3768 archiepiscopus
1894 3705 1947 3767 eat,

281 3803 371 3857 supra
381 3786 452 3844 vires
462 3785 542 3840 etiam
559 3793 619 3839 tuas
641 3783 793 3855 dapsilitate
808 3791 835 3838 et
862 3797 1002 3838 munerum
1031 3783 1089 3837 lar·
1144 3779 1208 3835 licet
1229 3777 1373 3834 barbaries
1398 3779 1488 3850 gantis
1506 3779 1582 3852 pallii
1598 3782 1657 3851 (to)
1675 3782 1948 3858 honoremignoret‘i

279 3877 371 3948 gitate
387 3874 513 3930 affectum
527 3871 649 3928 omnium
661 3871 710 3927 tibi
724 3886 885 3940 comparare
899 3869 1091 3940 studeas,quia
1144 3867 1185 3934 Si,
1195 3866 1317 3939 inquam,
1335 3882 1419 3937 super
1433 3867 1515 3938 hunc,
1532 3868 1581 3940 qui
1591 3885 1712 3926 summus
1740 3880 1854 3929 vocatur
1874 3889 1949 3944 pon·

277 3965 387 4021 talibus
401 3961 497 4018 officiis
511 3977 591 4032 quam
602 3960 721 4015 maxime
739 3959 823 4016 effera
838 3959 924 4015 corda
947 3959 1090 4030 gentisque
1143 3954 1212 4010 tifex
1227 3969 1284 4009 suta
1298 3955 1397 4028 gentis,
1412 3955 1603 4026 praelationem
1620 3959 1732 4016 liaberet
1759 3961 1859 4031 praeaul
1870 3961 1947 4020 Ebo-

278 4049 585 4110 indomitaebanbariem
602 4049 636 4103 ad
648 4047 687 4102 tui
703 4063 822 4103 amorem
835 4055 862 4104 et
875 4061 968 4102 sanam
982 4046 1089 4104 doctri-
1143 4057 1225 4113 raone,
1238 4043 1296 4114 jam
1312 4059 1366 4100 nun
1390 4051 1492 4100 tantum
1505 4045 1737 4119 metropolitanus,
1765 4049 1821 4107 imo
1845 4051 1949 4122 primas

278 4158 350 4198 nam
378 4138 646 4208 ecclesiasticamque
678 4136 849 4208 disciplinam
890 4136 1090 4206 suscipiendam
1143 4139 1216 4188 esset
1239 4130 1352 4188 alterius
1380 4133 1462 4188 etiam
1491 4132 1581 4206 regni·
1597 4134 1678 4201 Qu⁰d
1692 4138 1946 4212 nutantmlegitur·

278 4229 409 4286 emollire
423 4226 567 4299 prevales.
580 4227 622 4281 lle
634 4225 676 4281 his
686 4225 745 4295 jam
760 4225 839 4280 satis.
1143 4221 1185 4277 be
1199 4218 1379 4276 Eboracensis
1406 4221 1539 4278 Ecclesia
1554 4221 1735 4296 suffraganeis
1750 4227 1797 4297 qui
1807 4226 1843 4284 ad
1871 4231 1947 4285 rost

322 4320 364 4374 De
383 4315 565 4372 Eboraoensis
591 4322 683 4370 autem
711 4313 842 4370 Ecclesia
865 4312 982 4384 primatu
1005 4328 1090 4384 super
1142 4308 1219 4365 Alias
1247 4308 1297 4363 sibi
1325 4317 1435 4379 quaeret,
1451 4323 1505 4366 non
1520 4309 1657 4368 danobis.
1686 4312 1766 4382 Quod
1780 4313 1803 4368 si
1819 4313 1946 4372 totinre·

279 4411 396 4473 Scotos,
408 4404 480 4461 undo
494 4402 676 4475 interrogasti,
692 4402 764 4457 nulla
780 4410 820 4458 est
833 4402 989 4472 auctoritas,
1009 4401 1089 4460 nulla
1142 4395 1211 4464 nire,
1228 4400 1295 4466 quot
1310 4409 1339 4450 se
1349 4395 1465 4452 estimat
1491 4397 1594 4453 habere
1622 4397 1759 4468 debuisse,
1784 4416 1839 4458 non
1862 4402 1945 4471 calet,

276 4496 356 4554 ratio
370 4493 415 4550 ael
429 4492 670 4562 exemplumpatet
693 4491 766 4561 quod
784 4491 838 4546 hoc
860 4497 972 4558 astruat.
998 4489 1087 4561 Quip-
1142 4483 1196 4542 sibi
1220 4483 1334 4556 imputat
1351 4500 1357 4546 ;
1375 4499 1430 4540 non
1443 4483 1532 4540 aliena
1547 4484 1677 4542 invadere
1704 4495 1854 4558 attemptat.
1883 4489 1946 4547 Sua

275 4603 320 4658 pa
351 4599 413 4640 cam
442 4580 624 4638 Eboraoensis
650 4577 774 4635 Ecclesia
803 4578 922 4635 fidemet
935 4578 1087 4635 doctrinam
1142 4572 1252 4644 quidem
1276 4569 1452 4644 negligentia
1475 4571 1629 4644 ascribitur,
1651 4573 1709 4630 imo
1737 4581 1764 4631 et
1792 4576 1943 4649 cupiditati,

320 4775 379 4848 (37)
408 4771 551 4847 Turgodus
570 4770 645 4845 prior
666 4768 857 4826 Danclmensis
883 4782 955 4826 anno
980 4768 1087 4827 circiter
1179 4771 1253 4829 ando
1266 4770 1358 4830 obitus
1367 4778 1491 4844 tempore
1501 4770 1623 4829 nonnihil
1638 4771 1747 4829 errarit.
1777 4775 1853 4830 Anno
1870 4771 1942 4830 enim

277 4848 356 4905 1107
386 4848 488 4904 electus
511 4851 553 4901 est
580 4843 673 4914 episco
697 4859 727 4897 us
754 4840 987 4898 Santandreanus.
1015 4843 1088 4898 licta
1160 4848 1221 4914 115,
1250 4844 1321 4917 prid.
1350 4843 1411 4902 Kal.
1427 4844 1513 4915 April.
1529 4859 1594 4900 cum
1622 4843 1693 4901 feria
1715 4853 1943 4917 quamacompo-

273 4929 378 4977 autem
393 4918 428 4973 ab
443 4914 655 4987 archiepiscopo
673 4859 840 4969 {baracensi
854 4913 1038 4994 controuersia
1052 4912 1086 4994 de
1139 4914 1223 4970 nitur.

273 4989 458 5060 subjectione
472 4986 607 5059 Ecclesia
622 4983 847 5050 Santandraanae,
863 4983 949 5039 dilata
963 4992 1005 5039 cat
1033 4983 1086 5038 alr·
1178 4986 1236 5057 (aa)
1249 4984 1356 5044 aidano
1367 4989 1556 5044 successerant
1578 4984 1706 5056 Finanus,
1722 4984 1891 5044 colmannus
1915 4995 1943 5044 ct

274 5059 408 5134 quandiu
431 5057 609 5115 consecratio.
640 5057 818 5113 consecratus
840 5053 949 5110 demam
965 5063 1005 5110 cst
1024 5063 1087 5124 post
1138 5056 1226 5124 luda,
1252 5058 1446 5124 Scotiomnea,
1461 5054 1606 5114 etaScotis
1621 5055 1757 5126 ordinati;
1792 5056 1829 5125 ui,
1850 5073 1944 5130 giram-

273 5132 408 5188 modium
422 5145 523 5186 annum
547 5128 616 5182 tlou
632 5126 709 5198 (ipsis
723 5125 839 5196 Augusti
868 5125 999 5180 Kalendis
1008 5127 1087 5193 jnxta
1140 5128 1181 5182 vis
1205 5126 1384 5184 Lindisiarnta
1407 5127 1501 5183 sedern
1527 5127 1712 5200 episcopalem
1739 5074 1942 5198 coiicmrerint,

271 5201 502 5271 blailrosensem)
526 5215 542 5254 a
567 5199 672 5254 'llioma
691 5194 854 5252 Eboraoensi
871 5193 950 5264 jussu
977 5195 1086 5252 Hearici
1139 5203 1225 5253 totam
1239 5207 1328 5254 tamen
1355 5196 1618 5268 Northanimbriam,
1646 5197 1815 5280 pmvinciam
1838 5200 1944 5259 scilicet

271 5272 410 5346 regisitu
432 5272 479 5327 lias
493 5271 551 5326 sino
565 5268 623 5324 ulla
650 5267 829 5336 subjectionis
842 5266 994 5334 exactione,
1010 5266 1086 5323 salvo
1139 5269 1347 5335 Eboraoensem,
1375 5276 1512 5324 rorarunt.
1537 5269 1586 5324 llis
1613 5284 1688 5326 emm
1702 5268 1879 5327 lindisfarne
1892 5287 1941 5328 sc·-

271 5357 378 5403 tamen
423 5342 528 5398 cclesiae
551 5341 688 5410 utriusqus
716 5339 787 5409 jure.
812 5337 930 5392 Scotiam
952 5353 1084 5402 resersus,
1139 5339 1275 5410 dentibus,
1300 5338 1407 5398 vacarit
1434 5340 1514 5395 sedes
1542 5339 1719 5396 Eboracensia
1733 5340 1812 5398 annis
1832 5341 1942 5400 circiter

276 5414 438 5473 Ecclesiam
463 5412 595 5468 sexennio
623 5410 678 5466 iere
705 5408 782 5464 raxil.
807 5407 873 5464 Orta
893 5407 1087 5464 demuminter
1138 5411 1173 5466 tri
1194 5410 1259 5466 inta.

269 5491 376 5560 ipsunt
404 5493 430 5539 et
454 5483 550 5540 Scutus
577 5479 719 5552 multiplici
748 5480 804 5546 litc,
831 5479 946 5533 Romam
967 5478 1086 5535 adeundi
1173 5425 1231 5552 faa)
1247 5479 1310 5537 Vult
1338 5478 1499 5536 Wiliridum
1514 5478 1663 5548 Scuicrcm,
1687 5480 1733 5555 qui
1748 5481 1812 5540 sede
1825 5497 1876 5541 sua
1889 5501 1940 5542 sat-

266 5557 423 5618 licentiam
451 5570 468 5611 a
495 5569 560 5625 rege
588 5553 675 5624 petiit.
693 5551 838 5621 llcpulsam
852 5564 960 5618 passus,
976 5549 1004 5604 iu
1017 5566 1084 5622 gra·
1138 5550 1202 5621 pias
1216 5559 1256 5608 est
1284 5551 1441 5606 deturbatus
1455 5567 1471 5605 a
1485 5551 1596 5624 regibus
1620 5553 1859 5611 Nortlranimbriae.
1879 5556 1941 5610 Ert-

265 5645 345 5686 scm
359 5625 443 5682 animi
457 5639 602 5681 moemrcm
611 5621 716 5689 incidit,
727 5629 753 5674 at
767 5619 929 5674 Dunelmum
939 5620 1085 5676 recedendi
1139 5623 1219 5693 pulso
1234 5621 1359 5694 primitus
1376 5621 1506 5678 Wilirido
1520 5638 1592 5679 anno
1606 5625 1668 5693 678,
1684 5625 1848 5697 subrogatus
1858 5632 1898 5680 est
1910 5627 1939 5678 in

264 5699 421 5760 licentiam
441 5696 588 5767 postularit
605 5702 632 5748 et
644 5691 771 5748 obtinuit.
804 5691 964 5760 liepctrians
988 5690 1083 5764 igitur,
1099 5723 1126 5786 D
1140 5693 1205 5748 seda
1220 5691 1437 5748 Lindisinmcnsi
1451 5691 1530 5758 Eata,
1554 5693 1662 5750 natione
1676 5693 1774 5751 Sootns
1800 5702 1828 5750 et
1852 5693 1939 5750 abbas

264 5769 353 5830 obiit
376 5769 404 5823 iu
425 5767 553 5823 coenobio
566 5760 790 5820 weremuthensi
815 5776 886 5816 anno
910 5761 989 5830 1115,
1005 5762 1079 5832 prid.
1139 5762 1330 5819 llailrosensis.
1347 5763 1415 5819 ilinc
1432 5763 1532 5819 iactum
1547 5771 1623 5834 puto,
1638 5763 1939 5836 quodNicolausWil-

267 5841 347 5902 Kal.
360 5838 459 5911 April,
476 5838 545 5893 scria
558 5836 647 5903 tertia,
663 5841 806 5905 postquam
821 5830 936 5887 sedisset
950 5845 1037 5889 annos
1057 5837 1085 5900 8,
1140 5833 1243 5890 indum
1259 5850 1275 5889 a
1289 5834 1380 5889 Scotis
1393 5833 1545 5906 depositum
1561 5835 1644 5892 tuisse
1658 5843 1770 5892 asserat.

266 5928 393 5972 irienses
406 5915 433 5978 2,
445 5908 504 5964 diss
514 5909 557 5963 to.
572 5910 624 5962 lsla
639 5904 750 5962 Simeon
772 5902 963 5959 Dunelmensis
977 5903 1086 5960 uberius
1175 5906 1232 5978 (lo)
1246 5903 1387 5961 antistites
1399 5905 1595 5962 Sentendreani
1608 5903 1685 5979 pallii
1704 5920 1783 5963 usum
1808 5909 1872 5964 anic
1886 5920 1938 5964 att-

264 5984 370 6046 reiert
384 5981 432 6038 lib.
445 5981 486 6036 Da
500 5985 570 6053 gest.
585 5994 649 6050 reg.
674 5977 750 6047 Aug.
765 5991 794 6046 p.
810 5976 872 6045 2⁰7,
888 5973 934 6046 qui
958 5975 986 6031 in
1011 5973 1087 6032 desi-
1141 5992 1208 6032 narn
1221 5977 1290 6034 litt
1304 5991 1359 6033 non
1373 5975 1553 6034 obtinuerunt.

446 6105 569 6159 Parnon.
592 6100 683 6159 calx.
1715 6103 1751 6158 26
