4750 6725
306 562 359 623 ma
964 556 1045 618 ilfa
1064 561 1093 618 S.
1112 556 1292 621 OSWthI.
1903 580 1957 636 *m

308 699 412 756 ornnes,
428 685 537 743 diaconi
551 693 580 743 ct
591 684 749 743 subdiaconi
765 700 861 743 omnes
874 688 922 740 sut
938 691 1012 740 caste
1025 682 1103 743 vite·
1118 685 1145 745 A
1160 691 1216 739 tnta
1229 684 1400 743 honorabilis
1414 688 1579 747 habebatur.
1597 692 1703 752 Praelali
1717 712 1826 771 quoque
1845 707 1872 757 et
1898 702 1958 761 isat,

309 783 377 847 rent,
391 782 437 831 aut
452 774 589 831 Ecclesiae
609 788 676 845 quas
690 771 818 830 tenebant
839 788 893 829 una
904 788 966 829 cum
979 770 1107 829 rebusad
1159 788 1209 845 per
1222 788 1284 831 eum
1298 784 1360 833 sunt
1375 777 1474 851 singuli
1503 781 1604 852 Patres,
1615 782 1739 842 AElfricus
1753 787 1865 858 scilicet,
1875 806 1956 861 quem

310 881 357 921 eas
369 863 565 937 pertinentibus
578 862 731 935 perderent.
757 862 879 918 llabehnt
894 868 984 918 antem
1011 875 1106 933 regem
1159 860 1283 919 Ecclesia
1298 864 1498 924 Canthariensis
1516 878 1649 939 pastorem
1665 877 1839 945 postmodum
1851 878 1955 952 hahuit,

310 955 449 1027 Edgarurn
464 952 490 1007 in
503 953 557 1009 hoc
570 952 682 1025 negotio
696 950 804 1008 fidelem
821 952 965 1018 fautorem,
980 956 1106 1007 constan·
1160 949 1317 1022 hlhauensi,
1332 954 1652 1028 Brithtnotbuslleliensi,
1664 963 1957 1037 Beamtlytcnsiflode.

309 1053 361 1100 tem
385 1041 547 1113 adjutorem,
562 1039 668 1096 fimum
684 1039 866 1096 defensorem.
890 1038 943 1108 Qui
958 1054 1008 1095 rex
1022 1037 1107 1109 ipsius
1161 1054 1285 1097 mannus.
1302 1042 1462 1100 Coenohium
1477 1062 1541 1103 aero
1556 1048 1740 1122 Ramesiense,
1765 1064 1794 1110 ut
1805 1057 1957 1131 descripsi-

309 1131 397 1190 ratris
423 1129 537 1200 cornilio
571 1138 660 1195 utens,
688 1144 783 1185 curans
810 1127 978 1202 exsequendi
1005 1128 1108 1185 decreti
1162 1145 1230 1197 mus,
1261 1130 1322 1201 ejus
1349 1131 1477 1190 instinctu
1499 1144 1526 1191 et
1556 1139 1749 1210 operationea
1776 1144 1960 1206 fundamentis

308 1222 388 1290 huius
411 1234 494 1291 snper
513 1226 599 1274 totum
612 1233 727 1291 regnum
751 1217 861 1273 duobus
887 1216 954 1274 viris
980 1216 1107 1289 injunxit,
1161 1216 1326 1274 aedificatum
1342 1224 1395 1276 est.
1421 1224 1508 1279 Aucta
1527 1234 1566 1281 est
1584 1242 1650 1300 ergo
1665 1246 1714 1300 per
1726 1234 1960 1305 Angliamobser-

309 1308 438 1367 Oswsldo
452 1305 697 1377 scilicetepiscopo
705 1306 920 1379 Wigomensiet
933 1306 1108 1363 athelwoldo
1162 1306 1255 1362 tantia
1274 1306 1424 1380 disciplinae
1445 1312 1577 1384 regularis
1604 1316 1631 1371 ia
1646 1324 1748 1375 tantum
1777 1329 1805 1378 ut
1836 1326 1960 1395 quadra.

309 1396 513 1455 wintoniensi.
527 1393 609 1464 Quod
623 1393 663 1449 illi
675 1395 736 1451 selo
750 1395 848 1451 domus
861 1394 912 1451 Ilei
931 1395 1065 1463 succensi,
1081 1402 1109 1451 et
1161 1392 1239 1467 ginta
1253 1399 1315 1451 octo
1330 1400 1492 1456 monasteria
1520 1403 1616 1473 partim
1642 1405 1716 1477 viris,
1732 1410 1828 1481 partim
1851 1414 1961 1471 feminis

309 1485 460 1543 divinitatis
474 1498 569 1541 amore
583 1482 702 1552 subnixi,
726 1492 754 1539 et
767 1483 877 1555 insuper
898 1484 1029 1555 predicta
1056 1500 1107 1541 au·
1162 1482 1350 1541 stabilirentur
1371 1502 1423 1559 per
1450 1488 1501 1544 hos
1529 1490 1613 1559 viras,
1639 1494 1808 1554 Dunstanum
1837 1502 1962 1560 videlicet

309 1577 436 1635 ctoritate
457 1572 564 1641 muniti,
589 1571 773 1629 strenuissime
787 1580 848 1628 sunt
862 1572 994 1629 exsecuti.
1026 1574 1107 1644 Nam,
1163 1570 1396 1646 archiepiscopum
1425 1576 1658 1651 cantuariensem,
1675 1582 1836 1645 Oswaldum
1850 1590 1961 1662 pontill-

308 1672 338 1723 ιιι
352 1664 387 1721 de
400 1662 463 1718 aliis
477 1668 594 1730 taceam,
610 1661 710 1717 heatus
724 1660 871 1718 Oswaldas
892 1670 995 1733 septem
1009 1677 1108 1719 mona·
1163 1676 1223 1718 cem
1251 1662 1475 1738 wigornensem,
1504 1678 1531 1724 et
1565 1670 1766 1731 athelwoldum
1804 1678 1962 1753 episcopum

309 1753 395 1809 steria
409 1752 438 1809 ia
448 1766 500 1807 sua
514 1750 627 1806 dioecesi
637 1749 757 1823 regulari
780 1750 933 1822 disciplina,
948 1750 1042 1821 ejectis
1055 1752 1109 1807 cle-
1161 1750 1391 1809 Wintoniensem.

308 1841 374 1899 sicis
387 1840 551 1897 feminarum
565 1837 732 1895 consortium
755 1838 889 1895 Ecclesiis
917 1840 1109 1911 anteponenti·
1199 1839 1235 1894 lis
1248 1848 1337 1897 autem
1365 1843 1534 1915 quaeheatus
1549 1847 1898 1931 Oswaldusaediflcaverat,
1929 1860 1965 1920 da

308 1932 373 1998 bns,
399 1927 523 1997 instituit,
553 1927 683 2000 delegato
697 1927 737 1982 eis
750 1942 834 1998 super
847 1942 879 1983 ea
893 1944 953 1999 qua
980 1927 1109 1985 Ecclesiae
1163 1926 1225 1984 aliis
1237 1930 1311 1986 enim
1335 1932 1628 2010 scribereaproposito
1642 1949 1885 2003 nostroremotum
1913 1958 1964 2021 est,

308 2020 384 2093 prius
396 2016 534 2074 habebant
549 2022 624 2072 tanto
639 2030 673 2071 ex
687 2014 873 2072 munificentia
888 2016 965 2090 regis
988 2024 1016 2073 et
1042 2017 1109 2073 alio·
1122 2040 1151 2103 B
1164 2015 1224 2087 ipse
1239 2034 1339 2093 magna
1354 2037 1461 2095 semper
1475 2040 1540 2081 cura
1554 2034 1581 2083 et
1595 2029 1778 2090 sollicitudine
1792 2034 1964 2111 invigilabat,

308 2124 372 2165 rum
385 2104 540 2179 principum
562 2103 641 2177 segni
655 2104 890 2173 subsidiorerum,
905 2104 1109 2163 utcohnbitan-
1164 2122 1200 2162 ne
1223 2105 1360 2179 diabolus,
1390 2112 1434 2182 qui
1459 2113 1526 2170 sicut
1536 2115 1580 2171 leo
1595 2118 1718 2176 circumit
1731 2139 1857 2196 quaerens
1884 2144 1965 2199 quem

309 2197 383 2254 tibus
396 2192 530 2251 sufficeret
544 2192 689 2249 aduictum
713 2200 795 2265 atque
819 2194 955 2250 restitum.
983 2194 1111 2250 Wincel-
1164 2194 1275 2251 devoret
1290 2196 1318 2267 (I
1330 2200 1407 2256 Petr.
1426 2216 1452 2270 v,
1469 2202 1505 2273 8),
1522 2204 1606 2260 ullum
1628 2207 1739 2266 fratrem
1755 2228 1771 2267 a
1785 2214 1965 2284 professam,

310 2283 452 2343 cumbensi
479 2296 546 2338 vcro
560 2282 736 2350 monasterio,
765 2282 840 2353 quod
853 2282 889 2338 de
903 2290 1009 2353 septem
1027 2298 1111 2338 unum
1164 2298 1222 2339 suae
1244 2300 1340 2341 norma
1367 2288 1519 2347 deviantem
1543 2292 1679 2353 inveniret
1706 2314 1787 2368 quem
1812 2302 1965 2364 devoraret.

309 2380 379 2443 erat,
395 2386 479 2445 supra
492 2377 672 2427 memoratum
689 2370 857 2427 Germanum
867 2372 925 2443 (ιι)
939 2370 966 2425 in
981 2371 1111 2428 abbatem
1165 2372 1244 2463 Undg
1258 2380 1286 2429 et
1298 2375 1394 2432 eadem
1409 2382 1570 2437 monasteria
1585 2382 1735 2455 circumire,
1752 2403 1785 2445 ac
1800 2390 1827 2444 in
1841 2391 1965 2465 singulis,

308 2461 458 2530 ordinavit,
472 2468 499 2516 et
512 2459 574 2516 aliis
587 2459 703 2532 singulis
713 2458 836 2533 singulos
858 2460 887 2515 in
897 2459 1032 2533 religione
1049 2475 1112 2531 prc-
1164 2470 1247 2533 prout
1257 2472 1369 2521 noverat
1385 2468 1525 2540 expedire,
1547 2473 1649 2527 morari
1664 2486 1853 2549 consueverat,
1881 2482 1967 2539 verbo

308 2552 390 2609 batos
412 2548 524 2606 abbates
546 2547 708 2621 praeposuit.
718 2548 759 2604 lle
772 2546 872 2621 quibus
901 2547 1022 2619 quidam,
1052 2548 1111 2604 Fol·
1165 2550 1247 2605 simul
1264 2559 1289 2607 et
1304 2567 1387 2623 opere
1402 2554 1541 2628 fratribus,
1558 2576 1619 2630 quac
1633 2562 1714 2619 saluti
1742 2565 1873 2640 cuiusque
1887 2568 1966 2626 milia

309 2640 427 2697 berhtae
440 2636 559 2704 nornine,
575 2636 749 2692 l’erscorensi
765 2636 903 2705 Ecclesia,
919 2653 981 2709 quse
1000 2652 1054 2693 una
1076 2638 1111 2694 de
1165 2638 1224 2695 fore
1252 2639 1395 2700 advertere
1430 2654 1545 2717 poterat,
1568 2657 1683 2719 paterno
1710 2651 1807 2709 aflectu
1830 2655 1964 2715 submini.

309 2736 418 2801 septem
442 2725 560 2783 ahbatiis
586 2733 636 2793 est,
665 2724 693 2780 in
708 2722 836 2780 abbatem
859 2726 986 2795 prelatus
1004 2735 1054 2797 est,
1070 2726 1113 2782 sir
1164 2734 1264 2784 strena.
1280 2730 1370 2802 Super
1392 2732 1453 2789 heo
1467 2736 1606 2793 nonnullis
1625 2738 1766 2813 Ecclesiis,
1781 2744 1881 2816 quibus
1905 2746 1965 2820 ipse

308 2816 434 2875 moribus
448 2815 539 2888 gravis
558 2823 585 2871 et
600 2812 820 2870 ferventissimas
834 2813 923 2869 cultor
943 2815 1112 2872 monachica
1165 2832 1219 2872 non
1247 2834 1280 2875 eo
1308 2836 1361 2891 quo
1376 2822 1561 2892 superioribus
1575 2826 1657 2885 modo
1671 2828 1839 2903 intendebat,
1858 2842 1911 2891 tam
1927 2836 1966 2894 di.

309 2902 497 2975 institutionis,
509 2902 557 2959 sed
572 2901 600 2957 in
614 2901 747 2972 subditos,
764 2902 837 2973 quod
851 2901 967 2960 raldein
982 2918 1111 2976 eorepre·
1164 2904 1287 2977 sciplinae
1301 2910 1436 2981 regularis
1450 2929 1533 2985 quam
1548 2922 1574 2971 et
1583 2918 1771 2989 grammaticas
1791 2921 1962 2981 liberalium-

308 2993 495 3062 hendebatur,
518 2990 610 3047 nimiae
625 2997 652 3047 et
665 2990 817 3047 indiscretae
832 2992 995 3048 severitatis.
1023 2994 1051 3049 ls
1076 2993 1111 3049 ad
1165 3005 1218 3060 que
1239 2992 1335 3047 artium
1358 2996 1501 3068 magistros
1515 3000 1666 3069 postulatus
1680 3003 1825 3078 dirigebat,
1856 3008 1901 3079 qui
1915 3018 1965 3067 aua

308 3094 433 3143 extrema
443 3081 602 3155 perductus,
619 3087 647 3136 et
661 3078 725 3136 huic
739 3078 803 3136 vita
818 3080 978 3149 subductus,
993 3088 1074 3155 atque
1083 3082 1112 3137 in
1164 3078 1194 3133 in
1217 3078 1305 3136 Gallis
1326 3082 1399 3139 docti
1428 3099 1461 3142 ac
1489 3102 1538 3158 per
1561 3104 1622 3145 eum
1635 3091 1663 3146 in
1678 3093 1804 3166 Angliam
1817 3094 1901 3164 ducti,
1917 3106 1965 3155 aut

312 3176 414 3231 feretro
436 3178 605 3227 mortuomm
628 3183 704 3225 more
727 3169 840 3239 locatus,
865 3179 976 3242 recepto
1004 3170 1111 3243 spiritu,
1164 3176 1239 3225 certe
1254 3185 1304 3226 sua
1314 3174 1463 3245 sagacitate
1478 3176 1508 3231 in
1535 3179 1706 3236 monasteriis
1733 3183 1774 3239 sui
1795 3184 1901 3255 imbuti,
1917 3202 1965 3244 sa·

308 3259 511 3333 trepidantibus
535 3258 638 3315 cunctis
665 3256 750 3314 erexit
776 3273 819 3315 se.
835 3258 920 3331 lgitur
943 3258 1112 3331 fugientibus
1164 3258 1271 3330 pientes
1296 3268 1323 3316 et
1333 3262 1459 3332 preclari
1475 3264 1653 3323 habebantur.
1670 3270 1743 3327 lnter
1772 3274 1964 3347 quosquidam

307 3352 383 3421 aliis,
399 3348 529 3423 prefatus
543 3346 696 3404 Germanus
707 3346 823 3404 accessit
845 3346 988 3404 sciscitans
1001 3365 1055 3420 quo
1066 3349 1110 3406 rel
1167 3346 1347 3406 floriacensis
1357 3352 1517 3409 monoculus
1531 3363 1599 3426 erat,
1614 3356 1692 3416 hbbo
1715 3368 1837 3433 vocatus,
1853 3379 1966 3422 morum

308 3456 395 3512 aquo
409 3439 507 3495 ductus
521 3437 565 3507 sit,
591 3437 656 3508 quid
679 3435 787 3502 viderit,
803 3436 868 3508 quid
888 3437 930 3492 illi
955 3437 1111 3511 contigerit,
1166 3437 1310 3494 sanctitate
1319 3441 1477 3513 praeclerus,
1492 3456 1526 3500 ac
1540 3444 1691 3502 litterarum
1711 3456 1766 3505 tam
1794 3453 1966 3509 saccularium

310 3539 339 3588 et
353 3527 390 3587 ob
404 3526 469 3600 quid
483 3541 608 3583 reversus
622 3524 668 3582 sit.
679 3527 713 3580 ht
727 3524 942 3582 illeseabeato
965 3527 1112 3584 Benedicto
1165 3541 1250 3595 quam
1264 3525 1417 3587 divinarum
1437 3531 1553 3588 scientia
1568 3535 1695 3605 apprime
1706 3535 1861 3595 instructus.
1890 3543 1968 3600 iluna

309 3617 497 3674 inrisionem
524 3613 576 3670 Dei
596 3613 757 3684 perductum
779 3613 876 3679 fuisse,
905 3623 933 3671 et
960 3614 1049 3671 Deum
1064 3631 1113 3672 sua
1165 3621 1245 3683 pater
1255 3612 1399 3672 Oswaldus
1426 3619 1519 3688 posuit
1530 3619 1559 3676 in
1574 3623 1699 3680 coenobio
1723 3625 1885 3684 llamefiensi
1909 3645 1967 3689 mo-

309 3712 425 3781 peooata
433 3702 536 3760 meritis
545 3701 682 3758 dilectoris
696 3701 738 3757 sui
750 3700 872 3759 Osmaldi
887 3701 940 3758 sibi
955 3702 1110 3776 indulsisse,
1167 3703 1270 3758 nachos
1300 3703 1408 3772 docere,
1436 3707 1546 3762 scholas
1580 3725 1677 3783 regere
1706 3718 1735 3769 et
1763 3715 1970 3789 quibuscunque

310 3803 394 3868 atque
408 3793 442 3849 ad
465 3791 645 3848 intimandam
671 3789 842 3848 sanctitatem
866 3790 952 3862 ipsius
976 3791 1062 3848 Patris
1084 3809 1114 3849 se
1169 3788 1281 3862 valeret,
1298 3807 1360 3847 cum
1374 3791 1400 3848 in
1415 3792 1560 3866 disciplina
1575 3798 1753 3870 regularium,
1768 3810 1825 3858 tum
1839 3803 1867 3860 iu
1881 3805 1968 3864 scien.

309 3881 444 3942 revixisse
472 3879 625 3953 respondit.
649 3879 763 3949 liumus,
794 3895 921 3950 quanam
947 3880 1043 3952 forma,
1068 3898 1115 3956 qui
1169 3878 1206 3934 tia
1216 3878 1322 3936 litterali
1336 3881 1480 3951 prodesse.
1500 3883 1580 3954 Quod
1592 3896 1619 3943 et
1632 3887 1705 3945 fecit.
1731 3890 1801 3949 llino
1815 3907 1882 3965 ergo
1900 3909 1968 3968 pro-

308 3972 432 4041 babitus,
462 3969 508 4041 qui
534 3968 620 4025 Patris
632 3967 775 4024 Benedicti
801 3968 945 4025 comitatus
972 3971 1113 4038 exstiterit,
1168 3966 1248 4023 cessit
1263 3977 1292 4024 ut
1306 3985 1367 4024 cum
1388 3971 1531 4045 religionis
1558 3983 1705 4048 augmento
1733 3978 1861 4040 liberales
1885 3991 1968 4056 artes,

308 4066 511 4136 percunctatus,
534 4057 655 4114 habitum
683 4073 855 4130 gemmamm
868 4057 956 4116 nitore
971 4061 1114 4134 praefulgi·
1169 4072 1230 4128 quae
1244 4057 1320 4128 prius
1334 4057 1369 4114 ob
1384 4059 1508 4118 diversos
1528 4078 1607 4120 casus
1622 4064 1649 4120 in
1664 4066 1818 4140 neglectum
1845 4087 1897 4145 per
1910 4075 1970 4131 hn-

309 4152 388 4219 dum,
404 4149 519 4205 formam
547 4147 609 4216 eius
636 4146 708 4202 ultre
735 4147 882 4202 humanam
905 4147 1114 4206 estimationem
1169 4144 1255 4217 gliam
1285 4155 1430 4218 venerant,
1454 4165 1670 4223 quaquaversum
1688 4155 1903 4218 PatrisOswaldi
1926 4163 1970 4219 in·

309 4240 450 4307 decoram,
477 4235 637 4292 comitatum
651 4234 1115 4294 innumeriscandidatommmilli-
1170 4233 1275 4289 dustria
1310 4241 1338 4291 et
1379 4237 1562 4296 sollicitudine
1588 4243 1742 4302 eventilatae
1783 4249 1973 4321 multiplieiter·

309 4329 363 4386 hus
377 4325 574 4384 monachorum
593 4330 619 4379 et
633 4321 899 4396 speciosissimarum
919 4324 1115 4383 sanctimonia·
1169 4321 1345 4392 pullularent.
1368 4325 1484 4381 Palatua
1498 4344 1565 4385 vero
1579 4329 1651 4386 shho
1672 4332 1708 4388 ob
1737 4335 1849 4392 multam
1864 4338 1906 4394 sui
1927 4339 1972 4396 di-

309 4416 378 4473 lium
392 4412 536 4486 respondit
550 4413 810 4485 essecompositum.
821 4413 882 4483 Quo
896 4413 1115 4502 dictoconticuig
1170 4410 1303 4484 gnitatem
1330 4411 1411 4469 heato
1433 4430 1540 4486 quoque
1554 4417 1695 4476 Dunstano
1723 4421 1866 4481 familiaris
1888 4427 1970 4485 valde

310 4513 338 4562 ct
352 4511 464 4574 accepto
478 4501 578 4561 viatico
598 4499 733 4557 Dominici
747 4500 872 4573 corporis
885 4500 1029 4558 dimidium
1043 4503 1116 4559 diem
1171 4499 1285 4568 exstitit,
1314 4501 1425 4572 ejusque
1440 4501 1568 4561 instinctu
1583 4512 1610 4562 et
1622 4507 1801 4580 dispositione
1815 4513 1970 4584 passionem

310 4589 473 4666 supervixit.
491 4593 586 4662 ltaque
597 4587 682 4649 ritem
693 4589 771 4645 obitu
782 4589 879 4646 iterato
894 4589 993 4647 finivit.
1170 4588 1243 4645 beati
1271 4589 1409 4646 lldmundi
1424 4590 1616 4664 gloriosissimi
1630 4597 1703 4669 regis
1729 4600 1878 4673 anglorum
1906 4605 1970 4677 styli

349 4683 411 4738 Post
425 4681 483 4736 hmo
497 4680 525 4734 in
540 4677 603 4735 aliis
617 4677 724 4752 huglioe
742 4679 864 4749 partibus
891 4679 927 4736 ad
955 4681 1113 4753 parochiam
1171 4671 1260 4730 officio
1274 4677 1449 4745 posterorum
1460 4680 1601 4735 memoriae
1611 4680 1734 4738 tradidit.
1765 4685 1829 4741 Post
1853 4685 1915 4745 hac
1942 4697 1970 4745 et

317 4785 396 4826 snam
419 4767 459 4825 nil
485 4767 683 4840 pertinentibus
697 4767 822 4839 insignes
835 4767 974 4825 Ecclesiae
987 4769 1022 4826 ob
1036 4785 1110 4842 pra·
1124 4743 1156 4808 D
1169 4762 1223 4819 alia
1233 4763 1377 4820 innumera
1389 4764 1471 4832 bona,
1488 4783 1548 4838 qua
1562 4767 1590 4823 in
1608 4770 1709 4842 Anglia
1734 4771 1843 4845 fecerat,
1859 4776 1896 4832 ad
1910 4791 1968 4834 mo.

310 4859 394 4914 lixam
408 4871 519 4914 cansam
532 4855 638 4912 clericis
664 4855 808 4914 evacuavit
835 4864 863 4913 et
890 4872 938 4914 eas
962 4867 1113 4916 memorata
1166 4851 1317 4908 hasterium
1344 4870 1423 4910 suum
1445 4855 1596 4914 floriacum
1619 4860 1743 4930 reversis,
1773 4861 1860 4919 abbas
1883 4864 1912 4920 in
1935 4881 1969 4922 ρο

311 4947 474 5004 auctoritate
492 4944 625 5002 subnixus
651 4944 717 5002 rin’s
745 4946 905 5003 monasticae
942 4946 1117 5019 institutioni,
1170 4941 1259 4998 factus
1269 4949 1311 4998 cst
1324 4951 1351 5000 et
1364 4945 1596 5018 postea·martyrii
1610 4947 1704 5020 palma
1718 4964 1734 5006 a
1746 4951 1804 5008 Deo
1817 4969 1870 5024 pro
1886 4953 1968 5026 justi·

311 5035 481 5092 sublimarit.
494 5035 562 5092 Sunt
575 5041 668 5091 eutem
695 5034 739 5089 hee
756 5051 762 5088 :
779 5033 903 5092 Ecclesia
916 5036 1027 5107 pretiosi
1040 5052 1115 5093 mar-
1169 5030 1210 5086 tia
1223 5039 1378 5089 coronatus.

311 5124 379 5196 tyris
402 5123 501 5180 Christi
529 5122 636 5192 Albam,
666 5121 783 5180 ecclesia
807 5133 907 5181 sanctae
929 5125 1115 5184 AEtheldrithae
1205 5121 1304 5177 Beatus
1327 5129 1418 5178 autem
1433 5121 1576 5181 Oswaldus
1599 5124 1645 5182 ubi
1674 5143 1703 5184 se
1727 5131 1890 5190 correctioni
1915 5131 1968 5191 cle·

311 5212 426 5288 virginis
439 5211 552 5282 inlleli,
567 5219 595 5269 et
608 5211 653 5268 illa
665 5227 727 5286 quas
736 5211 809 5285 apud
822 5213 995 5272 beamfletam
1009 5214 1113 5273 consti·
1168 5207 1288 5268 riocrum
1302 5211 1524 5285 wigornensium
1538 5212 1718 5274 lntmmittere
1737 5233 1887 5294 aggressus
1901 5231 1943 5281 est
1958 5238 1966 5296 ;

351 5391 409 5462 (at)
422 5389 859 5447 llefertmonachnsllamesisnsis
876 5390 1112 5450 Gemnnnnmortu
1166 5387 1339 5446 Ramesiensi
1358 5389 1498 5447 successit.
1530 5390 1593 5462 Qui,
1631 5403 1776 5468 postquam
1813 5399 1965 5473 prioratum

313 5461 535 5520 wintoniensem
545 5462 641 5532 fuisse,
652 5461 805 5518 Oswaldiin
813 5462 941 5519 coenobio
949 5463 1113 5521 floriacensi
1167 5461 1288 5518 annisus
1302 5461 1444 5534 gessisset,
1466 5470 1662 5534 postmortem
1686 5467 1801 5526 Ailwini
1826 5471 1965 5530 fundatori

312 5533 551 5602 commonacbnm,
563 5533 626 5588 dein
635 5533 753 5604 priorem
771 5533 929 5590 Westhiriaa
955 5536 993 5591 od
1014 5536 1114 5593 doceo-
1168 5547 1241 5588 anno
1269 5535 1332 5602 993,
1360 5531 1446 5587 abhas
1459 5533 1561 5590 clectus
1584 5543 1635 5606 est,
1651 5537 1685 5592 ad
1701 5539 1793 5612 episcn
1814 5549 1886 5599 atum
1911 5545 1969 5600 llor

313 5606 382 5662 dum
406 5605 533 5662 subditos
560 5605 729 5662 monastico
747 5605 944 5662 institutionis
983 5622 1114 5663 aomaom
1168 5612 1333 5685 cestrensem
1349 5603 1495 5686 hanalatus
1508 5618 1579 5662 anno
1595 5609 1674 5674 tota.
1702 5609 1730 5666 in
1744 5557 1839 5680 plagio
1866 5613 1968 5671 Essen-

313 5675 486 5748 (hadnnthus
496 5675 594 5732 Senior
604 5674 711 5730 interim
724 5675 760 5731 ad
769 5674 926 5746 gerendum
936 5679 1116 5734 exteriorum
1168 5674 1283 5731 dunensi
1298 5689 1403 5732 occisus
1427 5689 1500 5733 anno
1516 5680 1596 5733 toto.
1612 5677 1709 5737 lstadc
1723 5681 1865 5741 lladnotbo
1880 5685 1968 5742 habe·

313 5745 1117 5820 sotttettadtaempraepmttuetastttetassetctmmprte
1168 5745 1313 5820 registrum
1341 5745 1518 5805 Ramcsicnse
1545 5747 1574 5805 in
1593 5749 1753 5826 domestico,
1773 5763 1842 5814 torn.
1866 5759 1964 5832 tpng.

313 5833 372 5874 rem
387 5815 1117 5890 ltamesiaa,postremoabbatemWinchccrumba.hd
1169 5819 1234 5876 ato.

313 5889 563 5950 Wincbemmharn
590 5887 721 5947 uraha
760 5887 920 5950 lisdnothus
941 5889 972 5948 in
994 5891 1117 5963 prioratu
