4750 6725
362 570 401 626 as
1020 531 1365 637 cruarnnrrsrsvur.
1982 568 2017 625 as

365 709 450 768 quam
464 694 550 751 babai
563 696 592 751 in
615 697 704 761 vobis.
719 698 839 771 quandiu
862 697 959 765 abbas,
974 697 1020 769 qni
1040 705 1102 768 post
1125 712 1169 751 me
1184 695 1303 763 Amris,
1322 699 1368 771 qui
1384 716 1427 755 me
1442 708 1555 773 propter
1569 702 1654 757 Deum
1678 714 1727 756 sus
1749 696 1836 772 gratie
1859 694 2018 763 dilexerunt,

366 784 429 850 erit,
445 792 474 839 et
487 786 600 858 ros,qni
617 787 669 843 sub
683 786 731 843 illo
745 786 834 855 eritis,
850 788 903 843 boc
916 787 983 842 mibi
994 785 1167 843 concedetis:
1226 786 1367 859 episcopis
1382 799 1408 844 ot
1423 790 1577 859 abbatibus,
1594 790 1626 845 de
1642 789 1738 860 quibus
1754 802 1796 841 me
1812 786 1901 857 magis
1924 787 2017 855 gravet

366 871 460 928 fiendo
474 881 503 927 ει
517 874 563 929 vix
578 875 649 930 dico.
665 876 782 932 Domino
804 887 896 931 nostro
920 876 984 931 Jesu
1009 874 1128 940 cbristo,
1144 881 1170 928 et
1224 876 1247 929 si
1263 876 1297 931 de
1312 894 1355 933 me
1370 878 1473 950 aliquid
1484 880 1651 951 suspicando
1665 876 1685 905 ⁰⁸
1701 890 1867 949 perversum,
1880 872 2018 927 lollontur.

365 961 422 1030 piae
434 961 561 1033 genitrici
581 964 641 1033 ejas
664 964 767 1030 uana,
783 972 810 1020 et
832 964 915 1020 beate
939 966 1029 1030 Petro,
1045 963 1088 1019 cni
1111 963 1172 1031 ipse
1224 964 1294 1021 Nolo
1308 966 1380 1021 enim
1396 968 1567 1024 dilectionem
1582 983 1673 1023 norum
1689 967 1822 1020 ullatenus
1837 962 1959 1033 perdere,
1971 959 2020 1015 sed

366 1049 575 1105 commendarit
589 1066 655 1107 eres
668 1068 740 1115 suas.
757 1059 785 1109 et
797 1052 878 1109 beato
897 1052 1042 1108 Benedicta
1057 1054 1170 1122 (seeuu·
1225 1068 1344 1125 semper,
1360 1070 1408 1110 ecs
1423 1058 1578 1113 venerando
1593 1064 1619 1111 st
1633 1054 1781 1127 diligendo,
1797 1051 1870 1107 illam
1886 1048 2020 1105 mereriet

366 1137 434 1192 dum
447 1137 529 1208 cujus
543 1139 668 1211 regulam
683 1141 867 1197 obedientiam
889 1140 1005 1213 prolessi
1018 1140 1041 1173 ⁸¹
1054 1141 1130 1211 ostis)
1144 1146 1170 1195 et
1224 1142 1372 1200 custodire.

369 1225 431 1281 aliis
444 1227 548 1282 sanctis
563 1228 613 1284 Dei
627 1243 677 1286 rea
697 1230 870 1297 commendo,
884 1230 1054 1285 dilectissimi
1076 1229 1171 1283 iratres

366 1316 434 1382 mci,
450 1322 478 1370 ct
491 1331 588 1371 corum
602 1318 705 1374 meritis
725 1326 751 1373 et
775 1318 1022 1375 intercessionibus
1042 1320 1101 1389 ipae
1123 1316 1170 1389 qui

366 1418 419 1458 vos
433 1403 550 1459 redemit
571 1407 609 1459 sit
631 1414 724 1462 vester
746 1414 768 1445 ⁸¹
790 1407 886 1474 abbas,
901 1406 939 1462 sit
961 1415 1050 1462 vester
1071 1414 1168 1474 custos,

363 1490 427 1563 ipse
440 1492 525 1549 iaciat
538 1509 588 1549 ves
603 1502 665 1565 post
679 1495 751 1551 banc
760 1496 848 1550 ritem
858 1496 938 1552 beata
948 1495 1074 1551 riverein
1083 1510 1170 1568 regno

363 1596 426 1637 sue.
442 1581 484 1635 lbi
499 1595 551 1637 sua
564 1582 665 1653 pietate
679 1584 783 1639 tribnat
797 1584 864 1639 mibi
878 1599 929 1640 vos
948 1584 1052 1649 videre,
1068 1591 1095 1639 et
1116 1599 1169 1639 vo·

363 1668 476 1725 bissum
491 1671 553 1725 siue
566 1670 621 1727 line
634 1673 765 1741 pendere,
774 1674 821 1745 qui
832 1681 874 1728 est
887 1674 961 1729 Deos
973 1672 1133 1728 benedictus
1142 1671 1170 1726 in
1258 1658 1383 1715 inille!-

363 1758 484 1814 saecula.
503 1762 602 1815 Amen.
618 1761 893 1817 llirauturmultiex
919 1761 1008 1825 vebis,
1023 1776 1093 1832 quos
1114 1768 1170 1814 tam
1259 1755 1427 1811 Dulcissimis
1454 1764 1481 1812 et
1509 1756 1694 1812 dilectissimis
1729 1756 1795 1821 suis,
1825 1755 1906 1810 deme
1934 1748 2019 1824 priori

362 1846 480 1902 deiciet
496 1847 626 1904 lamiliari
640 1848 788 1905 dilectione
801 1849 998 1920 amplectebar,
1014 1857 1043 1903 ut
1063 1848 1168 1903 unicui·
1224 1844 1369 1911 berenice,
1398 1853 1424 1900 et
1451 1846 1511 1900 aliis
1543 1845 1683 1901 monacbis
1720 1844 1908 1906 descensibus,
1936 1841 2019 1897 irater

364 1951 424 2007 que
438 1935 528 1991 videri
541 1944 637 2005 posset
651 1954 695 1992 me
710 1938 813 1993 nullum
826 1939 908 1993 olium
919 1939 1022 2009 pariter
1031 1937 1168 2003 dilexisse,
1223 1935 1382 1999 elusatum,
1399 1934 1443 2004 qui
1460 1934 1589 1990 hactenus
1603 1936 1643 1989 eis
1657 1936 1707 1989 sub
1721 1934 1827 1989 abbatis
1842 1932 1951 1987 nemine
1961 1945 2018 1985 ser·

364 2038 415 2079 cur
430 2039 486 2078 nou
510 2023 564 2078 illis
590 2025 707 2098 singulis
735 2026 857 2098 aliquam
886 2032 988 2082 nestrae
1015 2025 1169 2081 dilectionis
1182 2054 1210 2117 B
1225 2020 1290 2077 virit
1302 2034 1333 2091 ιτ,
1348 2038 1362 2075 e
1378 2023 1435 2077 Deo
1452 2038 1560 2093 semper
1572 2023 1701 2079 custodiri
1716 2034 1740 2079 et
1757 2021 1873 2093 protegi.

363 2113 653 2169 commemorationem
669 2114 771 2170 scribo.
784 2114 839 2171 Sed
854 2114 942 2170 sciant
956 2115 1019 2186 quia
1038 2129 1092 2169 nou
1117 2115 1169 2169 boc
1261 2110 1327 2179 Deo,
1344 2111 1378 2167 de
1393 2127 1436 2165 me
1453 2112 1524 2183 qued
1541 2112 1606 2180 vult,
1622 2124 1650 2169 ut
1664 2114 1697 2169 de
1713 2120 1834 2168 creatura
1850 2124 1907 2174 sua,
1923 2107 2015 2173 velim,

364 2200 429 2256 lecit
444 2200 550 2257 oblirie
564 2217 635 2266 mea,
651 2202 699 2259 sed
715 2203 859 2260 multitudo
873 2219 982 2259 eorum.
1001 2203 1036 2257 Et
1058 2201 1168 2257 lorsitan
1222 2197 1316 2263 nolim,
1346 2199 1516 2270 disponente,
1551 2212 1576 2256 et
1605 2202 1757 2258 reverende
1785 2199 1896 2255 domino
1924 2203 2016 2273 nostro

1473 1232 1642 1290 ΕΡΙὶΤΟΙιΑ
1661 1234 1721 1289 vltt
1738 1232 1771 1289 ⁸⁴.

1366 1338 1488 1379 tussam
1501 1339 1537 1379 tn
1549 1338 1699 1379 noviores
1709 1336 1874 1377 concresse.

1227 1448 1260 1505 tlt
1272 1446 1508 1519 Geillclmumqei
1516 1447 1590 1520 opud
1598 1449 1734 1503 Peaeiem
1745 1446 1821 1518 prior
1828 1445 1886 1513 seit
1895 1444 1925 1498 in
1936 1442 2016 1498 ebbe-

1260 1521 1318 1572 lcm
1328 1518 1453 1589 elipeum
1462 1523 1490 1573 et
1502 1525 1532 1573 et
1542 1519 1615 1574 lianc
1626 1534 1725 1574 curem
1734 1519 1879 1587 suscipiet.
1887 1516 1912 1570 ci
1921 1513 2018 1581 praeci·

1258 1590 1301 1659 pt't
1314 1608 1322 1654 ,·
1335 1589 1463 1646 Buldrr'cc
1476 1592 1573 1645 comm
1587 1605 1624 1646 nc
1637 1591 1796 1661 prioratum
1811 1587 1949 1649 dimittet,
1959 1585 2018 1657 ipsc

363 2288 479 2355 faciam,
493 2305 555 2346 cum
572 2291 663 2360 magis
678 2301 863 2362 opportunum
879 2290 929 2347 erit
942 2306 950 2360 ;
965 2299 992 2345 ει
1006 2289 1028 2345 si
1045 2305 1097 2346 oen
1109 2304 1167 2345 orn·

362 2378 456 2443 nibus,
471 2378 567 2433 saltem
584 2379 731 2451 aliquibus.
749 2380 807 2436 lloc
818 2388 922 2435 tantum
937 2378 970 2435 ed
986 2394 1104 2449 praesens
1114 2378 1168 2433 illis

362 2464 436 2534 dico,
451 2472 483 2521 ut
505 2466 716 2523 reminiscantur
730 2469 793 2540 quia
819 2483 873 2524 non
898 2468 934 2523 eb
957 2468 1030 2523 aliud
1056 2482 1103 2522 eos
1126 2466 1166 2523 sic

363 2553 459 2622 dilexi,
476 2554 530 2611 nisi
546 2563 575 2611 ut
588 2555 644 2628 ipsi
659 2558 749 2613 Deum
763 2564 790 2613 et
803 2558 910 2613 animas
922 2572 986 2611 suas
1007 2554 1165 2626 diligerent.

364 2643 417 2713 lpsi
430 2651 494 2700 sunt
505 2643 571 2700 mibi
585 2653 681 2715 testes,
695 2646 749 2701 hec
760 2646 796 2702 de
810 2645 848 2700 illi
862 2661 971 2715 semper
994 2651 1022 2701 et
1045 2644 1081 2699 de
1102 2659 1165 2699 em-

365 2731 446 2785 uibus
461 2732 542 2788 vobis
559 2732 701 2797 desidero,
715 2736 768 2789 bec
790 2750 897 2805 precor,
914 2734 966 2790 boe
989 2748 1098 2802 moneo,
1113 2734 1165 2788 hee

363 2820 499 2876 consulo:
530 2822 583 2877 boc
610 2821 718 2887 iaciant,
734 2830 760 2877 et
786 2822 826 2878 sic
854 2837 965 2893 semper
991 2820 1165 2877 dilectionem

363 2924 455 2963 meam
481 2908 668 2965 inviolabilem
697 2926 764 2985 erga
789 2928 818 2965 se
844 2909 1004 2967 servabunt.
1032 2908 1165 2965 abbatem

362 2997 446 3053 vobis
458 2997 592 3054 sustinere
609 2997 745 3063 laetante,
762 2999 872 3070 expedit
896 2998 969 3056 enim
994 2996 1088 3054 vobis.
1108 2997 1165 3053 Vs·

1221 2287 1346 2359 principe
1361 2290 1611 2345 Nertbmannorum
1633 2291 1750 2347 Roberto
1779 2288 1964 2353 concedente3
1989 2290 2016 2339 et

1220 2376 1429 2449 archiepiscopo
1440 2387 1533 2435 nestro
1549 2378 1695 2435 Guillelmo
1712 2378 1897 2450 precipiente,
1914 2383 1941 2432 et
1964 2388 2016 2429 ve-

1219 2464 1264 2519 bis
1289 2482 1304 2521 a
1326 2466 1384 2521 Dee
1405 2468 1518 2536 coactis,
1536 2468 1727 2534 laventibus,a
1749 2474 1842 2523 vestra
1864 2478 1931 2521 cura
1954 2478 2014 2517 sum

1220 2552 1405 2619 absolutus,et
1424 2556 1522 2627 mejeri
1542 2556 1687 2613 involutus.
1700 2556 1728 2615 Si
1747 2556 1819 2613 Deus
1835 2554 1913 2609 vobis
1928 2552 2014 2608 dode-

1219 2642 1255 2697 rit
1267 2658 1327 2697 eam
1343 2644 1460 2715 gratiam
1478 2644 1599 2714 praedicti
1614 2646 1718 2700 domini
1733 2644 1819 2700 nostri
1835 2641 1977 2714 principis,
1987 2647 2015 2696 ιιι

1219 2731 1254 2787 (ιε
1269 2731 1392 2787 Ecclesia
1406 2740 1495 2787 nostre
1511 2734 1588 2789 vobis
1602 2734 1668 2787 velit
1687 2734 1753 2788 dare
1774 2732 1948 2798 abbatemet
1963 2745 2015 2785 uo·

1220 2826 1306 2874 strum
1323 2819 1385 2874 inde
1398 2821 1525 2894 dignetur
1546 2821 1639 2878 audire
1659 2820 1811 2885 consilium,
1826 2820 1866 2875 illi
1886 2828 1912 2875 et
1936 2817 2016 2873 vobis

1219 2908 1281 2965 dico
1296 2908 1359 2978 quia
1371 2909 1408 2980 (Ξ)
1425 2908 1459 2967 dc
1473 2910 1548 2966 nullo
1563 2910 1627 2967 mibi
1641 2911 1738 2967 melius
1753 2911 1858 2965 videtur
1875 2922 1958 2979 quem
1981 2906 2015 2961 de

1219 2996 1320 3053 domno
1336 2997 1493 3067 Guillelmo,
1506 3000 1556 3071 qui
1570 2998 1646 3071 prior
1660 2998 1938 3071 luitnpudl’exeium.
1950 2994 2014 3051 Etsi

360 3084 432 3140 lete.
453 3085 527 3141 llaec
541 3086 683 3157 epistolam
707 3094 838 3151 nostram,
854 3088 1060 3158 quibuscunque
1084 3094 1164 3157 pete·
1215 3085 1302 3155 jussio
1316 3085 1429 3157 gloriosi
1445 3088 1548 3143 domini
1564 3090 1647 3143 nostri
1663 3088 1793 3161 principis
1808 3086 1835 3141 in
1851 3088 1902 3142 boc
1924 3085 2014 3153 luerit,

360 3173 418 3243 stis,
428 3188 480 3247 pre
490 3176 668 3231 excusatione
676 3175 755 3232 lslsae
764 3176 799 3232 de
808 3192 851 3231 me
859 3176 1024 3247 suspicionis
1034 3172 1056 3203 ⁸⁴
1071 3183 1164 3230 osteu-
1219 3174 1293 3245 quod
1308 3175 1410 3230 utinum
1425 3177 1463 3231 ite
1477 3176 1534 3245 liat,
1552 3193 1604 3249 ego
1620 3194 1727 3251 quoque
1750 3176 1807 3241 tibi,
1826 3175 1909 3231 irater
1931 3173 2014 3229 Guil-

358 3261 436 3331 dite;
452 3270 480 3321 ει
501 3263 620 3321 maxime
647 3264 809 3321 reverendis
836 3262 955 3322 dominis
984 3272 1010 3321 et
1040 3263 1162 3319 Patribus
1219 3262 1309 3331 leime,
1327 3264 1354 3318 in
1368 3263 1478 3320 nemine
1492 3266 1598 3321 Domini
1613 3282 1663 3339 per
1684 3272 1807 3322 sanctam
1830 3262 2014 3319 obedientiam

1023 3387 1139 3444 lelltE
1155 3387 1352 3446 LECTIONES

395 3485 553 3559 uttegutsm
567 3485 684 3558 professi
699 3506 755 3546 ets.
776 3493 786 3544 l
807 3488 938 3561 Regulam
954 3485 1136 3543 obedientiam
1152 3483 1277 3565 prolessi.
1305 3486 1392 3555 ‘'lpsc
1416 3487 1461 3560 qui
1484 3504 1533 3544 vos
1560 3487 1674 3545 redemit
1694 3487 1825 3560 sanguine
1844 3501 1903 3552 suo,
1919 3499 2013 3566 corum

359 3557 465 3612 meritis
479 3566 506 3611 et
520 3558 760 3615 intercessionibus
775 3559 816 3616 sic
830 3570 922 3616 vester
936 3576 988 3615 ms.
1004 3568 1140 3614 eteorum
1165 3557 1269 3609 meritis
1294 3551 1321 3610 el
1346 3557 1598 3623 intercessionibus,
1614 3562 1673 3632 ipse
1698 3559 1743 3632 qui
1769 3574 1817 3614 vos
1839 3557 1963 3620 redemit,
1979 3562 2013 3610 stt

359 3633 465 3682 vester.
479 3628 586 3684 “Falsas
599 3629 761 3701 suspicionis
776 3649 871 3687 mmor.
890 3631 964 3686 lolsae
978 3630 1013 3685 de
1027 3645 1072 3684 me
1096 3626 1270 3696 suspicionis.
1292 3627 1513 3698 nsnspicandum
1537 3648 1609 3687 mss.
1637 3630 1814 3700 suspicando.
1838 3631 1930 3684 “Com
1955 3629 2012 3681 cir-

359 3697 429 3756 cem
440 3714 507 3756 mss.
523 3700 641 3758 collate.
651 3703 792 3760 ”Helenus
806 3703 858 3758 sub
870 3703 984 3758 Abbatis
999 3700 1108 3756 nomine
1123 3697 1244 3753 serviunt
1260 3715 1325 3754 mss.
1344 3699 1474 3756 hactenus
1488 3701 1529 3756 eis
1545 3704 1596 3756 sub
1621 3702 1736 3756 Abbatis
1753 3700 1864 3755 nemine
1878 3697 2006 3754 servivit.

972 3819 1120 3879 loannis
1135 3819 1276 3874 rtcaunt
1293 3819 1397 3878 NOTAE

397 3922 437 3990 (ι)
450 3919 896 3980 Danellemilrimcliereidcler
908 3921 1036 3994 quamde
1047 3919 1161 3975 demine
1175 3913 1201 3977 C
1217 3915 1291 3972 illam
1314 3927 1491 3976 converteret.
1513 3919 1585 3990 Quid
1601 3922 1702 3991 plural
1717 3918 1821 3976 Annuit
1842 3915 1963 3989 petitioni
1984 3922 2012 3970 et

362 3990 531 4060 Gavillclme,
546 4000 598 4046 etc.
618 3993 688 4049 llius
709 4002 786 4050 certo
809 3993 912 4048 certius
933 4000 974 4048 est
998 3991 1160 4046 anselmum
1217 3997 1280 4043 reto
1294 3987 1373 4044 bonae
1389 3994 1481 4046 matris
1494 3995 1582 4059 qratia
1602 3990 1853 4058 salvatorisnostri,
1870 3991 2012 4067 pietasque

362 4062 433 4118 intus
446 4070 473 4117 et
488 4063 517 4117 in
532 4070 592 4118 oute
617 4065 689 4120 bunc
712 4079 794 4120 nosse
817 4063 999 4128 Willelmum,
1016 4077 1078 4118 cum
1099 4074 1160 4129 spe·

361 4133 500 4189 cialcnen
516 4139 620 4188 tantum
634 4135 669 4189 de
683 4149 716 4190 eo
739 4136 767 4189 iu
791 4135 834 4189 sui
859 4136 948 4190 lecum
973 4132 1090 4213 legende
1115 4129 1161 4184 det

361 4204 520 4267 consilium,
536 4203 586 4258 red
608 4212 636 4259 ει
656 4214 748 4261 votum
770 4205 864 4272 lociat;
879 4221 941 4275 quae
964 4204 1073 4276 quidem
1095 4217 1158 4282 cer-

361 4274 467 4330 tissimo
489 4282 551 4330 sunt
572 4284 734 4346 argumento
758 4277 899 4348 probitatis
920 4284 948 4332 et
971 4277 1159 4330 sanctimoniae

361 4345 513 4402 Guillclmi.
528 4344 667 4417 Agedum,
682 4348 822 4402 videamur
837 4347 913 4402 illum
927 4348 1080 4416 pusionem,
1092 4359 1158 4399 sen·

360 4417 471 4486 simque
489 4415 702 4484 adolescentem,
726 4418 867 4473 videamus
891 4418 1018 4478 tironem,
1034 4431 1095 4470 cum
1115 4413 1159 4468 bic

360 4487 508 4544 videmnus
522 4485 640 4542 laturum
654 4504 708 4544 non
724 4489 785 4545 dico
803 4499 964 4545 veteranum
984 4487 1095 4542 militem
1110 4483 1159 4539 sed

360 4559 475 4615 ducent.
505 4561 663 4630 anonymus
690 4561 819 4627 Beccens,
838 4560 866 4613 in
895 4559 1012 4630 prologo
1035 4558 1159 4614 tttstonae

362 4628 487 4698 ejrrsdem
518 4631 660 4696 potlrcetur
683 4646 712 4686 se
735 4630 795 4700 eius
818 4630 1040 4699 successorisque
1071 4629 1158 4682 Vitam

362 4698 482 4771 posteris
496 4699 651 4756 relicturum
668 4717 674 4754 :
691 4702 763 4756 unde
777 4709 818 4756 est
832 4701 904 4769 qued
924 4700 1023 4756 cenius
1046 4699 1071 4752 ei
1093 4714 1157 4754 cre-

362 4772 461 4828 damas
475 4771 660 4826 narrationem
676 4773 728 4828 boe
738 4773 883 4827 verborum
899 4773 1016 4826 smmine
1031 4769 1157 4824 ordienti.

402 4865 415 4891 ι
427 4841 596 4898 Venerabitis
603 4841 780 4899 tbeasnecct
788 4842 959 4905 Guillelmus,
967 4842 1050 4897 nobili
1060 4840 1159 4896 North·

364 4926 528 4968 mancorum
543 4915 667 4983 prosapia
685 4915 819 4986 originem
836 4914 952 4976 trabeas,
963 4913 991 4967 in
1007 4913 1089 4968 veteri
1110 4927 1159 4966 ca·

362 4992 421 5037 stro
447 4998 531 5051 super
552 4982 667 5049 liollam,
683 4985 755 5054 qued
779 4985 878 5040 dicitur
901 4984 1067 5049 llonslortis,
1080 4982 1161 5038 claris

363 5053 526 5124 parentibus
536 5062 579 5110 cst
592 5063 717 5110 exortus.
738 5056 817 5110 Peter
831 5058 893 5125 ejus
907 5056 1061 5122 Turstinus,
1077 5062 1161 5109 meter

364 5125 494 5180 liberata
516 5124 668 5191 dicebatur,
692 5125 806 5197 liogerii
826 5127 862 5182 de
883 5126 1059 5189 bellomonte.
1077 5124 1161 5181 Patris

363 5194 479 5250 lieberti
494 5195 604 5250 comitis
629 5211 664 5254 ex
685 5213 780 5253 sorore
804 5197 902 5266 neptis.
918 5197 973 5266 Qui
1001 5212 1068 5266 puer
1094 5197 1158 5252 dnm

1217 4060 1275 4128 ejus
1288 4061 1466 4118 sanctissimae
1491 4061 1648 4129 Genitricis‚
1664 4079 1713 4120 nen
1738 4079 1791 4118 nou
1813 4069 1840 4116 et
1863 4059 2012 4116 beatissimi

1217 4131 1383 4186 ceulessoris
1406 4133 1547 4199 Germani,
1573 4145 1600 4190 ct
1623 4135 1710 4190 iniens
1736 4133 1848 4204 integrae
1871 4130 2011 4186 restitutus

1217 4208 1259 4256 est
1283 4203 1422 4272 sospiteti;
1439 4215 1550 4260 matrem
1566 4221 1629 4262 vero
1651 4203 1792 4260 infirmitas
1805 4201 1947 4274 corripuit,
1961 4213 2012 4254 neo

1218 4272 1302 4327 inulte
1318 4282 1380 4344 post
1400 4275 1535 4330 exstinxit.
1552 4276 1643 4332 Crevit
1658 4293 1735 4347 puer,
1752 4283 1777 4328 ει
1801 4289 1862 4329 oum
1887 4273 1921 4328 ed
1942 4285 2011 4326 con-

1216 4359 1312 4414 gruam
1336 4346 1505 4413 pervenisset
1524 4355 1642 4412 aetatem,
1659 4347 1770 4402 traditus
1794 4353 1835 4400 est
1860 4343 2012 4398 litterarum

1216 4414 1315 4468 studiis
1330 4416 1501 4472 imbuendus.
1513 4418 1601 4488 Coepit
1614 4419 1703 4490 itaque
1718 4419 1797 4473 boues
1816 4414 1914 4470 indolis
1937 4429 2010 4479 esse,

1217 4501 1309 4542 amere
1324 4487 1372 4540 ltei
1388 4487 1505 4556 fervere,
1521 4504 1583 4544 cum
1599 4488 1717 4546 honestis
1731 4487 1866 4549 incedere,
1882 4485 1917 4540 ab
1929 4484 2011 4538 inho·

1217 4557 1301 4612 nesus
1320 4557 1439 4612 animum
1460 4575 1600 4615 resecare.
1617 4562 1674 4615 lam
1700 4559 1792 4613 mundi
1817 4558 1908 4612 luxum
1932 4570 2011 4626 sper·

1218 4629 1310 4692 nebat,
1324 4630 1380 4695 jam
1396 4645 1532 4697 sermone,
1547 4641 1621 4686 actus
1635 4639 1659 4686 et
1676 4629 1767 4685 babitu
1781 4627 1861 4682 talem
1883 4641 1913 4682 se
1939 4625 2012 4680 exbi-

1218 4699 1299 4755 bebet
1327 4705 1353 4754 ul
1378 4699 1434 4769 Jarn
1464 4709 1528 4756 tunc
1552 4701 1629 4772 quasi
1656 4700 1805 4755 monachus
1828 4699 1861 4752 ab
1883 4697 2011 4753 omuibus

1218 4771 1375 4834 baberetur,
1396 4780 1525 4843 quantam
1547 4771 1581 4825 ed
1604 4773 1665 4827 ritae
1689 4785 1849 4839 morumque
1871 4767 2011 4839 spectabat

1218 4840 1448 4899 informationem.
1465 4843 1493 4899 Si
1508 4843 1648 4912 quandoa
1667 4842 1790 4910 cognatis
1804 4851 1830 4897 et
1853 4839 1949 4896 amicis
1976 4838 2010 4894 ad

1218 4912 1325 4968 sciolus
1339 4913 1441 4983 aliquid
1464 4913 1587 4982 pecuniae
1603 4912 1654 4968 sibi
1678 4913 1837 4977 mitteretur,
1853 4911 1928 4984 quasi
1952 4925 2008 4964 rem

1218 4984 1319 5040 malam
1348 4983 1450 5039 vitabat
1477 4985 1632 5054 suscipere;
1647 4985 1718 5040 sicut
1743 4982 1862 5039 cendi-ei
1884 4979 1922 5036 uli
1949 4981 2010 5051 ejus

1218 5056 1289 5110 soliti
1321 5064 1396 5110 eraut
1424 5052 1533 5122 relerre,
1568 5055 1606 5110 its
1640 5054 1781 5111 avaritiam
1819 4997 2008 5124 per-ienensi.

1218 5127 1342 5198 Cumque
1355 5125 1510 5182 vicesimum
1527 5128 1649 5195 quintum
1672 5134 1767 5198 egeret
1788 5126 1876 5180 aetatis
1898 5139 2009 5184 anuum,

1217 5198 1374 5254 desiderans
1401 5211 1494 5252 vocem
1524 5196 1631 5252 Domini
1659 5197 1771 5266 implere
1799 5195 1937 5252 dicentis:
1959 5193 2012 5261 Qut

362 5265 457 5322 adbuc
469 5265 497 5320 io
511 5267 591 5320 cunis
606 5266 720 5335 jaceret,
735 5269 814 5336 pravi
834 5270 955 5324 molestia
979 5275 1064 5324 tactus
1087 5283 1156 5338 pene
1168 5269 1199 5333 D
1216 5268 2011 5339 noarenuntiatemamusqeoepcarrdecnoapotestmees

362 5335 451 5392 visum
466 5336 568 5391 amisit.
583 5337 688 5392 Territa
702 5347 789 5392 mater
802 5352 851 5405 pre
866 5339 921 5395 lilio
936 5339 1032 5409 lugens
1041 5337 1158 5394 cucurrit

362 5405 398 5464 ad
412 5408 559 5478 quamdam
574 5409 719 5466 ecclesiam
730 5409 759 5466 S.
776 5409 904 5466 Germani
919 5410 946 5465 iu
960 5410 1055 5466 eedem
1071 5419 1158 5465 castre

362 5477 455 5550 sitam.
471 5488 498 5535 st
511 5477 610 5536 obtulit
625 5478 700 5534 illum
716 5495 799 5550 snper
815 5481 899 5538 altare
915 5480 1039 5551 ejusdem
1065 5480 1158 5538 ecclc-

363 5547 422 5613 tiae,
436 5564 542 5608 roseus
556 5549 625 5617 lleo,
639 5557 667 5606 et
679 5550 846 5608 beatissimas
862 5552 909 5609 Dei
920 5551 1047 5622 genitrici
1057 5551 1159 5614 uana.

364 5627 517 5692 sanctoque
530 5619 680 5684 Germano,
694 5623 803 5692 quodsi
825 5639 893 5692 puer
912 5624 989 5678 illam
1010 5623 1160 5680 incommo

362 5689 475 5747 (litatem
499 5691 650 5758 oculorum,
674 5707 767 5750 eorum
788 5693 893 5752 auxilio
926 5694 1062 5758 eraderet,
1084 5697 1160 5752 illum

362 5761 473 5819 servitio
502 5761 551 5817 Dei
579 5763 706 5830 nutriret,
727 5763 880 5835 litterisque
906 5765 1085 5822 imbuendum
1108 5774 1161 5822 tra·

363 5833 442 5887 deret
456 5831 593 5902 simulque
605 5835 714 5906 rogavit
734 5836 831 5899 Deum,
848 5844 876 5888 ut
899 5836 921 5889 si
943 5838 1024 5891 aliter
1045 5853 1160 5907 puerum

363 5917 461 5960 muare
476 5903 570 5974 nollet,
586 5904 615 5959 in
628 5921 668 5975 se,
683 5905 711 5961 id
731 5915 771 5962 est
791 5907 819 5962 io
841 5914 954 5965 matrem
978 5905 1161 5966 infirmitatem

1214 5339 1530 5410 arsediscipelns:ctsi
1554 5340 1736 5411 uireellpest
1748 5355 1792 5394 mc
1809 5339 1903 5394 venire
1922 5338 2009 5392 olne-

1213 5357 1591 5487 persemettprammtroitrr
1606 5425 1716 5466 crece-m
1732 5411 2008 5481 reconcinnetur

1213 5499 1269 5549 me,
1285 5484 1445 5537 renuntians
1460 5483 1572 5546 munde,
1589 5481 1667 5538 Berci
1688 5479 1774 5536 iaetus
1798 5489 1837 5536 eat
1860 5480 2010 5534 monachus

1215 5555 1265 5610 sub
1281 5553 1453 5608 sanctissimo
1467 5553 1565 5608 abbate
1589 5552 1730 5608 dnsclme.
1747 5553 1887 5616 inarcssus
1911 5564 2009 5604 mona·

1215 5624 1327 5682 sterium
1355 5623 1538 5679 intentissime
1561 5622 1688 5705 religioni
1714 5622 1869 5680 monasticen
1895 5635 2009 5693 operam

1215 5698 1321 5752 dabat:
1342 5694 1452 5752 lectioni
1478 5702 1505 5750 et
1533 5693 1642 5750 silentio
1669 5693 1795 5750 assiduus
1824 5697 1904 5749 vitam
1933 5711 2011 5750 arram

1215 5770 1328 5825 honeste
1343 5766 1481 5822 custodire
1495 5766 1640 5820 admodum
1655 5765 1788 5820 studebat.
1805 5767 1844 5822 lto
1871 5767 1927 5820 Deo
1949 5765 2010 5836 pla-

1215 5856 1279 5895 cere
1298 5839 1419 5908 cupiens,
1436 5836 1590 5892 hominibus
1613 5837 1722 5904 charus,
1737 5837 1762 5890 iu
1785 5836 1880 5890 castris
1902 5837 2009 5892 Domini

1206 5909 1348 5980 bameh,
1364 5909 1422 5982 ejus
1436 5907 1517 5982 siqua
1537 5923 1661 5986 sequeus,
1677 5923 1726 5979 per
1745 5907 1899 5984 quindecim
1922 5924 2010 5974 ennon
