4750 6725
418 569 467 623 tat

682 566 710 621 S.
730 563 885 620 ANSElel
902 556 1078 616 cautuae.
1099 554 1267 612 ARCHIEP.
1288 557 1367 613 OPP.
1384 559 1470 616 atus
1489 559 1538 615 ΙΙΙ.
1554 590 1588 601 ·-
1603 558 1791 618 EPISTOLAE.

2018 565 2076 623 {82

418 691 583 748 voluntatem
598 704 684 743 meam
700 688 802 743 ambire
825 684 926 741 desua
954 678 1369 755 voluntatepermit-Aigitur,
1400 684 1487 746 Pater,
1520 687 1571 748 esi,
1597 686 1667 755 qued
1683 686 1778 743 doctor
1799 687 1992 759 illegentium,
2020 704 2076 745 ns

418 786 470 834 tat.
489 779 548 834 linc
561 786 652 833 autem
668 776 763 831 scitote
778 775 839 845 quia
854 789 934 843 spero
950 772 977 826 in
988 772 1055 831 Dee,
1066 779 1092 825 et
1106 771 1164 824 liaec
1175 775 1216 824 est

419 869 543 924 voluntas
571 882 642 929 mea,
668 872 695 918 ut
723 880 859 933 nunquam
876 878 926 933 pre
941 862 1029 915 reditu
1044 860 1070 913 iii
1087 858 1215 930 Angliam

418 956 521 1028 aliquid
549 966 644 1009 eontra
673 954 842 1007 honestatem
872 950 1055 1022 episcopalem
1097 952 1217 1001 scienter

418 1045 527 1100 laetam.
553 1043 621 1097 blalo
654 1051 742 1097 autem
774 1040 929 1095 bominibus
952 1054 1005 1095 non
1035 1037 1214 1101 concordare.

417 1149 510 1205 quam,
537 1131 590 1185 illis
604 1130 808 1195 concordanda,
824 1146 840 1184 a
855 1130 912 1183 Deo
928 1127 1094 1182 discordare.
1111 1123 1214 1179 Consi-

417 1222 481 1276 lium
497 1220 571 1292 quod
580 1220 669 1289 petitis
683 1218 749 1290 quid
765 1219 844 1273 robis
858 1217 1012 1272 laciendum
1028 1216 1072 1279 sit,
1088 1216 1111 1268 si
1122 1214 1214 1269 domi·

415 1326 466 1364 uus
480 1324 557 1363 meus
569 1325 617 1362 rex
631 1316 658 1362 et
686 1323 739 1377 ege
755 1323 808 1361 nnn
831 1307 1044 1371 concordamus,
1068 1304 1095 1357 iii
1119 1303 1215 1357 litteris

413 1399 511 1469 prioris
536 1396 655 1451 breviter
669 1396 810 1452 mandavi.
833 1397 892 1449 llne
913 1402 1015 1449 lantum
1029 1392 1063 1446 ad
1093 1407 1214 1461 priesens

414 1486 487 1550 dico,
516 1484 598 1539 nullae
613 1484 703 1545 miiiae.
720 1485 804 1539 nuliae
820 1484 977 1553 promissio,
990 1482 1064 1536 nulla
1086 1481 1183 1535 astutia
1198 1495 1214 1534 a

416 1575 551 1647 religione
577 1584 667 1629 vestra
693 1581 853 1642 extorqueat
882 1580 928 1625 aut
970 1572 1137 1641 homagium,
1168 1576 1215 1623 aut

412 1663 616 1735 jasiurandnm,
632 1672 677 1717 aut
692 1661 754 1716 fidei
766 1661 963 1733 alligationem.
979 1660 1007 1715 Si
1031 1661 1094 1729 qnid
1117 1660 1212 1713 borum

416 1752 516 1824 aliquis
531 1754 664 1824 exegerit,
683 1752 740 1805 litae
752 1752 775 1804 si
786 1760 878 1805 vestra
890 1750 1036 1817 responsio
1053 1767 1059 1803 :
1077 1748 1214 1803 Christia-

415 1859 469 1897 nus
484 1858 557 1910 suin,
581 1840 736 1896 monachus
752 1856 825 1904 tom.
849 1841 994 1911 episcopus
1010 1854 1073 1892 auin
1088 1857 1098 1903 ,·
1113 1842 1141 1891 et
1152 1837 1213 1892 ideo

415 1931 546 1987 omnibus
557 1931 707 1996 uelofidem
717 1945 829 1985 seruere
839 1929 995 1983 secontiam
1011 1928 1084 1999 qaod
1099 1926 1213 1981 unicui·

1271 772 1422 836 electionis,
1439 789 1498 827 num
1512 778 1583 827 totus
1597 772 1623 827 in
1640 774 1710 847 legis
1738 777 1921 834 evacuatione
1947 778 2076 846 sudaret,

1271 861 1392 930 uunquid
1409 877 1461 916 nun
1478 862 1505 915 iii
1521 863 1632 933 temple,
1650 880 1685 917 ne
1701 866 1860 921 scandalum
1881 874 1953 922 esset
1969 867 2009 921 liis
2025 866 2077 938 qui

1270 966 1302 1005 ati
1327 950 1539 1005 circumcisione
1563 952 1745 1017 crediderant,
1772 955 1876 1010 bestias
1891 955 2078 1011 immolavit?

1269 1038 1408 1109 Nunquid,
1419 1040 1462 1111 qui
1479 1040 1714 1096 circumcisionem
1731 1042 2075 1109 damnabat,'l'imotlieiiiti

1269 1127 1337 1199 ipse,
1354 1135 1382 1182 ut
1398 1128 1529 1183 omnibus
1547 1130 1638 1185 omnia
1650 1130 1740 1195 lieret,
1756 1145 1809 1186 noti
1825 1132 1996 1189 circumcidit
2009 1130 2041 1161 ‘⁴'
2058 1132 2076 1187 i

1269 1216 1340 1284 Quid
1355 1216 1510 1287 ergolaeiet
1524 1218 1720 1275 misericordiis
1735 1218 1815 1283 iilius,
1838 1220 1984 1292 discipulus
1999 1222 2073 1291 ejus,

1269 1310 1313 1374 qui
1328 1314 1355 1359 nt
1371 1321 1467 1361 serres
1482 1307 1636 1371 redimeret,
1653 1307 1711 1377 ipse
1726 1309 1753 1362 iri
1768 1316 1883 1365 mortem
1912 1326 1942 1365 se
1957 1310 2070 1365 obtulit.

1272 1394 1363 1455 Vides.
1375 1411 1438 1449 ecee
1450 1395 1528 1449 vides
1549 1394 1649 1451 iratres
1663 1406 1735 1463 tuos,
1751 1410 1899 1453 conservos
1914 1402 1985 1460 tuos.
2016 1414 2073 1469 pn·-

1269 1481 1360 1553 pulum
1377 1483 1482 1537 Domini
1511 1484 1550 1537 lui
1575 1484 1633 1553 jam
1657 1485 2070 1559 naulmgiasustinentem,jatn

1268 1572 1403 1626 labantem
1419 1572 1445 1625 in
1460 1571 1493 1599 ⁰⁰
1505 1572 1618 1640 ultimis,
1633 1588 1685 1630 nec
1709 1576 1853 1640 succurris,
1870 1591 1921 1633 nec
1945 1576 2070 1648 porrigis

1267 1661 1416 1721 dexteram.
1427 1676 1477 1715 nec
1491 1662 1612 1728 obiectas
1626 1670 1653 1717 te
1668 1662 1832 1719 discrimini.
1851 1664 2072 1734 Nonneoptabat

1266 1747 1414 1819 Apostolus
1441 1752 1584 1805 anathema
1613 1766 1674 1806 essa
1703 1752 1847 1807 aCbrislu
1871 1752 2071 1822 prolratribus

1267 1839 1323 1893 suis
1338 1839 1454 1893 intente
1469 1838 1571 1909 itaque,
1588 1839 1660 1894 bone
1670 1840 1790 1904 domine,
1811 1841 1854 1911 pie
1881 1842 1969 1905 Pater,
1983 1858 2070 1897 seve-

1268 1929 1372 1982 ritatem
1385 1928 1452 1982 banc
1469 1944 1475 1991 ;
1492 1938 1519 1981 et
1535 1928 1665 1994 ferreum,
1680 1944 1747 1996 pace
1761 1933 1805 1985 tua
1830 1930 1955 1994 dixerim,
1971 1940 2070 2001 pectus

415 2020 568 2091 qucdeben.
579 2018 717 2090 Quidquid
726 2019 797 2073 aliud
809 2018 1008 2081 vebisdicatur,
1017 2017 1059 2069 liis
1068 2015 1213 2070 verbisnec
1227 2032 1253 2091 Β
1268 2016 1361 2071 emolli
1377 2031 1384 2081 ;
1402 2018 1463 2071 reni
1493 2020 1520 2070 el
1535 2018 1615 2072 visita
1639 2018 1747 2088 plebem
1762 2026 1835 2073 tuam
1849 2032 1856 2088 ;
1872 2026 1898 2073 et
1917 2018 1987 2075 inter
2005 2036 2067 2089 ees,

415 2108 521 2164 addatis
536 2108 696 2179 quidquam,
712 2123 762 2161 nee
778 2106 916 2171 minuatis,
932 2105 1005 2177 qnod
1020 2104 1055 2158 ab
1083 2105 1134 2159 bac
1146 2120 1212 2157 sen·

414 2198 499 2252 tentia
522 2197 653 2251 discebat.
675 2196 733 2249 Hoc
748 2197 836 2263 ipsum
852 2195 934 2264 401
952 2194 986 2247 de
1002 2210 1044 2247 me
1063 2194 1135 2250 dieo.
1163 2207 1213 2247 nec

328 2354 333 2359 ι
414 2302 496 2355 super
507 2284 565 2340 baec
578 2284 678 2353 aliquid
695 2284 808 2347 addere,
824 2284 866 2337 vel
882 2284 916 2337 de
932 2282 973 2356 liis
988 2282 1117 2345 minuere,
1129 2280 1212 2351 adju·

414 2383 496 2431 vante
515 2374 580 2438 Dee,
602 2373 678 2427 vele.
699 2374 780 2427 Filias
797 2378 940 2426 vestioset
956 2379 1074 2434 nostros,
1090 2378 1117 2424 et
1132 2368 1212 2435 iilias,

415 2463 485 2518 sicut
508 2463 593 2530 scitis,
623 2463 748 2529 salutate,
778 2469 803 2517 et
830 2469 859 2515 ut
887 2460 970 2515 nestri
995 2475 1131 2515 memores
1158 2458 1214 2513 sint

413 2561 502 2608 orate.

646 2620 815 2677 EPlSTOLd
833 2620 920 2674 XClll
939 2627 980 2674 ⁴⁴⁰.

479 2726 630 2768 utraitnts
645 2724 757 2765 assirim
771 2724 924 2764 asnioaiiii
939 2724 975 2763 tin
987 2723 1148 2765 ausncuuit.

449 2812 531 2882 Regio
544 2811 629 2881 dipnti
637 2812 750 2881 pertore
765 2812 795 2863 ei
807 2806 1176 2877 sanctianlfeoiiburplenn.

448 2906 566 2961 Domino
582 2920 645 2960 vere
659 2918 767 2958 summo
779 2911 807 2957 et
821 2903 890 2957 Patri
905 2906 1047 2967 aasabim,
1064 2904 1111 2957 Dei
1124 2903 1214 2974 gratia

414 2994 605 3051 Cantuariensi
621 2992 836 3062 archiepiscopo,
853 2992 1017 3056 utrarios,
1035 2992 1128 3061 regina
1155 2995 1213 3047 dii-

414 3082 534 3157 gloriim,
552 3081 664 3136 humilis
679 3080 780 3135 ancilla
795 3080 864 3150 ejus,
890 3096 1008 3135 summae
1021 3080 1174 3137 devotionis
1188 3089 1214 3137 et

415 3170 554 3228 servitutis
566 3171 734 3242 obsequium.

449 3269 595 3334 Converte,
633 3268 744 3323 domine
785 3274 890 3333 sancte,
926 3266 1007 3321 Pater
1042 3265 1212 3333 misericors,

413 3359 553 3431 planetum
569 3373 659 3412 meum
674 3356 701 3410 in
716 3356 846 3427 gaudium
870 3356 952 3420 inibi,
967 3364 995 3412 et
1017 3357 1155 3414 circumda
1169 3375 1213 3413 me

413 3448 514 3502 laetitia.
531 3447 610 3514 Ecce,
636 3445 757 3511 domiue,
781 3445 890 3500 humilis
917 3445 1013 3499 ancilla
1040 3451 1084 3500 tua
1107 3447 1218 3500 miseri·

413 3537 514 3594 cordiae
526 3543 579 3591 tuas
593 3533 710 3606 genibus
719 3533 857 3599 devoluta,
874 3533 1015 3604 supplices
1028 3535 1063 3589 ad
1076 3543 1211 3590 tertianus

413 3627 538 3690 tendens,
565 3632 702 3678 consuetae
730 3624 845 3694 postulat
870 3623 1047 3694 benigniorum
1071 3623 1211 3679 affectum.

413 3713 493 3779 Veni,
524 3713 646 3778 domine,
674 3713 746 3775 iterii,
763 3722 789 3766 et
805 3711 882 3766 visita
908 3727 1014 3765 servam
1042 3721 1113 3766 tuam
1141 3713 1214 3781 veui,

413 3804 537 3872 iuquam,
562 3803 655 3867 Pater,
667 3810 691 3855 et
707 3801 829 3871 gemitus
859 3816 935 3854 mens
958 3800 1011 3853 leni
1026 3797 1068 3868 ⁴⁴⁷,
1082 3803 1216 3872 lacrymas

417 3894 556 3961 absterge,
569 3889 677 3944 dolores
692 3890 796 3958 mitiga.
808 3888 895 3942 luctus
906 3889 969 3943 telle
986 3903 994 3955 ;
1009 3889 1091 3959 imple
1103 3891 1215 3944 deside-

417 3981 489 4034 rium
506 3994 595 4032 meum
608 3985 670 4030 veta
685 3977 816 4030 secunda.
837 3979 882 4039 At,
901 3977 1016 4046 inquies,
1046 3979 1107 4048 lege
1118 3980 1216 4048 prelii·

415 4068 492 4131 beor,
522 4076 547 4120 et
562 4065 741 4135 quarumdam
767 4067 956 4119 necessitatum
985 4066 1099 4120 vinculis
1127 4076 1217 4122 teritus

413 4155 551 4212 seniorum
564 4150 595 4181 “⁸
610 4154 721 4210 decreta
737 4153 891 4225 transgredi
906 4169 961 4210 nou
977 4170 1131 4225 praesume.
1145 4154 1217 4226 Quid

1268 2107 1395 2161 ancilium
1411 2113 1494 2170 taam,
1512 2107 1575 2159 tetis
1595 2106 1630 2161 ad
1654 2115 1682 2162 te
1707 2107 1856 2161 visceribus
1879 2108 2066 2165 anhelantem.

1267 2195 1360 2250 lnveni
1376 2198 1573 2265 viamquanac
1588 2198 1735 2265 lupanar,
1756 2197 1800 2265 qui
1817 2197 1956 2265 precedia,
1973 2196 2068 2253 offen-

1268 2283 1327 2347 das,
1357 2298 1408 2338 nee
1436 2283 1519 2353 regite
1535 2283 1684 2353 majestatis
1695 2283 1760 2353 jura
1772 2286 1924 2341 solvantur.
1948 2285 2027 2355 Quod
2044 2285 2070 2341 si

1269 2372 1325 2426 liare
1339 2372 1418 2425 simul
1434 2384 1560 2427 constare
1574 2387 1628 2426 nen
1645 2372 1763 2439 valeant,
1783 2374 1872 2429 veniat
1887 2374 1994 2437 saltem,
2013 2392 2069 2429 ire-

1268 2461 1324 2515 niat
1338 2463 1372 2514 ad
1382 2459 1464 2513 filiam
1482 2461 1568 2525 Pater,
1581 2461 1614 2513 ad
1626 2461 1755 2516 ancilium
1777 2462 1912 2525 deminus,
1929 2470 1955 2517 et
1969 2462 2069 2519 deceat

1268 2550 1400 2622 eamquid
1416 2564 1500 2621 agere
1518 2550 1626 2605 debeat.
1656 2550 1834 2621 Ingrediatur
1861 2552 1894 2607 ad
1910 2567 1969 2608 catii
1985 2562 2068 2609 ante-

1267 2656 1347 2711 quam
1376 2638 1532 2709 egrediatur
1564 2638 1598 2694 de
1619 2640 1732 2696 mundo.
1757 2640 1786 2695 Si
1828 2640 1899 2696 enim
1920 2650 2068 2714 antequam

1268 2729 1373 2784 moriar
1391 2728 1456 2782 milii
1472 2736 1498 2782 te
1518 2742 1573 2782 nen
1589 2728 1680 2783 videre
1701 2729 1855 2802 contigerit,
1871 2729 1996 2802 improbe
2022 2732 2067 2787 lo-

1267 2832 1346 2887 quar,
1363 2817 1449 2872 timeo
1463 2832 1498 2871 ne
1527 2816 1592 2870 mibi
1603 2818 1683 2871 etiam
1699 2818 1726 2871 iii
1751 2818 1799 2872 illa
1827 2827 1898 2874 terra
1913 2820 2065 2876 virentium

1267 2914 1293 2961 et
1319 2906 1465 2962 laetantium
1481 2906 1569 2960 omnis
1584 2906 1735 2961 exsultandi
1758 2907 1920 2978 praecidatur
1944 2910 2065 2966 occasio.

1268 2994 1305 3051 Τιι
1317 2995 1452 3065 siquidem
1464 3010 1495 3049 es
1502 2995 1631 3066 gaudium
1643 3010 1744 3060 meum,
1761 3012 1825 3065 spes
1840 3012 1910 3065 mea,
1926 2996 2066 3070 refugium

1269 3100 1368 3139 meum.
1393 3082 1491 3139 Anima
1506 3098 1567 3139 mea
1591 3084 1659 3139 sicut
1670 3093 1743 3139 terra
1759 3086 1817 3139 sine
1828 3098 1899 3155 aqua
1914 3086 1961 3141 tibi
1978 3086 2071 3148 :unda

1269 3181 1294 3229 et
1318 3172 1436 3237 expandi
1462 3172 1497 3227 ad
1526 3182 1553 3227 te
1576 3188 1673 3227 manus
1687 3188 1772 3233 meas.
1787 3182 1815 3227 ut
1831 3174 1987 3229 ariditatem
2009 3177 2071 3244 ejus

1271 3262 1460 3317 exsultationis
1475 3261 1536 3316 eleo
1552 3262 1707 3331 perfundas,
1723 3267 1750 3317 et
1764 3262 1915 3318 dulcedinis
1938 3265 2071 3334 ingenitae

1272 3367 1334 3408 rore
1345 3351 1420 3424 riges
1433 3348 1474 3406 ⁴⁵¹.
1491 3350 1518 3406 Sl
1542 3358 1632 3406 autem
1661 3367 1711 3406 nec
1734 3358 1761 3405 te
1780 3348 1860 3407 iletiis
1875 3352 1938 3420 mei,
1954 3369 2004 3409 nec
2014 3371 2071 3426 pu·

1272 3443 1344 3497 blica
1361 3451 1421 3498 tnta
1436 3440 1592 3504 sollicitant,
1605 3440 1757 3511 postposita
1772 3441 1847 3514 regia
1861 3441 2007 3514 dignitate,
2022 3459 2071 3500 rc-

1269 3531 1341 3586 lictis
1355 3529 1519 3602 insignibus,
1536 3529 1671 3600 deponam
1683 3530 1783 3594 fasces,
1799 3530 1930 3586 diadema
1945 3541 2072 3588 nexilem-

1269 3637 1343 3688 nam,
1355 3635 1499 3691 purpuram
1513 3619 1679 3690 byssumque
1689 3621 1811 3686 calcabo,
1828 3625 1856 3674 et
1879 3619 1974 3675 radam
1995 3622 2028 3677 ad
2045 3631 2072 3679 te

1270 3725 1389 3766 merore
1405 3708 1538 3764 conlecta.
1555 3709 1613 3777 (ιι)
1628 3707 1782 3778 amplectar
1794 3708 1911 3781 vestigia
1922 3718 1976 3776 tua,
1985 3711 2072 3782 pedes

1270 3798 1460 3863 exosculabor,
1472 3813 1524 3852 nee
1537 3797 1674 3852 amovebit
1689 3811 1742 3859 ine.
1759 3798 1782 3852 si
1797 3800 1888 3853 reniet
1904 3798 1989 3867 Giezi,
2014 3801 2070 3856 nisi

1270 3905 1330 3944 eum
1346 3887 1478 3942 desiderii
1505 3885 1559 3940 mei
1588 3901 1694 3940 summa
1708 3887 1901 3957 complebitur.
1928 3889 1984 3942 Pax
2009 3889 2069 3958 liei,

1271 3994 1331 4050 quea
1347 3983 1608 4046 exsuperatemnem
1624 3991 1745 4039 sensum,
1773 3977 1909 4032 custodiat
1932 3991 1979 4032 eoi
1993 3985 2069 4032 tuum

1271 4075 1297 4123 et
1313 4065 1519 4137 intelligentiam
1533 4073 1616 4132 tuam,
1631 4065 1751 4122 etfaciat
1773 4065 1966 4122 misericordiae
1977 4066 2069 4124 visce-

1271 4156 1347 4210 ribus
1358 4155 1506 4211 abundare.

1071 4315 1185 4373 tauta
1209 4317 1417 4375 LECTIONES.

444 4468 548 4524 “⁸Crtm
562 4465 656 4521 eodem
669 4479 723 4518 ms.
734 4465 850 4520 collate.
865 4462 1022 4520 “⁷Gemitus
1037 4467 1093 4522 leni
1104 4485 1157 4524 iiis.
1174 4470 1292 4538 gemitus
1302 4485 1378 4524 meos
1393 4465 1461 4523 leni.
1471 4462 1627 4522 “⁸Vineulis
1640 4471 1875 4522 tentassemorum
1889 4485 1940 4525 nis.
1952 4467 2069 4526 nexibus

410 4539 661 4600 tentasseniorum.
690 4533 887 4592 “⁹t2ireuiieidit
899 4553 953 4592 me.
969 4553 1023 4593 non
1038 4540 1215 4597 circumcidit.
1243 4540 1421 4596 “⁸Labeutem
1438 4538 1465 4592 iii
1480 4554 1533 4593 ins.
1552 4538 1688 4593 labantem
1703 4539 1743 4593 in.
1767 4535 1900 4618 “attgeris
1917 4557 1969 4597 ms.
1997 4543 2071 4614 riges

1018 4718 1166 4776 toartttts
1185 4713 1325 4776 etcaaet
1344 4715 1459 4774 NOTAE.

446 4874 502 4946 (ιι)
517 4871 685 4942 Amplectar
703 4868 824 4939 asclipio
838 4871 898 4936 tort,
909 4868 991 4941 pedet
1011 4871 1207 4927 exosculabor.
1222 4871 1249 4931 D
1263 4845 1373 4926 demina
1402 4883 1463 4924 mea
1478 4869 1492 4922 ‘l
1508 4867 1586 4924 Certe
1614 4866 1638 4922 si
1665 4881 1712 4922 rex
1740 4867 1822 4924 sciret
1847 4868 1910 4936 ista,
1926 4879 2067 4942 nnnrpiata

411 4947 552 5002 Lectorem
579 4945 623 4996 liic
652 4940 731 4994 selim
752 4950 869 5007 oratum,
885 4957 919 4994 ne
935 4948 1010 5008 putei
1034 4942 1128 4996 isthmo
1146 4958 1208 4996 esse

411 5017 495 5073 verba
511 5023 539 5068 et
553 5028 650 5073 renes,
662 5013 734 5078 quod
749 5013 822 5065 enim
835 5013 931 5082 regina
945 5012 991 5066 illa
1008 5013 1207 5067 modestissima

411 5088 554 5159 pollicetur
566 5085 703 5142 dnselmn,
718 5083 813 5135 eedem
831 5099 942 5152 prorsus
965 5100 1037 5137 anno
1051 5095 1074 5138 et
1091 5087 1206 5150 certeris,

410 5167 439 5212 ut
450 5156 581 5211 credibile
597 5161 647 5213 est,
663 5153 795 5219 preastitit.
809 5154 918 5208 Testem
941 5155 1027 5209 haben
1055 5157 1208 5210 blattbaeuut

410 5228 535 5282 Paridem
552 5240 623 5278 enno
640 5224 709 5276 titia
725 5225 835 5288 majoris
851 5225 975 5280 ilistoriae
988 5226 1016 5278 id
1031 5229 1206 5280 referentem.

413 5322 424 5346 ι
441 5296 664 5362 [tenemurque.
687 5301 809 5362 tempore
824 5295 910 5348 David
926 5297 1009 5349 irater
1032 5301 1134 5366 regines
1150 5303 1208 5350 iln-

410 5371 518 5440 glurnm
545 5365 688 5429 llatliitdis,
720 5365 793 5418 venit
821 5365 847 5418 iii
872 5368 1006 5434 ttngllam,
1033 5379 1059 5422 ut
1085 5383 1207 5422 sorerem

410 5457 485 5494 suam
499 5440 630 5493 visitaret.
645 5435 695 5504 Qui
711 5451 773 5489 curii
790 5446 868 5490 nocte
879 5439 995 5500 quadarn
1014 5438 1040 5492 in
1056 5440 1206 5493 thalamum

410 5513 470 5580 ejus
494 5510 529 5565 ab
553 5511 611 5577 ipsa
649 5515 762 5561 vocatus
800 5508 917 5562 venissel
941 5505 1063 5574 ilemum,
1105 5511 1208 5563 invenit

409 5582 528 5652 leprosis
539 5581 654 5650 plenam,
666 5587 693 5630 et
708 5577 813 5649 regina.
829 5580 855 5630 iit
870 5578 959 5634 medio
979 5593 1064 5642 stans,
1081 5582 1207 5651 deposito

409 5653 504 5726 pallia,
521 5653 604 5704 ιιιιτιιο
619 5667 648 5701 se
658 5649 778 5716 utrisque
794 5651 916 5703 manibus
931 5651 1080 5720 praecinxit,
1097 5662 1123 5705 et
1137 5667 1207 5722 aqua

408 5725 545 5794 imposita,
571 5723 651 5788 eoepit
666 5721 758 5773 larnre
783 5723 865 5782 peiles
881 5737 988 5788 eornm,
1010 5732 1037 5777 et
1063 5733 1205 5790 extergere

408 5797 501 5860 linteo,
519 5803 542 5850 et
559 5796 678 5862 utrisque
693 5791 818 5845 manibus
834 5796 994 5848 constrictos
1022 5799 1102 5864 erepit
1116 5795 1203 5850 devo·

408 5869 514 5923 tissime
527 5864 658 5922 osculaii.
668 5863 716 5919 Cui
727 5863 828 5920 irater:
849 5864 919 5933 Quid
938 5873 980 5921 est
1003 5865 1077 5935 quod
1099 5867 1204 5937 aglae

1263 4943 1421 5012 dignaretur
1435 4957 1465 4996 es
1477 4949 1550 4996 tuum
1561 4939 1838 5010 leprosornmpedum
1850 4943 1910 4996 tabe
1922 4943 2064 5011 pollutum,

1263 5013 1344 5066 labiis
1371 5013 1425 5066 suis
1446 5011 1571 5067 oseulari.
1598 5011 1630 5064 ut
1649 5011 1695 5064 illa
1719 5012 1870 5073 subridens,
1901 5013 1957 5066 ait:
1977 5013 2065 5070 Pedes

1263 5085 1346 5153 Regis
1360 5083 1455 5138 aeterni
1472 5084 1532 5150 quis
1556 5081 1640 5136 nescit
1673 5081 1753 5136 labiis
1771 5085 1845 5154 regia
1861 5083 1984 5138 merituri
2001 5101 2063 5140 esse

1262 5155 1448 5224 praelerendos
1463 5155 1477 5205 ‘l
1492 5155 1575 5218 linea,
1601 5167 1653 5224 ego
1670 5153 1774 5207 idcireo
1795 5164 1819 5208 te
1844 5155 1947 5218 vocari,
1978 5153 2062 5210 irater

1262 5227 1430 5288 charissime,
1455 5232 1482 5278 ut
1504 5225 1628 5293 exemplo
1657 5239 1718 5278 meo
1733 5223 1799 5278 talia
1820 5224 1909 5279 diseas
1928 5227 2058 5294 onerari;

1261 5299 1314 5358 iac.
1339 5312 1416 5366 rege.
1448 5296 1523 5366 qued
1553 5311 1595 5348 iiie
1625 5294 1715 5349 iacere
1743 5294 1863 5350 intueris.
1883 5317 1894 5344 i
1914 5297 2059 5370 liuctisqtia

1264 5369 1404 5422 ttnttliens
1427 5367 1509 5432 Paris,
1539 5369 1580 5420 cui
1597 5365 1725 5420 nonnulla
1741 5365 1945 5433 adjecissemus,
1966 5371 1991 5421 si
2009 5386 2057 5422 ve·

1261 5440 1344 5492 nisset
1354 5439 1381 5492 in
1393 5454 1489 5490 maniis
1505 5447 1608 5491 uestras
1622 5437 1690 5490 liber
1705 5436 1739 5489 de
1764 5439 1826 5507 ejus
1842 5439 1899 5492 Vita
1927 5437 2056 5508 scriptus,

1261 5510 1339 5579 cnjus
1356 5511 1519 5564 mentionem
1537 5509 1600 5563 iavit
1628 5509 1791 5562 Guillelmiis
1815 5508 2053 5577 Gemmatinensis,

1259 5580 1308 5634 lib.
1327 5596 1373 5634 ιιιιι
1389 5580 1513 5634 Historiae
1528 5580 1626 5634 ducum
1637 5579 1897 5644 Nortlimauoorum,
1923 5597 1984 5647 cap.
2013 5583 2055 5637 to.

1261 5651 1311 5705 lis.
1331 5653 1429 5706 Victor.
1448 5651 1526 5704 liabet
1541 5655 1567 5719 ιι,
1582 5651 1609 5703 in
1623 5651 1694 5705 hune
1710 5649 1831 5706 modurn.
1851 5673 1862 5700 a
1880 5645 2055 5720 Qiiantieau-

1260 5732 1312 5776 tem
1344 5722 1495 5778 sanctitatis
1514 5730 1540 5776 el
1567 5721 1692 5776 scientiae
1728 5729 1778 5775 tem
1807 5723 1945 5776 saecularis
1974 5736 2056 5795 quam

1259 5793 1405 5863 spiritualis
1415 5803 1527 5864 utraque
1542 5793 1645 5866 regina,
1657 5793 1714 5846 ilar
1735 5799 1807 5849 areta
1834 5793 1937 5849 scilieet
1954 5802 1980 5848 et
1995 5795 2057 5849 itta-

1259 5865 1469 5936 thiltlisfuerint,
1488 5863 1570 5933 liber,
1597 5863 1694 5939 quide
1713 5809 1776 5921 §ita
1801 5864 1925 5936 ipsarum
1939 5863 2057 5938 scriptus
