4750 6725
353 589 404 648 309

860 589 997 650 SPUth.
1017 619 1051 634 ·-
1065 586 1113 648 DE
1127 587 1300 650 CONCEPT.
1320 590 1349 650 B.
1365 591 1493 652 nanim.

1949 603 2000 660 310

352 725 380 779 el
394 716 522 778 omuibus
536 715 664 794 operibus
682 719 731 782 Dei
755 725 887 793 praeslens
911 727 938 778 et
958 717 1146 786 inenarrabile,
1163 712 1192 776 Α
1207 737 1267 778 rum
1282 722 1310 780 iu
1337 722 1488 781 substantia
1516 729 1615 782 nostrae
1643 723 1731 783 caruis
1759 725 1917 786 dominandi
1941 729 2003 802 jore

353 812 450 879 llario,
467 811 571 868 scilicet
586 811 631 868 illa
647 811 740 883 magni
763 812 846 867 maris
870 811 1038 868 nobilissima
1063 811 1149 879 stella,

354 901 405 956 boe
419 909 461 958 est
476 900 558 960 totius
573 901 665 958 saeculi
681 901 833 970 illustratio,
849 907 874 956 et
890 902 1010 956 omnium
1026 901 1054 954 in
1080 908 1148 956 tam-

353 991 505 1061 pestalibus
533 991 701 1047 diversorum
725 1006 836 1045 casuum
868 989 1037 1046 titubantium
1071 989 1150 1045 inde-

353 1079 445 1136 ficiens
462 1079 584 1136 leuamen
607 1088 633 1135 et
656 1080 815 1146 consolatio,
831 1095 881 1134 nec
905 1095 958 1134 non
982 1079 1017 1132 ab
1040 1087 1149 1134 aeternae

353 1169 453 1224 mortis
472 1169 580 1224 interitu
602 1169 757 1241 parantium
779 1185 811 1224 ac
833 1169 883 1224 sub
908 1168 966 1238 ejus
990 1167 1147 1238 praesidium

353 1257 567 1330 confugientium
582 1261 668 1312 tutum
683 1259 807 1326 juvamen
821 1265 902 1330 atque
916 1255 1075 1326 redemptio.

387 1365 425 1419 Te
438 1363 531 1435 igitur,
548 1365 668 1432 domina,
686 1381 767 1437 quiam
782 1365 809 1419 in
825 1370 928 1419 lantum
944 1363 1050 1420 culmen
1073 1378 1147 1433 prae-

352 1452 497 1508 destinarit
525 1462 550 1508 et
578 1453 671 1509 extulit
707 1453 798 1509 divina
834 1453 963 1524 potentia,
993 1467 1072 1522 quiam
1109 1459 1147 1506 tot

349 1541 541 1615 prerogativis
555 1542 658 1598 dotavit
674 1551 770 1599 cuneta
792 1542 940 1614 disponens
963 1539 1013 1596 Dei
1035 1539 1147 1610 sapien-

350 1629 397 1696 tia,
414 1647 496 1701 quam
511 1631 564 1686 sibi
578 1643 692 1688 matrem
706 1631 788 1702 elegit
802 1631 836 1687 ad
852 1631 952 1685 mundo
976 1628 1147 1685 subvenien-

352 1718 415 1774 dum
429 1720 489 1790 ipsa
513 1719 633 1776 omnium
657 1721 847 1776 salvandorum
873 1717 1020 1774 ineffabilis
1042 1715 1147 1772 miseri·

350 1807 453 1874 cordia,
469 1809 676 1875 crediderimne‚
690 1824 793 1881 qoaeso,
809 1817 834 1864 te
849 1817 934 1864 morte
957 1807 1071 1878 peceati,
1086 1823 1147 1876 qnae

349 1911 399 1965 per
413 1896 544 1952 iuvidiam
561 1897 662 1954 diaboli
681 1897 823 1968 occupavit
846 1897 938 1953 orbem
963 1904 1103 1962 terrarum,
1120 1895 1146 1948 ln

348 1989 396 2040 tuo
411 1994 543 2056 conceptu
560 1987 679 2057 potuisse
702 1987 834 2060 gravari?
849 2002 892 2042 me
911 2001 1027 2056 namque
1050 1986 1145 2040 iterum

1204 821 1370 884 penetraret.

1239 929 1316 983 Nunc
1327 937 1416 983 autem
1433 947 1495 1002 quae
1509 931 1607 1003 gloria,
1623 933 1685 1002 quis
1699 934 1795 1003 honor,
1807 951 1867 1005 quae
1875 934 2001 1006 jubilatio

1204 1018 1303 1085 cordis,
1319 1035 1380 1087 qaae
1392 1019 1546 1085 jucunditas
1561 1022 1669 1088 meritis,
1683 1039 1743 1092 quae
1751 1025 1880 1079 securitas
1890 1033 1999 1081 aetemae

1204 1104 1377 1160 beatitudinis
1392 1108 1441 1162 erit
1456 1108 1580 1164 humanm
1596 1119 1707 1177 traturae,
1724 1114 1834 1181 quondo
1848 1113 1923 1167 illum
1948 1113 1999 1168 sibi

1202 1194 1301 1248 viderit
1324 1197 1555 1265 concorporalem,
1577 1215 1656 1266 quem
1681 1200 1769 1254 omnis
1792 1201 1889 1256 militia
1911 1203 1999 1256 roelo-

1201 1298 1261 1336 rum
1282 1283 1378 1338 adorat
1401 1300 1484 1354 super
1506 1301 1536 1340 se
1555 1302 1648 1340 rerum
1672 1288 1768 1354 Deum,
1786 1304 1848 1343 com
1869 1291 1949 1345 Patre
1971 1299 1998 1346 et

1202 1369 1303 1438 Spiritu
1324 1379 1415 1427 sancto
1439 1373 1531 1428 omnia
1551 1383 1699 1444 regentem,
1715 1375 1841 1430 omnibus
1860 1377 1997 1446 imperan-

1202 1465 1267 1526 tem,
1293 1466 1318 1514 et
1345 1464 1445 1515 alenae
1473 1461 1548 1516 Patri
1575 1479 1625 1518 suo
1662 1464 1935 1520 consusbslantialem
1970 1473 1998 1521 et

1200 1546 1473 1617 coomnipotentem?
1502 1551 1578 1605 llanc
1608 1551 1737 1623 gloriam,
1759 1555 1829 1608 hane
1861 1562 1997 1610 tantorum

1199 1633 1333 1691 bonorum
1361 1639 1562 1707 possessionem
1590 1657 1728 1711 nunquam
1754 1643 1874 1697 humana
1900 1651 1997 1698 tratura

1199 1725 1404 1795 adipisceretur,
1422 1728 1445 1782 si
1466 1729 1538 1782 Deus
1557 1730 1625 1798 ipse,
1641 1746 1691 1799 pro
1717 1730 1869 1801 expiatione
1890 1731 1996 1803 peccati

1199 1812 1274 1879 ndae,
1290 1813 1415 1870 incarne
1431 1817 1549 1871 humana
1566 1832 1621 1872 non
1640 1827 1805 1876 nasceretur.
1816 1819 1993 1890 hiultoigitur

1199 1899 1305 1956 felicius
1319 1911 1346 1956 et
1356 1903 1465 1976 dignius
1483 1905 1511 1958 in
1533 1922 1619 1976 regno
1640 1908 1769 1962 caelorum
1792 1909 1892 1963 arianus
1914 1924 1995 1979 quarn

1199 1989 1221 2042 si
1235 1990 1321 2044 Adam
1337 2007 1391 2046 non
1405 2003 1543 2063 peccasset
1559 1995 1638 2049 futuri
1654 2012 1789 2052 essemus.
1808 1999 1841 2052 tn
1857 1998 1922 2067 quid
1933 1997 1994 2064 erit,

350 2079 431 2144 atqne
454 2073 553 2130 iterum
576 2075 661 2145 ipsas,
686 2090 752 2146 quas
775 2075 899 2145 superius
922 2073 1145 2142 commemoravi,
1160 2065 1187 2128 Β
1203 2078 1270 2134 forte
1284 2079 1381 2150 aliquis
1384 2121 1488 2136 .....
1506 2084 1541 2137 de
1556 2083 1687 2140 memoria
1701 2084 1845 2151 malorum,
1861 2102 1910 2157 pro
1930 2103 1997 2156 quo-

348 2161 469 2216 rationes
494 2163 692 2233 considerante,
722 2163 827 2220 animus
854 2165 906 2218 hoc
932 2163 1042 2218 eredere
1070 2162 1144 2230 vitat,

347 2247 461 2305 intentio
475 2249 613 2320 abhorret,
629 2251 722 2324 lingua
736 2252 878 2308 falerinae
894 2252 985 2308 audet.

384 2339 467 2408 Quod
489 2339 587 2396 dicitur
608 2349 643 2407 te,
670 2341 692 2396 si
714 2349 776 2396 ante
798 2349 904 2412 partum
929 2339 1003 2397 beati
1026 2340 1075 2395 filii
1108 2340 1145 2395 lui

348 2435 488 2498 praercnta
502 2429 623 2499 corporis
646 2437 732 2484 morte
756 2429 865 2497 luisses,
881 2429 1021 2504 originalis
1042 2430 1143 2501 peccati

348 2515 437 2588 legem
453 2517 569 2572 aliorum
594 2534 670 2574 more
691 2519 807 2574 evadere
831 2535 884 2574 non
907 2520 1038 2591 potuisse,
1055 2520 1145 2589 inepte

348 2603 455 2671 dicitur,
470 2621 520 2662 nec
544 2607 609 2662 tanti
630 2614 669 2663 est
692 2615 721 2663 ut
744 2608 768 2663 ei
793 2610 998 2678 respondeatur.
1024 2608 1146 2678 Qualiter

347 2693 421 2749 enim
436 2702 525 2750 mater
546 2695 595 2752 Dei
619 2696 708 2751 lutura
730 2697 916 2767 preordinata
940 2698 1046 2766 luisses,
1063 2697 1085 2752 si
1109 2698 1144 2752 ad

346 2782 398 2837 hoc
423 2791 459 2850 te,
485 2783 531 2854 qui
552 2785 753 2856 preordinavit,
777 2787 849 2840 Deus
873 2801 927 2840 non
950 2785 1144 2856 perduxisset?

347 2871 417 2926 Nam
434 2871 462 2926 in
477 2874 534 2928 Deo
549 2889 603 2929 noo
618 2880 666 2940 est,
683 2878 725 2930 eal
736 2881 762 2929 et
776 2890 843 2942 non,
860 2875 908 2929 sed
924 2874 1036 2944 simplex
1052 2879 1093 2930 erl
1117 2874 1143 2928 in

346 2958 393 3014 illo
408 2966 457 3015 est.
474 2963 515 3016 An
531 2977 605 3017 mors
619 2961 818 3019 valentioresse
833 2971 926 3032 posset
939 2963 1007 3031 lieo,
1019 2963 1054 3017 de
1067 2962 1144 3031 cujus
1171 2965 1173 2972 '

345 3063 428 3102 manu
443 3064 524 3105 nemo
548 3049 618 3106 ualet
642 3051 789 3122 quidquam
811 3051 929 3121 rapere?
944 3053 1021 3106 Nunc
1043 3058 1141 3118 autern,

346 3135 410 3206 quia
435 3137 501 3194 tanti
522 3139 595 3210 apud
613 3138 698 3194 Deum
724 3155 782 3210 proe
804 3141 879 3194 ornni
903 3146 1025 3194 creatura
1061 3155 1100 3208 es,
1115 3148 1144 3195 ut

345 3227 431 3281 blaten
445 3228 504 3298 ejus
518 3227 682 3299 dignissime
697 3227 753 3282 fieri
767 3228 922 3296 meruisses,
938 3227 1007 3283 sicut
1022 3227 1078 3298 ipso
1089 3243 1143 3282 non

344 3321 450 3371 tantum
473 3323 643 3387 superaestus
668 3323 694 3374 el
715 3318 840 3386 mundus,
857 3317 906 3373 sed
931 3315 1005 3387 ipsas
1034 3316 1142 3372 castitas

1200 2183 1260 2221 rum
1283 2167 1457 2240 integerrima
1481 2171 1629 2227 abolitione
1653 2173 1865 2230 interminabiles
1893 2176 1995 2248 gratias

1198 2264 1310 2328 agerent
1337 2258 1387 2328 illi,
1412 2275 1492 2329 quem
1518 2269 1678 2330 praesentem
1708 2277 1817 2334 semper
1845 2263 1993 2333 habebunt,

1199 2361 1249 2399 suo
1262 2346 1387 2415 piissimo
1401 2347 1576 2419 lletlemptori
1590 2350 1743 2422 quicunque
1764 2349 1802 2406 ibi
1824 2351 1923 2408 luerint
1945 2354 1995 2410 bo·

1199 2433 1309 2489 mines‘l
1324 2437 1433 2490 Constat
1446 2438 1519 2493 enim
1534 2439 1606 2508 quod
1621 2439 1845 2495 omnesomnium
1861 2442 1996 2498 conscicn-

1199 2521 1243 2578 oae
1257 2523 1376 2595 singulis
1388 2525 1519 2594 patebunt
1533 2541 1587 2582 nou
1608 2525 1697 2583 solum
1720 2528 1882 2598 bominibus,
1899 2532 1947 2586 sed
1968 2538 1995 2588 el

1198 2612 1357 2682 augelorum
1372 2620 1398 2668 et
1420 2613 1561 2669 bominum
1589 2623 1616 2670 et
1641 2617 1747 2689 angelis
1772 2624 1799 2672 et
1826 2619 1991 2676 bominibus.

1198 2699 1266 2754 Cum
1280 2699 1362 2772 igitur
1380 2701 1520 2756 cherubim
1542 2711 1569 2757 et
1589 2705 1736 2774 seraphim,
1749 2707 1837 2761 throni
1861 2714 1887 2762 et
1902 2709 1993 2764 dorni-

1198 2787 1331 2855 nationes,
1347 2788 1459 2861 aliaeque
1482 2790 1610 2846 cetorum
1634 2791 1754 2861 virtutes,
1778 2794 1806 2849 in
1826 2797 1994 2853 conscientia

1198 2877 1366 2948 singulorum
1385 2879 1562 2950 cognoverint
1581 2889 1691 2951 peccata
1712 2881 1830 2951 illomm,
1847 2901 1931 2956 seque
1955 2895 1993 2941 ta·

1197 2963 1264 3019 lium
1275 2965 1391 3022 viderint
1406 2968 1516 3023 omnino
1531 2967 1658 3039 insontes,
1675 2973 1811 3040 quomodo
1825 2972 1883 3029 lieri
1893 2975 1994 3044 poterit

1197 3061 1226 3106 ut
1240 3069 1287 3109 eos
1301 3071 1354 3110 noo
1370 3064 1525 3126 computent
1537 3057 1635 3112 exinde
1649 3058 1757 3114 uiliores
1771 3077 1852 3130 quarn
1873 3064 1897 3117 si
1921 3080 1993 3119 nun-

1198 3157 1278 3213 quam
1303 3143 1343 3198 eis
1357 3143 1442 3214 aliqui
1471 3145 1538 3200 tales
1564 3145 1696 3202 dominati
1724 3149 1837 3205 luissent
1863 3155 1993 3208 errores‘.l

1197 3228 1342 3298 Quomodo
1356 3248 1423 3305 ergo
1437 3233 1542 3290 felicius
1556 3242 1582 3290 et
1597 3235 1708 3306 dignius
1723 3246 1799 3292 auant
1814 3237 1841 3293 in
1864 3241 1994 3299 societate

1197 3320 1365 3391 angelomm
1386 3338 1500 3393 quorum
1523 3322 1612 3380 vilitas
1631 3323 1789 3381 nominator
1810 3343 1844 3382 ex
1869 3343 1994 3386 eommu-

344 3404 458 3475 ipsaquc
478 3406 611 3461 munditia
634 3413 673 3461 est
696 3423 702 3460 :
728 3406 765 3462 ita
788 3422 867 3461 carne
888 3421 982 3463 verum
1005 3406 1141 3460 hominem
1157 3416 1182 3481 0
1198 3408 1278 3463 nione
1299 3411 1403 3479 peccati
1423 3412 1490 3467 Adae
1509 3410 1686 3470 estimatione
1703 3414 1857 3485 ipsorum?
1880 3434 1994 3489 peecare

343 3494 466 3565 paritura
490 3510 560 3563 eras,
577 3496 679 3549 munda
701 3510 756 3566 prae
779 3494 904 3549 omnibus
927 3494 986 3562 jure
1009 3511 1069 3550 esse
1090 3496 1140 3550 de·
1197 3511 1315 3566 namque
1330 3497 1474 3553 infelicitas
1496 3508 1523 3553 et
1543 3499 1700 3572 indignitas,
1715 3518 1769 3558 non
1790 3510 1905 3574 peccare
1929 3523 1991 3563 uero

344 3581 455 3639 bueras.
473 3582 622 3639 Primordia
636 3582 727 3655 itaque
742 3581 883 3639 creationis
907 3592 959 3638 tuae
981 3584 1078 3639 merito
1092 3582 1141 3638 lilii
1195 3582 1308 3639 felicitas
1330 3590 1358 3639 al
1378 3585 1498 3657 dignitas
1521 3588 1674 3643 comitator.
1699 3590 1764 3645 ilaec
1786 3592 1809 3645 si
1831 3594 1892 3663 quis
1915 3595 1989 3661 dicit,

342 3679 444 3727 sanctas
458 3670 589 3727 Ecclesiae
605 3671 704 3727 debent
718 3671 853 3740 venerari,
868 3672 890 3725 sl
905 3679 1008 3737 sancta,
1022 3671 1137 3738 sicasla,
1195 3671 1258 3726 duci
1283 3672 1391 3742 quidem
1415 3673 1518 3729 ratione
1545 3674 1661 3743 videtur,
1685 3678 1733 3732 sed
1764 3680 1904 3744 bumana;
1927 3698 1990 3737 uam

341 3759 365 3815 si
379 3776 395 3814 a
410 3758 593 3831 corruptionis
608 3760 650 3817 vel
663 3758 767 3830 peccati
781 3775 851 3831 ruga
874 3759 923 3815 ille
946 3760 1059 3815 credunt
1081 3776 1139 3815 esse
1193 3759 1317 3814 caelestia
1332 3760 1513 3816 consideranti
1528 3762 1581 3817 alia
1604 3763 1639 3818 ab
1660 3764 1719 3819 istis
1732 3766 1850 3822 occurrit
1864 3770 1990 3825 conside·

342 3848 475 3906 discreto.

377 3936 429 4007 Qui
445 3937 524 3992 aliter
541 3936 666 4007 sentiunt,
682 3938 754 4008 quod
778 3936 874 3993 melius
898 3935 1059 4007 approbant,
1075 3954 1137 3993 cre·

343 4028 416 4083 dant.
434 4027 504 4099 Ego,
520 4025 642 4097 piissima
656 4026 776 4093 domitta,
793 4042 845 4098 ego
866 4033 925 4081 tuus
945 4026 1138 4096 qualiscunque

342 4116 475 4185 servulus,
491 4131 554 4188 ego,
566 4116 633 4183 scio,
649 4116 732 4171 credo
747 4122 773 4171 et
786 4113 915 4171 confiteor
931 4116 995 4184 quia
1016 4114 1079 4170 inde
1103 4132 1137 4170 ex

340 4205 433 4261 radice
446 4206 520 4260 lesse
534 4204 716 4274 pucherrima,
732 4218 763 4258 aa
776 4219 826 4273 per
840 4204 891 4259 hoc
921 4202 993 4259 omni
1017 4204 1090 4273 quod
1111 4211 1137 4258 te

340 4294 510 4365 aliquatenus
525 4292 695 4349 decoloraret
710 4290 813 4362 peccati
828 4291 938 4346 vulnera
960 4290 1048 4346 aliena
1069 4307 1135 4361 pro-

340 4382 425 4451 diisti,
442 4390 468 4437 at
482 4380 656 4453 integerrima
670 4396 832 4451 permanens
846 4380 942 4435 llorem
964 4380 1136 4450 speciosissi-

338 4488 413 4526 mum
437 4469 575 4541 protulisti
592 4490 598 4525 :
615 4470 720 4538 llorern,
736 4470 857 4539 inquam,
871 4468 1015 4539 protulisti,
1032 4476 1058 4525 et
1081 4484 1135 4523 non

1193 3847 1272 3903 ratio.
1289 3848 1351 3904 Non
1365 3848 1436 3905 euim
1450 3850 1491 3904 illi
1503 3849 1620 3922 angelici
1636 3852 1755 3923 spiritus,
1772 3870 1887 3924 quorum
1910 3858 1989 3913 simi-

1193 3935 1343 4004 litudinem,
1358 3938 1435 4007 juxta
1457 3939 1622 4009 promissum
1645 3941 1765 4012 Domini,
1781 3945 1904 4015 adepturi
1926 3958 1990 4003 sunt

1191 4032 1254 4094 post
1280 4026 1333 4082 boc
1360 4026 1487 4081 sarculum
1515 4026 1615 4100 quique
1641 4029 1706 4101 justi
1734 4030 1867 4101 homines,
1893 4034 1921 4090 in
1948 4035 1989 4091 eis

1192 4113 1402 4169 considerabunt
1415 4115 1460 4186 qui
1483 4116 1591 4183 fuerint,
1607 4118 1656 4173 sed
1678 4122 1723 4190 qni
1747 4120 1808 4190 sint,
1823 4121 1888 4177 licet
1909 4124 1936 4180 bi
1959 4125 1988 4179 in

1191 4203 1321 4257 memoria
1335 4219 1383 4257 sua
1398 4202 1518 4259 habeant
1531 4204 1577 4276 qui
1593 4203 1705 4273 luerint,
1721 4207 1756 4263 ad
1776 4207 1884 4264 laudem
1908 4212 1986 4267 scili-

1191 4298 1234 4345 cet
1247 4298 1273 4346 el
1288 4291 1322 4345 ad
1337 4290 1454 4363 gloriam
1470 4292 1620 4349 Salvatoris
1635 4296 1688 4351 sui.
1703 4295 1780 4351 Certe
1803 4297 1827 4351 si
1847 4297 1944 4369 aliquis
1959 4301 1986 4354 in

1189 4379 1240 4434 hac
1255 4379 1363 4434 mortali
1378 4395 1459 4434 carne
1472 4380 1575 4449 positus
1590 4380 1680 4451 aliquo
1695 4385 1774 4455 gravi
1787 4385 1893 4450 morbo,
1909 4388 1985 4442 verbi

1189 4466 1288 4538 gretia,
1305 4467 1379 4538 lepra
1393 4483 1549 4537 percussus.
1566 4476 1620 4526 toto
1635 4486 1747 4541 corporo
1762 4473 1899 4527 rectrribus
1920 4488 1985 4531 sca-

339 4559 565 4631 qualemcunque,
590 4560 639 4614 sed
667 4574 748 4628 super
775 4573 853 4629 quem
882 4556 1047 4627 septiformis
1074 4556 1134 4627 Spi·
1188 4562 1266 4622 teret,
1281 4555 1424 4611 etcunetis
1443 4571 1503 4611 eum
1527 4556 1693 4613 intuentibus
1716 4560 1844 4615 horridus
1865 4561 1985 4617 immane

339 4650 405 4703 ritus
435 4655 544 4703 sanetus
568 4646 708 4718 requievit,
738 4654 764 4701 et
791 4646 876 4701 odore
905 4645 967 4701 ritae
994 4646 1132 4715 perennis,
1188 4643 1295 4713 feteret,
1323 4644 1346 4698 si
1369 4643 1460 4717 aliquo
1481 4652 1589 4713 eventu,
1605 4654 1698 4716 utpote
1718 4647 1887 4704 medicorum
1907 4650 1983 4719 jura-

338 4738 422 4794 odore
437 4736 531 4792 salutis
544 4745 651 4791 aeternae
666 4750 774 4791 omnem
789 4742 938 4789 creaturam
953 4734 1041 4806 gratia
1056 4735 1130 4791 dlvi·
1190 4732 1271 4794 miue,
1285 4733 1329 4788 vel
1344 4741 1469 4803 respectu
1483 4734 1552 4789 mira
1567 4734 1689 4790 facientis
1706 4736 1756 4791 Dei
1778 4738 1981 4803 misericordie,

336 4826 425 4881 nitatis
452 4841 509 4880 suae
536 4823 665 4894 respersit
692 4822 772 4894 alque
798 4822 922 4894 replerit.
939 4823 988 4877 l‘er
1015 4823 1086 4878 hunc
1115 4840 1132 4878 o
1187 4820 1301 4894 integra
1325 4822 1434 4877 sanitati
1456 4822 1595 4877 restitutus
1616 4822 1721 4891 suisset,
1743 4828 1771 4879 et
1793 4824 1846 4880 reis
1869 4828 1910 4881 eis
1938 4828 1984 4900 qui

336 4921 449 4986 peccato
464 4912 546 4985 primi
565 4913 685 4983 parentis
709 4912 866 4977 liberamur,
883 4919 909 4967 et
933 4919 1046 4967 mortem
1071 4928 1133 4985 quae
1188 4925 1251 4965 eum
1265 4910 1340 4980 prius
1360 4918 1491 4966 noverant
1512 4911 1683 4977 innotuisset,
1699 4927 1764 4968 mon
1788 4912 1815 4967 hi
1837 4914 1882 4986 qui
1906 4916 1983 4971 illum

336 5020 386 5073 per
401 5002 474 5057 istud
489 5001 599 5057 intrarit
613 5002 640 5055 in
656 5002 751 5057 orbem
766 5008 898 5055 terrarum
912 5000 1061 5067 evadimus,
1078 5001 1133 5055 mi·
1185 5006 1248 5054 ante
1257 4998 1494 5065 abominabantur,
1510 4999 1532 5053 si
1547 5000 1667 5055 ebaritas
1689 5001 1718 5055 in
1741 5000 1781 5056 eis
1804 5002 1881 5057 lirma
1902 5003 1981 5075 vige-

335 5092 417 5147 scrias
432 5090 529 5161 quibus
543 5088 747 5160 opprimebatur
762 5087 850 5144 omnis
864 5104 928 5144 caro
948 5090 983 5144 ob
1007 5090 1131 5145 meritum
1187 5096 1229 5143 ret
1252 5088 1342 5156 ipsum
1366 5088 1470 5155 videre,
1486 5088 1576 5157 ipsum
1597 5087 1709 5161 alloqui,
1735 5090 1762 5144 in
1785 5090 1844 5161 ipso
1865 5094 1981 5165 gratiam

336 5179 421 5250 ipsius
436 5178 538 5243 delicti,
553 5179 611 5247 Jam
626 5176 693 5233 alias
707 5178 734 5233 in
744 5193 782 5243 re,
799 5176 867 5232 alias
882 5177 910 5232 in
923 5194 980 5249 spe,
992 5178 1133 5234 conculcat
1186 5176 1237 5232 Del
1251 5185 1380 5245 cuperent
1393 5175 1503 5245 intueri,
1516 5176 1620 5243 mirari,
1636 5180 1773 5247 venerari,
1789 5187 1815 5234 et
1830 5180 1921 5250 ipsum
1933 5184 1982 5237 du-

338 5269 396 5339 lpsa
411 5282 474 5324 caro
498 5267 639 5336 redempta
660 5281 755 5321 cruore
776 5266 862 5336 ipsius
882 5265 966 5333 lloris,
984 5266 1055 5321 unici
1078 5268 1134 5322 sci·
1187 5264 1249 5336 plici
1271 5265 1374 5320 bonore
1392 5264 1496 5319 censeri
1520 5264 1674 5320 habendam
1700 5284 1706 5320 :
1732 5268 1792 5339 ipse
1809 5269 1983 5327 nibilominus

339 5356 399 5412 licet
415 5354 463 5411 otii
478 5354 514 5410 tui
529 5363 554 5410 et
570 5354 669 5411 dilecti.
686 5354 739 5410 Per
754 5356 824 5411 hunc
845 5370 952 5427 quoque
973 5371 1027 5410 non
1050 5355 1132 5411 niodo
1186 5370 1243 5409 suae
1256 5352 1421 5408 infirmitatis
1435 5369 1490 5408 oon
1504 5352 1656 5424 immemor,
1672 5355 1733 5410 aliis
1746 5357 1830 5412 etiam
1850 5358 1982 5430 ignoran-

339 5444 479 5515 portdiso,
509 5446 580 5499 unde
608 5444 693 5499 lldam
724 5442 772 5498 tuit
797 5442 930 5515 repulsos,
959 5442 1131 5513 restituimur,
1188 5442 1259 5497 tibus
1272 5456 1332 5497 eam
1347 5442 1419 5496 ultro
1433 5448 1459 5497 el
1474 5458 1536 5497 cum
1556 5444 1673 5513 aptandam
1699 5443 1740 5499 sui
1763 5448 1983 5517 augmentatione

338 5534 386 5588 sed
401 5540 429 5589 et
442 5546 529 5604 ragno
540 5531 682 5597 eoelorum,
699 5530 770 5602 qood
786 5548 839 5587 non
854 5530 988 5600 babuerit,
1002 5531 1048 5587 sed
1058 5532 1133 5587 habi·
1187 5531 1310 5597 referret,
1325 5539 1353 5585 ut
1367 5530 1455 5602 primo
1470 5538 1496 5585 et
1510 5530 1645 5602 precipue
1667 5532 1718 5587 bei
1739 5534 1827 5603 gratia
1847 5536 1921 5603 inde,
1934 5552 1982 5591 seo

339 5620 590 5677 turuseratsinon
619 5628 771 5691 peccasset,
788 5622 872 5677 ntttlto
903 5620 1008 5677 felicius
1035 5620 1081 5678 illo
1108 5628 1135 5677 et
1188 5620 1360 5675 medicorum
1384 5619 1469 5690 perita
1492 5619 1614 5685 scientia,
1635 5636 1681 5675 sau
1703 5636 1751 5675 sua
1774 5621 1980 5695 longanimitas,

339 5710 449 5782 dignius
478 5708 637 5764 invehimur.
659 5710 729 5763 Nam
757 5710 781 5763 si
808 5709 865 5764 Deo
893 5710 1054 5765 inobediens
1082 5726 1135 5767 non
1188 5709 1232 5766 vel
1246 5709 1404 5765 devotarum
1420 5723 1531 5778 precum
1545 5724 1606 5764 cum
1623 5708 1765 5765 beatorum
1780 5726 1893 5781 operum
1919 5712 1981 5766 diu-

338 5798 445 5863 inisset,
461 5812 597 5867 nunquam
613 5796 696 5852 Filius
709 5798 759 5853 ilai
776 5800 858 5854 bomo
871 5798 958 5864 heret,
975 5798 1002 5852 in
1015 5814 1069 5871 quo
1093 5799 1135 5854 rel
1190 5798 1247 5854 tina
1273 5796 1440 5853 exhibitione
1466 5796 1600 5864 instantia,
1624 5797 1667 5853 rel
1690 5799 1855 5853 medentium
1882 5799 1984 5854 inllicta

337 5902 385 5959 pro
400 5902 455 5959 qao
470 5894 585 5944 mortem
599 5884 703 5956 patiens
716 5900 748 5943 ao
762 5902 909 5960 resurgens
919 5902 1034 5961 regnum
1049 5888 1135 5945 coelo-
1192 5886 1356 5959 asperitasa
1379 5885 1474 5943 salutis
1498 5885 1651 5943 desiderato
1674 5884 1772 5943 abacto
1795 5902 1850 5943 non
1871 5886 1989 5963 dehere,
