4750 6725
285 625 335 681 213
743 619 876 682 seculi.
893 651 926 668 ·—
940 623 1083 684 DlALOG.
1099 621 1146 682 bc
1161 623 1335 687 passione
1350 628 1486 688 nonnul.
1884 623 1936 685 tut

283 764 365 822 quam
378 743 516 822 ignobiles
528 747 565 812 ¹⁸:
580 745 710 818 meando,
727 749 790 823 quia
805 757 877 807 tanta
890 751 1013 824 angustia
1024 767 1085 808 eum
1101 750 1128 813 A
1179 753 1215 809 ll.
1233 755 1314 810 ltilias
1329 773 1405 812 meus
1422 753 1551 829 applicuit
1579 753 1631 813 sibi
1659 767 1778 822 servum,
1795 757 1822 810 el
1835 754 1940 812 curavit

285 838 394 908 invasit,
411 837 485 910 quod
499 847 592 912 guttas
605 839 771 908 sanguineas
784 839 890 895 sudavit
904 841 938 896 de
954 849 1009 896 tolo
1023 855 1085 896 cor·
1140 843 1287 898 auriculam
1302 846 1360 914 ejus
1370 844 1452 916 (Luc.
1471 863 1541 912 xxiv,
1560 848 1651 914 {titel
1667 845 1734 900 dixit
1748 845 1841 899 Petrot
1858 844 1937 900 llitle

284 945 364 999 pore,
380 937 407 984 el
421 929 484 1002 quia
499 929 570 985 Deus
592 936 658 990 erat,
674 929 736 984 ideo
762 929 853 984 omnia
881 947 942 1000 quaa
956 946 1086 1001 passurus
1137 933 1301 1002 pladiuruin
1311 943 1331 972 ¹⁹
1341 936 1480 1004 cuparum.
1493 933 1937 1006 Diouiseuimquiucceperitqlu-

283 1025 342 1072 erat
357 1017 503 1087 prescivit,
532 1017 659 1073 videlicet
686 1017 903 1088 conspuitionem
917 1017 937 1048 '⁴
953 1018 1085 1090 blaspbe-
1139 1021 1330 1093 ctumqlaclm
1340 1024 1452 1096 peribit.
1470 1029 1511 1080 Au
1521 1029 1607 1095 putor
1619 1023 1871 1095 quiuncuposrum
1887 1037 1935 1076 ro-

284 1107 364 1173 mias,
381 1105 604 1178 flagellationem,
626 1104 838 1174 crucifixionem,
866 1116 894 1162 et
920 1107 1084 1178 hujusmodi.
1137 1127 1205 1180 porc
1220 1113 1335 1166 Putrem
1348 1128 1452 1176 mcum,
1469 1117 1498 1167 ct
1511 1118 1531 1147 ⁴⁰
1542 1111 1684 1167 exhibebit
1697 1110 1769 1165 mibi
1783 1111 1934 1182 plusquam

285 1195 360 1250 Licet
373 1195 445 1250 erum
460 1193 502 1250 lur
516 1194 583 1249 sciat
598 1194 671 1265 quod
690 1195 759 1250 mori
775 1194 881 1260 debeat,
897 1204 987 1251 tamen
1002 1196 1088 1251 nescit
1139 1199 1282 1254 duodecim
1314 1201 1436 1272 leqioucr
1465 1199 1775 1270 unqelorumrtttacm.
1794 1201 1934 1267 rumim,

284 1284 349 1355 quid
364 1299 441 1338 mors
451 1283 550 1354 sapiat,
567 1282 617 1336 nisi
633 1283 741 1353 quando
755 1283 828 1338 suuis
842 1284 950 1356 stringit
963 1285 1061 1339 collum
1078 1299 1085 1352 ;
1139 1288 1393 1356 astrueremus
1408 1287 1541 1358 discipuli,
1559 1287 1651 1343 relicto
1669 1304 1712 1348 co.
1728 1287 1866 1358 sugerunt.

284 1373 332 1428 sed
350 1372 523 1436 tiliusmcus,
550 1371 642 1427 omnia
669 1371 805 1442 prescivit
834 1381 960 1444 tanquam
975 1374 1047 1429 Deus
1060 1381 1086 1428 et
1175 1379 1207 1431 A.
1236 1377 1295 1443 Dic,
1323 1376 1440 1446 pissima
1468 1376 1617 1439 domina“,
1645 1375 1717 1430 luisti
1736 1373 1933 1430 nunccumil-

284 1463 384 1530 laomo;
401 1460 478 1516 tertia
491 1460 524 1529 ²⁸,
539 1460 601 1530 quia
615 1461 752 1531 prrcscivit
774 1462 847 1531 quod
861 1462 947 1518 Judoei
963 1477 1019 1516 non
1034 1463 1085 1517 de·
1139 1464 1201 1522 10⁴¹
1215 1467 1229 1518 ‘l

287 1549 424 1605 herculei
439 1549 564 1604 misereri
577 1559 608 1602 ¹⁸.
624 1549 657 1604 Et
671 1551 780 1620 quaudo
808 1549 847 1606 sic
861 1550 946 1606 oravit
962 1571 968 1605 :
985 1551 1084 1618 Putcr,

282 1641 308 1696 si
322 1639 455 1712 possibile
463 1643 505 1694 cal
514 1635 546 1705 ¹⁴,
560 1642 718 1695 trausacto
729 1654 773 1696 me
781 1639 860 1696 cotie
868 1639 932 1706 iste,
943 1646 1086 1695 cerumta-

285 1744 351 1784 men
368 1743 428 1784 nou
442 1743 507 1784 mea
522 1728 664 1792 uoluatur,
680 1733 727 1784 sed
755 1733 806 1784 tun
821 1729 1085 1798 Aut(tlnttlr.xxv1,

1175 1555 1211 1608 ltt.
1227 1556 1301 1610 Nou.

1175 1645 1211 1698 A.
1227 1645 1327 1713 Quare,
1344 1659 1405 1699 cum
1421 1659 1483 1699 eum
1500 1651 1600 1699 lantum
1616 1641 1743 1715 diligeres
1751 1643 1771 1673 ‘³
1786 1643 1800 1695 i

1175 1734 1211 1786 lll.
1228 1734 1289 1787 Nox
1306 1732 1435 1798 instabat,
1451 1741 1478 1787 et
1499 1748 1552 1787 non
1567 1732 1730 1802 expediebat
1744 1738 1773 1786 ut
1783 1723 1938 1801 juvenculae

287 1821 343 1884 39),
358 1814 474 1888 angelus
488 1815 597 1870 Domini
609 1814 629 1843 ¹⁸
640 1816 762 1887 appuniit
778 1816 803 1870 ei
815 1817 975 1872 confortans
988 1832 1051 1871 eum
1061 1825 1087 1872 et
1139 1819 1159 1853 ‘⁴
1175 1831 1238 1876 tuno
1252 1821 1318 1877 loris
1332 1822 1529 1877 invenirentur.

283 1905 378 1960 dicens
393 1905 430 1958 ’τ
447 1903 580 1960 Constans
593 1911 663 1972 esto,
684 1904 809 1973 Domine,
825 1905 907 1960 modo
931 1921 1019 1978 genus
1032 1906 1086 1961 liu-

284 2009 395 2048 manum
411 1993 604 2063 redempturus
615 2007 644 2048 es
658 1994 689 2048 ⁸⁰.

603 2110 719 2167 CAPUT
739 2109 772 2165 ll.

466 2207 504 2264 De
523 2205 629 2264 curisti
647 2207 909 2281 comprehensione.

325 2313 457 2369 Posthac
472 2311 544 2368 tilius
565 2329 644 2369 meus
659 2313 694 2368 ad
715 2313 864 2384 discipulos
880 2313 972 2383 rediit,
989 2329 1089 2384 easque

295 2401 464 2458 dormientes
478 2401 590 2472 invenit,
611 2401 744 2472 quibuset
758 2401 869 2458 cisitu:
885 2403 945 2459 ll'ou
960 2403 1091 2474 potuistis

290 2507 349 2546 uua
359 2490 555 2562 Acruuiqilure
564 2490 811 2562 uaecum?(ltuttla.
824 2507 902 2560 xxva,
911 2493 967 2560 lu.)
977 2491 1091 2561 Dtadje·

291 2580 343 2634 cit:
358 2581 427 2635 licre
438 2579 676 2652 ”appropinquat
692 2577 745 2651 qui
759 2596 804 2636 me
820 2581 913 2636 trudet
999 2581 1089 2650 (leid,

289 2669 334 2734 lo)
347 2687 354 2732 ;
366 2676 393 2723 et
403 2683 467 2724 ecce
479 2668 564 2722 ludas
575 2667 649 2724 venit
666 2683 727 2724 cum
747 2669 827 2725 turba
846 2685 956 2743 magna,
967 2669 1091 2742 dixitque

287 2757 405 2813 ludaeis:
432 2757 493 2812 Duo
507 2757 662 2812 consimiles
685 2765 756 2826 sunt,
779 2759 883 2816 scilicet
901 2760 1017 2815 Jacobus
1032 2765 1058 2814 et
1070 2760 1090 2788 ⁸⁸

288 2847 381 2916 lesus3
394 2846 468 2902 unde
477 2847 513 2901 do
522 2846 601 2902 vobis
611 2846 739 2918 signum:
762 2847 960 2922 Quemcunque
976 2849 1090 2905 occulu-

289 2942 334 2990 tua
348 2937 442 3006 sucro,
454 2935 585 3006 lpseeat,·
599 2937 693 2990 tenete
703 2951 765 2992 cum
778 2936 890 3006 (llattlu
903 2937 1092 3006 xxv1,l8).Et

287 3037 350 3079 cum
364 3023 451 3078 ludas
464 3021 610 3079 accederet
628 3039 689 3078 cum
706 3025 794 3090 turba,
819 3025 952 3096 processit
964 3026 1041 3080 Jesus
1056 3025 1090 3080 ad

286 3127 346 3177 eos,
362 3110 476 3168 dicens:
507 3111 593 3179 Quem
616 3113 772 3185 queritis?
793 3112 845 3182 Qui
867 3115 1087 3186 responderunt:

285 3201 382 3258 terum
399 3201 588 3258 Nazarenum.
605 3200 710 3270 Quibus
722 3202 814 3258 lesus:
830 3204 880 3274 Epo
891 3219 964 3259 suut.
980 3203 1088 3257 Etcum

285 3289 424 3344 dixisset:
451 3291 589 3361 mesum,
622 3304 718 3346 omnes
746 3292 904 3347 ecciderunt
931 3299 1086 3347 retrorsum.

287 3381 390 3434 lterum
407 3379 577 3434 dixitJesus:
597 3379 680 3436 Sime
697 3381 1087 3453 querimoniarumque.

1175 1913 1213 1965 A.
1233 1910 1283 1965 Ubi
1299 1926 1375 1982 ergo,
1392 1909 1560 1975 dulcissima,
1576 1908 1648 1964 luisti
1661 1910 1706 1962 *ἰ

1176 2000 1212 2052 llt.
1243 1999 1290 2052 Fui
1317 1999 1439 2055 indomo
1467 1998 1571 2054 sororis
1598 2013 1675 2062 meae,
1705 1997 1801 2053 matris
1827 1993 1939 2052 loannis

1099 2101 1125 2160 Β
1141 2088 1328 2160 evangelistae.

1177 2179 1209 2232 A.
1226 2176 1370 2244 Quomodo
1392 2192 1458 2248 ergo
1482 2175 1526 2232 vel
1548 2176 1609 2248 quis
1634 2175 1767 2231 nuntiarit
1795 2174 1843 2229 tibi
1868 2173 1940 2245 quod

1143 2271 1232 2321 actum
1249 2265 1327 2320 fuit‘·
1342 2266 1356 2319 't

1179 2355 1219 2409 lll.
1238 2354 1313 2409 Audi
1329 2369 1410 2421 launo,
1426 2354 1564 2418 Anselme‚
1595 2352 1668 2423 quod
1682 2351 1796 2407 mullum
1809 2355 1851 2407 est
1863 2359 1884 2392 ⁴⁷
1897 2350 1942 2406 la-

1144 2443 1302 2498 mentabile.
1319 2444 1457 2500 Venerunt
1484 2442 1609 2513 discipuli
1637 2448 1788 2504 currentes,
1810 2439 1941 2510 etlucry-

1145 2532 1280 2587 mabiliter
1293 2533 1456 2587 clamantes:
1479 2531 1502 2587 0
1530 2531 1691 2587 charissima
1704 2528 1815 2585 domina
1825 2525 1856 2598 ⁴¹,
1871 2526 1943 2583 dilc-

1144 2628 1205 2676 otus
1218 2619 1288 2674 tilius
1301 2630 1360 2675 tuus
1374 2619 1506 2675 Dominus
1519 2628 1546 2674 et
1564 2620 1695 2691 magister
1707 2626 1801 2673 noster
1812 2617 1832 2647 ‘⁸
1848 2623 1944 2688 raptus

1145 2717 1195 2775 est,
1211 2715 1238 2764 et
1252 2708 1388 2764 nescimus
1403 2725 1458 2780 quo
1473 2708 1586 2764 ducatur
1610 2709 1669 2778 jam
1696 2707 1806 2779 ligatus,
1819 2704 1862 2760 vel
1876 2703 1944 2776 quid

1145 2796 1192 2852 fiat
1205 2798 1230 2852 ei
1245 2797 1275 2864 ⁵⁰,
1287 2797 1331 2852 vel
1344 2806 1432 2851 utrum
1448 2797 1485 2852 sit
1498 2797 1614 2852 occisus.

1179 2888 1211 2940 A.
1228 2885 1337 2941 Flevisti
1353 2895 1426 2951 tunc,
1443 2884 1582 2940 dominat

1137 3005 1139 3011 ι
1179 2975 1217 3028 ltl.
1232 2975 1305 3029 licet
1319 2974 1416 3029 scirem
1432 2975 1506 3046 quod
1535 2989 1622 3046 genus
1647 2974 1794 3027 humanum
1816 2977 1889 3026 esset
1902 2985 1944 3026 re·

1144 3063 1302 3132 dempturus
1315 3067 1352 3124 ⁹¹;
1374 3072 1464 3117 tamea
1491 3071 1604 3133 propter
1631 3071 1780 3118 maternum
1808 3059 1944 3125 affectum,

1144 3150 1245 3206 doloris
1259 3151 1377 3223 gladius,
1393 3152 1495 3220 dequo
1514 3150 1624 3206 Simeon
1639 3150 1802 3220 predixerat
1816 3151 1896 3220 (Luc.
1912 3163 1943 3216 rr,

1142 3239 1199 3313 bb),
1215 3240 1334 3294 unimam
1347 3254 1437 3296 meam
1452 3239 1623 3310 pertransivit
1639 3239 1672 3295 ⁸¹.

1454 3355 1565 3411 CAPUT
1580 3355 1631 3408 lll.

289 3470 322 3524 L't
339 3467 479 3538 Scriptura
493 3468 699 3539 impleretur⁸⁴s
722 3470 792 3538 Quin
807 3486 873 3543 quaa
888 3470 994 3527 dedisci
1005 3472 1087 3537 mapa,
1103 3456 1128 3519 C
1144 3454 1181 3510 De
1190 3455 1296 3510 Christi
1307 3454 1474 3510 deductione
1484 3454 1520 3509 ud
1532 3452 1942 3523 laritamptectrtuepuuom.

286 3574 345 3613 nou
357 3556 564 3629 perdidiceeis
574 3558 843 3629 quemqunm(!anu.
853 3576 932 3627 xviri,
945 3560 1088 3627 l-tl).Tunc
1178 3564 1341 3616 Aussarrus.
1358 3558 1418 3628 Quo
1434 3566 1498 3615 tunc
1523 3559 1573 3613 luit
1606 3558 1702 3613 ductus
1717 3556 1788 3612 iilius
1804 3564 1863 3611 tuus
1877 3556 1943 3611 dilo-

284 3644 422 3701 accedens
436 3644 520 3700 ludas
531 3644 667 3700 osculatus
681 3654 790 3701 estcum
805 3646 836 3715 ¹⁸,
848 3647 890 3703 cui
906 3648 974 3704 dixit
988 3648 1064 3703 Jesus
1078 3666 1084 3702 ε
1141 3650 1227 3706 ctus‘t

281 3735 366 3800 ludu,
379 3734 475 3789 osculo
490 3734 595 3789 Filium
610 3734 733 3791 bominis
743 3736 832 3792 trudis
843 3736 858 3789 ?
868 3738 1086 3807 (bursarium.)
1178 3739 1281 3792 lituum.
1295 3738 1335 3792 De
1358 3739 1438 3792 luorto
1460 3735 1591 3806 predicto
1609 3736 1686 3807 per⁵⁸
1698 3734 1795 3790 vallem
1811 3733 1942 3801 iosaphat

282 3823 1084 3893 Atitliiujeccruutmuuuriulesarmettcuueruuteum
1139 3842 1188 3897 per
1203 3834 1308 3897 portam
1333 3828 1459 3888 Auream,
1477 3833 1502 3879 el
1535 3825 1632 3880 ductus
1658 3824 1708 3878 suit
1735 3822 1792 3877 in⁶⁴
1807 3821 1940 3892 palatium

282 3910 554 3981 (balluarum).
573 3910 648 3965 Tunc
672 3912 901 3969 Petrus⁸⁸eduxit
921 3912 1041 3985 gladium
1058 3918 1086 3969 el
1140 3913 1308 3982 Scribarum,
1337 3922 1362 3969 ct
1389 3912 1544 3986 pontificum
1573 3921 1599 3968 et
1626 3911 1834 3978 Pharisceorum,
1859 3910 1939 3978 juxta

281 3998 419 4069 percussit
433 4014 539 4053 servum
564 3998 696 4071 principia
720 4001 889 4057 sacerdotum
904 3998 925 4031 '⁷
940 4002 984 4073 qui
1000 4016 1084 4058 uoca-
1139 4002 1279 4075 templum,
1297 4002 1322 4057 ia
1337 4003 1448 4058 domum
1469 4002 1601 4063 tlnnae⁸⁵;
1618 4010 1644 4057 el
1661 4000 1784 4071 quaesivit
1798 4003 1888 4053 clauus
1903 4000 1937 4054 cle

282 4086 363 4143 batur
376 4086 499 4142 Alalchus
512 4086 533 4116 ⁸⁸
550 4088 642 4155 (locu.
655 4102 731 4155 xviri,
749 4092 803 4161 lo).
1138 4092 1258 4147 doctrina
1280 4092 1338 4162 ejus
1361 4100 1388 4146 et
1408 4090 1555 4163 discipulis.
1578 4094 1611 4145 At
1639 4091 1685 4146 ille
1700 4089 1840 4159 respondit
1856 4105 1862 4142 :
1881 4089 1937 4159 b'qo

315 4180 355 4231 A.
374 4176 494 4249 Contigit
507 4176 544 4231 ibi
559 4176 668 4247 aliquod
683 4178 843 4235 miraculum
857 4180 872 4233 ‘l
1137 4182 1234 4254 palam
1248 4182 1357 4239 locutus
1366 4180 1560 4253 srrmmuud05
1576 4196 1624 4252 eqo
1635 4194 1747 4253 semper
1761 4178 1934 4249 docuiiury-

942 4304 1055 4360 vaula
1070 4302 1275 4360 LECTIONES.

315 4397 558 4469 ”Dolentquami
599 4398 686 4455 altiles
711 4416 765 4456 mr.
798 4401 901 4467 dolent,
933 4402 1041 4471 quando
1068 4401 1214 4469 laeduntur,
1242 4416 1325 4473 quam
1350 4400 1455 4455 rustici.
1499 4400 1594 4467 “Quia
1621 4400 1693 4455 Deus
1720 4399 1780 4461 tuit,
1813 4405 1840 4451 et
1865 4395 1929 4451 ideo

279 4470 370 4525 oannis
396 4486 458 4542 quae
480 4469 535 4541 pati
571 4469 655 4539 abuit,
686 4472 850 4541 prescivit:
884 4472 1011 4528 videlicet
1037 4472 1252 4542 conspuitioucm
1280 4489 1333 4528 ricc.
1363 4472 1397 4526 Et
1425 4470 1489 4543 quia
1532 4472 1606 4525 Deus
1634 4478 1703 4537 erat,
1719 4467 1928 4524 sciebatomnia

280 4556 342 4611 quae
375 4556 503 4612 passurus
530 4550 596 4597 erat.
627 4542 767 4598 l‘raeseirit
793 4542 917 4598 videlicet
944 4543 1188 4613 computationem.
1234 4541 1428 4612 ”Huiusmodi
1455 4540 1552 4607 Tertia,
1592 4547 1644 4595 etc.
1670 4556 1726 4598 mr.
1757 4537 1925 4609 hujusmodi.

278 4610 353 4667 Licet
380 4612 452 4667 enim
479 4611 521 4666 tur
548 4612 615 4667 sciat
644 4613 718 4685 quod
745 4615 813 4669 mori
842 4614 950 4684 debeat,
978 4622 1070 4670 tumen
1097 4614 1182 4669 nescit
1207 4614 1271 4686 quid
1299 4629 1371 4668 mora
1396 4611 1493 4681 sapiat,
1522 4612 1573 4666 nisi
1597 4611 1708 4677 quando
1731 4609 1804 4665 lunis
1817 4608 1926 4678 stringit
2020 4663 2022 4666 ,

278 4682 391 4737 colluam.
408 4682 461 4738 Sed
483 4682 562 4737 Filius
588 4698 666 4738 meus
693 4685 785 4740 omnia
810 4685 940 4755 prescivit
967 4694 1096 4750 tanquam
1130 4686 1202 4739 Deus
1228 4693 1256 4739 et
1279 4684 1370 4739 honio.
1386 4684 1487 4749 Tertia,
1503 4692 1555 4737 otc.
1585 4680 1776 4737 ”Etmrsereri
1803 4696 1856 4735 ms.
1872 4676 1925 4733 sibi

277 4753 411 4807 misereri.
440 4748 630 4821 ”Quaadoeic
656 4757 753 4810 oravit.
780 4756 869 4819 Pater,
886 4758 910 4811 si
938 4756 1067 4827 possibile
1093 4764 1132 4813 est
1148 4770 1200 4809 ms.
1231 4754 1461 4825 quandooravit:
1490 4755 1578 4820 Pater,
1606 4752 1630 4807 si
1659 4761 1747 4823 potes.
1780 4748 1924 4822 ”strigulus

278 4823 385 4879 Domini
401 4832 453 4879 atra.
469 4825 549 4880 omit.
565 4825 683 4879 Domini.
726 4827 936 4897 ”Eurmdic-ms
964 4845 1017 4883 aas.
1046 4834 1159 4894 eum‚et
1188 4826 1291 4881 dicens.
1323 4826 1435 4880 ”Debes
1449 4824 1580 4880 redimere
1595 4840 1647 4881 aas.
1664 4824 1856 4892 redempturus
1874 4836 1917 4875 os.

277 4896 295 4923 ¹¹
308 4894 415 4963 Quibus
428 4903 455 4951 et
470 4894 536 4949 dixit
548 4912 601 4951 mr.
618 4897 717 4967 quibus
732 4898 811 4952 dixit.
836 4895 958 4953 ”Dicens
974 4898 1054 4953 etiam
1071 4917 1076 4951 :
1096 4900 1165 4953 llcce
1180 4912 1233 4952 uta.
1245 4906 1272 4951 ot
1285 4897 1404 4965 adjecit:
1420 4896 1500 4952 licce.
1516 4894 1627 4949 ”Turba
1640 4894 1788 4948 Judcorum
1803 4907 1917 4963 magum

279 4963 400 5035 dixitque
416 4964 518 5021 ludaeis
536 4985 541 5019 :
557 4966 617 5022 Duo
632 4968 722 5039 itaque
737 4984 817 5037 pares
832 4977 903 5031 suut.
920 4969 1026 5023 seilicet
1039 4968 1157 5023 lacobus
1172 4976 1199 5022 el
1218 4985 1269 5023 ms.
1287 4968 1364 5022 turba
1388 4982 1486 5037 magua
1501 4985 1507 5021 :
1525 4973 1552 5022 et
1567 4966 1634 5020 dixit
1646 4965 1747 5018 iudeis
1763 4982 1768 5017 :
1785 4965 1843 5018 Duo
1857 4970 1921 5017 sunt

278 5036 444 5102 consimiles,
458 5037 576 5092 Jacobus
603 5038 727 5095 videlicut
744 5048 779 5095 el.
821 5038 979 5110 “Scriptura
1004 5039 1149 5107 impleatur
1174 5038 1562 5110 mnstrtpturaimplarcmr.
1602 5034 1919 5089 ''Tunrludasosculu-

279 5106 432 5162 balureum
449 5109 592 5163 chuuc
613 5108 989 5165 accedeusJudausosculalus
1016 5119 1141 5166 testeum.
1178 5108 1384 5165 '‘Turrcl‘etrus
1410 5110 1664 5163 praecurrerem.
1707 5104 1859 5176 ”Principis
1875 5120 1918 5159 sa·

277 5179 418 5233 cordatum
433 5195 484 5234 rna.
502 5182 582 5235 ocull.
597 5182 778 5237 sacerdotum.
810 5180 1173 5237 ¹⁸llalctrusrur.1llurclius.
1206 5180 1354 5240 '’Gladium
1372 5188 1445 5234 tuum
1459 5180 1487 5233 in
1501 5196 1554 5234 rus.
1569 5178 1691 5249 gladium
1707 5176 1744 5231 in.
1777 5177 1916 5245 ‘'Patrerrr,

279 5251 673 5314 meum,etmr.l‘utram,et.
714 5252 860 5307 “Piissima
876 5252 990 5307 Domina
1005 5270 1056 5307 mr.
1073 5253 1158 5307 dulcis
1171 5252 1265 5305 blavia.
1306 5250 1570 5307 ‘'Tancoumillot
1590 5266 1643 5305 rus.
1668 5247 1816 5303 tiincibi‘?
1850 5246 1912 5302 ‘'ll.

280 5336 342 5375 noa.
359 5324 392 5375 A.
408 5318 511 5388 Quare,
527 5337 586 5376 cum
600 5338 661 5377 eum
679 5332 780 5377 lantum
796 5324 948 5397 diligeres?
977 5341 1030 5377 rur.
1048 5324 1116 5379 Aue.
1133 5323 1252 5380 amittit.
1281 5322 1336 5377 “Ut
1352 5321 1478 5377 mulieres
1490 5338 1543 5377 ms.
1559 5320 1758 5389 utjuveacula.
1785 5319 1917 5375 “Dulcis-

277 5392 345 5445 sima
361 5391 433 5445 luisti
445 5392 599 5447 tuncims.
615 5401 676 5448 tuuc
690 5394 845 5449 dulcissima
862 5394 961 5449 luisti‘t
1001 5394 1100 5449 “l'ela
1134 5391 1333 5447 uonuutialuuu
1360 5393 1407 5447 libi
1422 5392 1472 5447 luit
1486 5392 1585 5446 inactum
1605 5390 1854 5459 liujusmovliimr.
1871 5388 1914 5443 vel

280 5464 339 5529 quis
355 5460 402 5517 tibi
423 5462 563 5517 nunciavit
577 5466 649 5533 quod
661 5464 760 5519 lactum
776 5466 824 5519 luit
838 5466 851 5518 ‘l
879 5466 977 5519 ‘'Nunc
991 5466 1062 5533 quod
1077 5413 1189 5519 muitum
1209 5472 1249 5519 ast
1266 5481 1319 5519 aras.
1334 5480 1414 5526 nuuc,
1430 5464 1570 5526 Aaselme,
1587 5462 1661 5535 quod
1677 5462 1756 5517 nimis
1768 5478 1808 5516 es.
1824 5462 1844 5492 ⁴⁸
1861 5460 1916 5514 l'o-

277 5540 372 5587 nerunt
382 5532 509 5604 discipuli
523 5542 660 5589 currentes
675 5543 701 5590 cl
715 5534 924 5607 lacrymabiliter
937 5536 1087 5591 claruculcs
1102 5553 1108 5589 z
1132 5535 1323 5592 Oelrarissima
1339 5535 1453 5589 Domina
1468 5550 1521 5589 ms.
1552 5534 1687 5589 Venerunt
1715 5538 1852 5602 apostatet.
1867 5531 1913 5583 ‹li-

277 5603 373 5674 scipuli
387 5602 597 5674 lacrymabiliter
610 5608 790 5661 currentesad
808 5622 850 5661 me
863 5615 889 5662 et
903 5606 1070 5667 alanranues;
1103 5606 1175 5662 Dona
1193 5606 1317 5661 Doctrina.
1344 5605 1449 5659 ⁰Filius
1465 5614 1524 5659 tuus
1551 5606 1682 5675 magister
1695 5611 1785 5658 noster
1799 5619 1851 5657 ms.
1869 5600 1915 5655 Fi-

278 5674 327 5729 lius
342 5681 415 5735 tuus.
431 5674 563 5729 Dominus
576 5684 603 5732 et
622 5676 751 5749 magister
765 5685 867 5732 noster.
908 5678 1057 5746 ‘lllacaruq
1084 5678 1127 5733 vel
1156 5677 1222 5748 quid
1237 5676 1282 5731 tiat
1299 5676 1334 5730 ei.
1350 5693 1402 5731 rats.
1419 5677 1531 5731 ducatur
1541 5675 1598 5744 jam
1614 5676 1723 5746 ligatus,
1739 5682 1766 5729 et
1778 5673 1917 5727 nescimus

277 5746 338 5815 qual
355 5746 456 5803 iactum
471 5744 504 5800 sit
518 5747 553 5803 ei.
569 5747 610 5802 vel
626 5758 713 5802 utrum
727 5748 760 5801 sit
774 5749 887 5805 accisus.
922 5748 1035 5805 ''Genus
1052 5750 1197 5803 liunaauum
1227 5747 1359 5802 redimere
1373 5747 1484 5803 deberet
1499 5764 1554 5803 rur.
1574 5746 1762 5812 redempturus
1775 5752 1848 5801 esset
1863 5744 1915 5797 liu-

279 5832 500 5889 mauumgauus.
529 5816 664 5873 ”Gladius
677 5819 794 5873 animam
816 5818 1099 5887 meampovtransivit.
1120 5837 1174 5875 ms.
1204 5818 1318 5873 Gladius
1344 5818 1569 5889 ‹lequoSimean
1597 5816 1767 5887 praedixerat,
1796 5815 1917 5869 anirnam

279 5904 366 5941 anetam
381 5885 525 5941 transtiril.
568 5888 675 5943 ‘'llorlo
690 5888 818 5958 praedicto
825 5907 880 6016 quur
892 5906 945 5945 ms.
970 5890 1046 5945 barto
1071 5906 1128 5962 pur.
1171 5890 1328 5959 “iosaphat
1343 5890 1370 5943 in
1396 5890 1542 5957 civilatem,
1557 5896 1584 5944 et
1598 5888 1782 5943 ducebaturin
1797 5901 1848 5940 ms.
1868 5885 1919 5939 Jo-

279 5959 385 6031 saplrat,
399 5972 451 6029 per·
467 5964 573 6028 portam
587 5960 702 6016 Auream
716 5960 811 6015 ductus
837 5962 875 6016 uit
889 5960 925 6017 in.
944 5960 1083 6017 “Daunum
1095 5964 1181 6017 Aunae
1196 5977 1248 6016 rats.
1265 5962 1336 6017 aurit
1352 5963 1447 6017 Annae.
