4750 6725
271 602 329 665 781
939 618 1020 683 VITA
1035 627 1068 685 S.
1086 618 1267 690 oswttnt.
1878 646 1932 711 tta

269 739 355 809 quod
369 737 466 797 terem
480 737 570 813 primo
586 745 845 815 paremnimodiaat
858 752 968 822 aequale
982 753 1206 818 bestuaAscera
1221 772 1292 829 opus
1312 760 1433 830 haberet,
1476 758 1551 822 locus
1578 762 1676 840 quietis
1689 786 1730 829 vae
1758 775 1881 833 miserat
1910 777 1933 833 is

269 828 426 887 Oswaldus
439 830 571 887 ieretmm
589 832 742 903 fabricavit,
758 835 902 909 ipsamque
916 855 972 897 ase
984 856 1080 898 conse·
1132 839 1237 908 primus
1251 844 1377 914 occari-it,
1391 862 1471 917 qoem
1490 852 1660 909 venerandus
1674 858 1771 926 praeattl
1787 855 1932 917 oswaldus

268 922 385 975 cretum
406 917 570 991 Wigomam
596 920 751 978 destinavit.
781 925 813 979 ln
838 926 916 997 cujus
934 943 1079 987 consecra·
1133 927 1229 985 sedere
1243 929 1409 1002 frequentius
1424 950 1528 993 morem
1544 938 1676 999 babebat.
1696 943 1758 1001 Non
1776 962 1844 1020 erqo
1862 948 1931 1005 veri·

269 1010 351 1065 tione
367 1015 480 1081 rogatus
495 1008 531 1063 ad
554 1022 733 1080 quarumnam
747 1011 923 1083 reliquiarum
941 1018 1080 1073 conditio·
1133 1017 1176 1065 tus
1203 1015 1373 1073 sanctitatem
1398 1018 1460 1089 loci,
1490 1038 1571 1093 quam
1598 1024 1686 1082 luerat
1712 1044 1747 1085 ex
1770 1031 1932 1091 assiduitate

266 1115 339 1157 nean
356 1097 421 1153 illud
437 1105 560 1169 apparet,
575 1096 628 1153 boc
640 1113 670 1154 se
684 1099 718 1153 ad
733 1100 864 1157 honorem
874 1103 925 1158 Dei
939 1106 1081 1179 rasponus
1132 1096 1270 1165 900155053
1285 1110 1387 1170 nactas,
1403 1102 1430 1159 in
1440 1118 1473 1160 00
1489 1122 1547 1163 ⁸0⁵0
1566 1107 1673 1178 deiectis
1704 1128 1802 1171 ⁸0¹¹¹¹t⁰
1817 1116 1931 1177 inibtiac

268 1186 479 1259 composuisse,
493 1194 520 1243 et
540 1185 581 1241 illi
600 1187 742 1259 cujusnam
756 1188 879 1263 reliquie
893 1192 984 1251 forent
1003 1194 1032 1249 jn
1046 1211 1079 1251 ρο
1133 1183 1205 1240 dulci
1224 1187 1313 1257 quiete
1330 1191 1404 1245 velut
1419 1190 1471 1247 sibi
1480 1195 1659 1263 pollicebatur
1672 1198 1813 1262 fruiturus.
1827 1205 1861 1263 tta
1873 1207 1934 1278 jam

270 1274 431 1333 condendae
457 1274 628 1331 nodmimum
647 1291 719 1333 esse.
747 1278 892 1335 Servatum
923 1291 964 1338 est
989 1283 1080 1355 itaqua
1133 1273 1315 1345 quiescentem
1329 1280 1627 1353 ¹⁹115880120Pi¹¹l⁰¹lib
1641 1288 1689 1345 sed
1716 1291 1821 1365 ⁸h⁵tlu²
1847 1311 1932 1366 ΜΘΝ,

272 1366 425 1440 wigornae
440 1364 666 1435 laretrumidem,
682 1366 848 1437 acreliqniae
873 1369 960 1441 ipsius
988 1369 1079 1427 adani-
1133 1378 1194 1418 eum
1209 1364 1245 1419 ab
1263 1364 1322 1437 ipsa
1351 1367 1441 1438 quieta
1468 1370 1576 1428 irruens
1605 1375 1760 1435 demonum
1789 1384 1932 1443 multitado

266 1456 354 1511 randi
378 1453 465 1511 Patris
488 1453 609 1509 Oswaldi
637 1470 653 1508 a
682 1459 755 1511 terra
781 1464 844 1527 post
866 1460 967 1516 multos
993 1475 1080 1517 annos
1132 1452 1259 1509 atrociter
1274 1455 1387 1512 evolvit.
1405 1460 1500 1516 terant
1514 1461 1613 1533 quippe
1628 1464 1667 1520 illi
1689 1469 1783 1537 plures
1804 1476 1932 1531 teterrimi

268 1544 375 1601 levatae
388 1557 565 1615 magnacum
579 1541 799 1599 honoresnntin
821 1560 855 1603 eo
873 1546 1024 1605 collocate.
1131 1541 1253 1611 spiritus,
1269 1550 1295 1598 θῑ
1309 1546 1343 1601 ³b
1369 1562 1400 1603 ⁰0
1416 1546 1533 1605 disll'isslfl
1549 1553 1749 1613 ⁰¹³¹¹¹i⁰³fi⁰¹¹0
1773 1563 1934 1637 petillium

310 1634 363 1688 llis
376 1632 413 1688 ita
441 1631 531 1700 dictis,
551 1638 649 1701 coeptae
669 1632 818 1689 narrationi
835 1633 1000 1693 insistamus.
1018 1638 1078 1693 Dil-
1132 1630 1342 1700 quaeutmillius
1358 1641 1478 1692 mentem
1493 1638 1748 1714 dementiaceparit,
1765 1665 1825 1719 quae
1839 1652 1890 1707 sibi
1904 1660 1933 1710 ut

269 1724 338 1779 insa
360 1721 444 1793 igitur
471 1719 622 1777 sanctitatis
636 1719 707 1775 lama
721 1723 806 1778 sancti
822 1722 943 1781 Oswalbi
958 1740 991 1783 ec
1012 1743 1079 1798 pro.
1133 1733 1164 1774 aa
1176 1718 1205 1772 in
1219 1719 1279 1776 loco
1299 1722 1363 1777 tanti
1378 1723 1512 1795 pontificis
1523 1727 1669 1787 collocaret
1678 1734 1821 1806 subripere
1833 1742 1929 1811 potuit.

274 1814 329 1869 diit
345 1820 375 1867 ut
388 1809 566 1882 languoribus
581 1809 662 1865 variis
675 1810 762 1881 pressi
777 1812 801 1866 ei
816 1812 851 1868 de
875 1812 1024 1887 longinquo
1051 1816 1080 1871 id
1134 1806 1176 1861 Ad
1196 1804 1273 1879 quod¹
1283 1811 1413 1867 rationem
1428 1830 1508 1885 quam
1523 1834 1575 1888 pro
1588 1820 1629 1874 sui
1640 1807 1815 1883 ercusatione
1830 1830 1933 1899 proler-

276 1901 375 1973 quum
393 1897 682 1967 mandarenqsihiab
705 1898 754 1955 1110
769 1901 931 1957 subventum
947 1903 980 1958 tri
1005 1904 1080 1961 nullo
1133 1897 1291 1953 retnullam
1317 1900 1462 1958 habentem
1493 1904 1632 1975 invadunt,
1651 1916 1788 1985 torquent,
1818 1915 1931 1991 laniant

270 1990 362 2046 modo
376 1986 539 2043 diffidentes,
557 1987 615 2042 Nec
628 1985 804 2044 fallebantur,
826 1990 906 2045 verbi
920 1992 1020 2065 gratia,
1036 1992 1080 2048 vif
1133 1982 1184 2040 bac
1200 1993 1226 2040 et
1240 1987 1305 2044 illac
1321 1990 1437 2061 trahunt,
1454 1993 1489 2049 ab
1504 1993 1559 2051 imo
1585 2013 1693 2055 sursum
1721 2002 1866 2074 rapientes,
1897 2009 1933 2065 de

269 2078 388 2151 quidam
402 2086 500 2148 potens
516 2075 574 2149 regi
589 2074 701 2149 Edgaro
719 2093 753 2133 ex
779 2078 942 2147 ministerio,
970 2097 1025 2153 quo
1052 2085 1077 2141 ev
1091 2110 1123 2172 Β
1133 2078 1282 2133 sursumad
1296 2077 1536 2149 imadejioientes.
1555 2084 1626 2153 Quid
1642 2088 1826 2164 miserageret
1841 2094 1933 2154 ‘isoio-

269 2166 413 2224 desertn're
427 2165 542 2235 solebat,
558 2173 637 2221 notus
650 2174 720 2221 erat.
735 2166 786 2223 llic
809 2167 901 2224 valida
922 2168 1077 2225 infirmitate
1133 2156 1180 2213 hal
1193 2159 1250 2228 nbi;
1267 2172 1334 2228 erat;
1350 2180 1401 2222 ¹100
1416 2182 1446 2222 ὅθ
1461 2174 1535 2223 Μῡῑᾶ
1563 2174 1688 2243 angustia
1716 2175 1865 2235 ifll'OlulUffl
1889 2182 1933 2238 tel

268 2256 510 2329 corporistaetus,
525 2269 574 2326 per
605 2256 728 2310 nuntium
755 2256 815 2313 viro
841 2257 890 2313 Dei
918 2275 947 2313 se
975 2258 1078 2329 oppido
1132 2228 1194 2304 loco
1205 2250 1331 2317 evellere,
1345 2255 1387 2309 vel
1402 2255 1437 2310 ad
1451 2256 1666 2317 subvenientium
1681 2266 1816 2334 quendam
1831 2278 1936 2339 poterat

272 2345 409 2401 infirmari
424 2343 586 2415 simpliciter
601 2344 756 2401 insinuavit.
776 2347 810 2401 tt
838 2345 885 2402 ille
914 2346 1079 2403 benedicens
1132 2334 1317 2409 interpellflfe·
1333 2340 1453 2399 Tflfldssffi
1470 2352 1560 2401 *amen
1585 2349 1702 2407 Vi⁰¹⁰¹¹¹0
1725 2362 1824 2411 ⁰⁰¹¹·'1ffl
1847 2359 1935 2428 empti

270 2451 377 2509 panem
391 2435 470 2505 eique
484 2433 676 2499 transmittens,
690 2442 719 2488 ιιι
726 2434 807 2506 plena
816 2433 872 2491 fine
880 2436 1078 2506 recuperandas
1133 2426 1160 2481 in
1176 2442 1282 2497 vocem,
1297 2437 1325 2485 et
1339 2432 1448 2489 horrido
1464 2434 1583 2493 clamore
1599 2438 1751 2497 infremuit.
1784 2442 1836 2513 Qui
1862 2446 1936 2504 circa

274 2525 402 2581 sanitatis
429 2523 495 2579 inde
522 2522 679 2579 comederet
703 2521 798 2592 jussit.
831 2524 906 2581 Fecit
934 2525 979 2580 ille
1006 2526 1079 2597 qnod
1133 2524 1211 2574 erant
1226 2517 1390 2577 exabrnbto
1405 2521 1563 2579 dormientis
1577 2541 1645 2583 sono
1672 2531 1809 2601 perterriti
1837 2548 1935 2593 accur-

269 2613 414 2687 praecepiq
443 2627 496 2668 nec
518 2612 599 2668 unius
626 2611 703 2668 borae
726 2613 844 2683 spatium
878 2613 954 2684 prius
973 2615 1080 2670 transiit
1131 2616 1205 2673 runt,
1221 2606 1414 2665 vociferantem
1425 2612 1539 2682 pulsant,
1556 2614 1694 2685 pulsantes
1708 2620 1837 2689 excitant,
1856 2625 1934 2682 exci-

268 2718 353 2775 quam
369 2718 399 2757 se
414 2699 558 2774 degustato
572 2716 645 2771 pane
667 2700 765 2755 melius
790 2700 918 2758 babuisse
944 2703 1076 2774 percepit.
1133 2702 1221 2753 tatum
1236 2697 1300 2771 quid
1323 2698 1460 2757 dormiens
1483 2718 1579 2773 passus
1593 2704 1627 2759 sit
1640 2705 1787 2779 diligenter
1815 2710 1935 2772 interro·

268 2792 335 2849 Alio
351 2799 475 2862 tempore
490 2789 554 2845 dum
569 2789 641 2845 idem
656 2789 775 2845 samatus
794 2790 843 2846 Dei
862 2791 890 2845 in
907 2791 1079 2848 multitudine
1133 2795 1209 2859 gant.
1230 2790 1261 2841 tr
1275 2786 1335 2857 ipse
1348 2804 1492 2860 pavensac
1508 2792 1622 2863 pallens,
1645 2810 1698 2863 quo
1711 2812 1776 2853 casu
1794 2800 1863 2872 quid
1891 2803 1935 2859 te-

270 2896 386 2937 suorum
414 2878 488 2953 apud
521 2879 672 2935 liberatam
713 2895 859 2950 pransurus
899 2880 1077 2952 consedisset,
1133 2874 1212 2943 cerit,
1228 2876 1348 2949 qaidaut
1362 2893 1378 2933 a
1393 2878 1489 2949 quibus
1503 2882 1628 2950 audierit,
1652 2884 1716 2953 quid
1732 2886 1882 2959 pertulerit,
1899 2908 1933 2948 ex

266 2969 386 3042 Jamque
414 2984 511 3040 mnam
537 2982 586 3022 sua
616 2966 797 3024 sacratissima
834 2984 917 3025 manu
943 2968 1078 3042 signatum
1133 2964 1232 3020 ordine
1259 2965 1366 3036 pendit·
1401 2967 1442 3022 dd
1470 2984 1690 3043 quorumcunque
1717 2989 1784 3047 erqo
1805 2977 1929 3035 notitiam

270 3057 480 3116 considentibus
492 3056 683 3125 distribuisset,
712 3056 783 3113 torte
811 3057 897 3113 micas
923 3057 1079 3115 decidentes
1132 3050 1204 3107 istud
1218 3052 1352 3123 perlatum
1366 3062 1415 3124 ott,
1429 3070 1483 3112 non
1498 3058 1549 3113 soli
1564 3057 1633 3128 viro,
1649 3059 1698 3115 aad
1712 3070 1738 3117 et
1756 3063 1789 3117 iis
1803 3080 1864 3136 quse
1887 3082 1936 3123 sua

266 3163 354 3205 sorex
368 3145 564 3219 superveniens
583 3145 665 3202 avido
693 3145 772 3202 simul
800 3154 827 3203 et
852 3146 956 3217 pavido
981 3162 1076 3203 morea
1132 3140 1203 3198 inter
1216 3150 1292 3199 crant
1305 3143 1435 3215 deinceps
1461 3147 1592 3203 bonorem
1620 3164 1652 3205 ac
1680 3152 1858 3208 renuendam
1885 3170 1936 3226 per

270 3238 405 3310 colligere
427 3235 518 3306 coepit.
544 3233 596 3303 Qui
620 3233 683 3289 dum
707 3234 734 3289 in
763 3235 883 3291 medium
915 3235 990 3291 nullo
1015 3251 1078 3292 eum
1133 3230 1225 3286 omnia
1239 3232 1407 3289 deferebant.
1423 3234 1463 3289 De
1483 3234 1581 3305 quibus
1595 3235 1658 3293 licet
1670 3237 1786 3308 plurima
1815 3242 1935 3300 scribere

268 3326 426 3384 deterrente
440 3323 584 3395 prodisset,
605 3322 757 3395 succubuit,
769 3338 820 3381 nec
847 3340 933 3396 usqne
947 3313 1078 3398 progredi
1131 3318 1249 3376 soraee
1262 3336 1415 3394 possemus,
1433 3330 1532 3393 tamen,
1549 3325 1635 3380 necui
1650 3325 1732 3383 taedio
1757 3327 1850 3398 simus,
1885 3331 1931 3389 illa

269 3415 370 3472 saluit.
390 3412 533 3469 Benedicti
543 3413 642 3468 etenim
667 3413 747 3484 panis
772 3413 903 3484 reliquias
930 3414 1075 3470 famelicas
1131 3409 1291 3481 omittimus,
1313 3411 1482 3468 intendentes
1497 3413 1623 3469 videlicet
1648 3411 1774 3472 brevitati
1801 3433 1856 3492 qua
1882 3435 1935 3493 no,

266 3520 382 3571 vorans,
396 3518 448 3560 nea
476 3502 549 3572 quod
576 3501 755 3559 devoraverat
778 3502 914 3558 ullatenus
946 3518 1073 3560 evomere
1129 3498 1280 3568 scripturos
1309 3499 1368 3554 inre
1395 3499 1573 3556 decrevimus.

268 3593 375 3665 quibat,
391 3599 418 3647 et
431 3590 578 3647 suffocator
592 3589 693 3647 subito.
709 3590 849 3648 liemansrt
875 3591 966 3664 itaque
996 3608 1073 3649 mor·
1161 3587 1254 3660 ltaque
1270 3586 1426 3644 adsacrum
1448 3588 1534 3659 ipsius
1554 3589 1693 3646 transitum
1721 3593 1782 3664 styli
1806 3595 1925 3654 officium

266 3690 340 3738 tuus.
359 3679 439 3749 Quod
454 3680 556 3736 iacurm
570 3695 604 3736 ne
623 3695 680 3736 suae
707 3679 781 3736 laudi
801 3679 889 3751 quivis
914 3679 1070 3749 ascriberet,
1125 3683 1327 3740 convertamus,
1343 3684 1450 3747 etopus
1463 3676 1641 3748 quodpaucis
1664 3680 1717 3736 bne
1743 3697 1832 3753 usqua
1858 3699 1928 3754 pro·

266 3769 425 3827 exanimem
439 3766 557 3824 bestiam
572 3784 589 3824 a
606 3767 799 3838 conspectibus
811 3767 971 3824 intuentium
988 3766 1071 3838 abjici
1124 3763 1264 3833 traximus,
1279 3778 1340 3835 suc,
1360 3763 1428 3820 siem
1441 3764 1514 3821 Deus
1522 3766 1695 3836 concesserit,
1710 3766 1757 3824 tini
1769 3769 1927 3830 subdamus.

267 3861 310 3916 vir
340 3857 595 3932 providentissimus
619 3856 709 3927 jussit.
730 3856 855 3929 Denique
879 3856 1072 3915 animadvertit
1124 3852 1240 3910 Referre
1256 3853 1356 3908 etenim
1371 3853 1640 3926 qualiterPateripse
1655 3854 1798 3914 Ostvaldus
1824 3859 1925 3917 Rama·

263 3947 414 4004 nonnullos
427 3947 498 4003 inter
511 3961 542 4002 se
552 3944 616 4002 inde
630 3945 715 4016 loqui,
731 3953 758 4001 et
773 3961 831 4002 ram
846 3944 1004 4019 ultraquam
1018 3944 1070 4001 sibi
1123 3943 1208 4000 seiam
1223 3950 1360 4016 postremo
1374 3942 1522 4014 reliquerit,
1538 3944 1645 4016 quentis
1671 3945 1850 4019 lacrymarum
1871 3950 1926 4008 im-

264 4035 344 4092 eordi
368 4043 440 4092 esset
466 4033 624 4091 extollendo
653 4031 795 4089 admirari.
827 4033 862 4090 Et
875 4033 941 4088 mihi
955 4033 1068 4106 quidem
1122 4032 1228 4099 nribus,
1244 4033 1388 4106 praesagis,
1405 4040 1434 4088 ut
1448 4039 1568 4102 autumo,
1581 4032 1658 4089 illum
1672 4035 1789 4108 amplius
1811 4053 1845 4096 eo
1871 4055 1927 4098 non

266 4125 321 4182 duo
342 4126 413 4192 baec,
429 4139 490 4195 quae
506 4123 541 4180 de
558 4137 630 4193 pane
649 4122 891 4197 signatoprosime
905 4122 977 4178 lacta
991 4131 1069 4180 retu-
1122 4120 1285 4190 rediturum,
1300 4137 1317 4176 a
1332 4120 1461 4178 iratribus
1476 4121 1603 4178 dimissus
1615 4123 1659 4193 ait,
1691 4123 1807 4182 forsitan
1826 4131 1924 4201 conje-

265 4213 358 4280 limus,
374 4210 554 4270 consideranti
569 4209 749 4268 necaliennm
763 4210 798 4265 ab
808 4210 988 4268 admiratione
1009 4228 1069 4271 esee
1122 4211 1231 4279 claudo,
1248 4210 1308 4284 quis
1320 4211 1418 4282 possit,
1434 4217 1507 4267 certe
1521 4219 1612 4268 eutem
1624 4212 1664 4268 rei
1694 4214 1806 4272 veritate
1833 4219 1923 4275 nemi-

265 4301 416 4375 perpendo,
433 4302 486 4358 boc
505 4299 608 4356 scilicet
634 4299 789 4356 irrationale
813 4299 915 4354 animal
936 4299 1068 4370 prtecipi-
1121 4316 1184 4356 nem
1206 4300 1456 4372 pronuntioposse.
1475 4299 1743 4360 Discedentemvero
1757 4320 1813 4360 non
1840 4307 1924 4365 modo

266 4397 340 4446 tasse
354 4390 390 4445 de
404 4390 460 4446 vita
473 4389 503 4444 in
516 4396 644 4458 mortem,
658 4389 731 4459 quod
746 4387 846 4444 animal
860 4389 996 4444 rationale
1004 4388 1068 4445 snb·
1122 4389 1257 4456 monachi,
1273 4404 1343 4460 qnos
1356 4388 1414 4446 illic
1429 4388 1606 4457 adunaverat,
1630 4391 1679 4446 sed
1693 4399 1720 4447 et
1748 4391 1825 4463 plebs
1854 4395 1919 4452 binc

266 4478 367 4536 levavit
382 4494 398 4534 a
412 4485 500 4534 morte
526 4476 554 4532 in
583 4476 676 4533 vitam.
706 4476 832 4533 Proiecto
865 4483 961 4532 natura
987 4480 1067 4548 panis
1120 4478 1184 4535 inde
1199 4478 1249 4534 sub
1264 4493 1317 4534 nno
1332 4485 1428 4534 coacta
1441 4476 1588 4544 deducunt,
1603 4475 1702 4550 singuli
1717 4477 1833 4534 seillins
1854 4495 1921 4536 sen-

265 4569 360 4624 eadem
376 4565 466 4622 inillo
493 4581 553 4637 qnae
581 4565 610 4620 in
636 4565 687 4623 isto
715 4564 775 4631 iuit;
790 4572 818 4622 et
835 4565 1067 4638 quemadmodum
1119 4567 1203 4625 ctitati
1219 4566 1451 4634 commendantes,
1467 4564 1517 4620 sibi
1532 4564 1567 4621 ab
1581 4564 1629 4621 illo
1652 4565 1776 4623 benedici
1803 4567 1920 4640 supplici

267 4658 351 4713 bomo
366 4671 448 4729 pane.
464 4655 504 4711 sic
522 4661 551 4711 et
564 4669 643 4711 sorex
667 4653 748 4710 alitur
774 4669 858 4727 pane.
882 4652 962 4722 Quod
983 4655 1067 4728 igitur
1119 4657 1265 4714 devotione
1279 4653 1440 4728 flagitantes.
1457 4653 1610 4710 Discessum
1630 4661 1721 4711 autem
1749 4653 1821 4710 illius
1849 4656 1918 4712 aab·

264 4743 368 4802 bomini
382 4742 484 4810 vitalis,
497 4742 578 4799 sorici
592 4743 681 4799 iactus
702 4751 743 4799 est
768 4742 893 4813 exitialis
915 4759 968 4800 nac
994 4744 1065 4801 aab·
1119 4755 1226 4804 secatus
1248 4754 1288 4802 est
1308 4746 1336 4800 in
1363 4743 1424 4816 ipsa
1451 4742 1566 4801 ecclesa
1585 4741 1712 4798 terribilis
1740 4743 1841 4816 tragon
1871 4745 1920 4816 qui

264 4834 395 4890 standum
413 4833 501 4906 panis,
528 4831 578 4888 sed
604 4831 731 4888 meritum
759 4831 872 4904 respicit
898 4832 1063 4889 sanctissimi
1077 4804 1106 4869 D
1119 4833 1197 4891 tertio
1222 4832 1348 4888 intonans
1373 4828 1513 4885 audientes
1540 4825 1624 4883 nimio
1645 4842 1746 4898 pavore
1769 4829 1915 4900 concussit,

269 4922 367 4987 Patris:
383 4921 430 4993 qui
449 4920 552 4992 abique
566 4927 593 4976 et
606 4920 633 4976 in
648 4919 753 4976 cunctis
779 4936 880 4990 parvus
907 4929 934 4978 et
958 4921 1068 4977 bomilia
1118 4937 1232 4994 sagaces
1247 4920 1353 4978 animos
1367 4918 1443 4973 illum
1458 4932 1513 4973 non
1534 4915 1619 4972 multo
1643 4923 1704 4987 post
1723 4917 1826 4973 saeculo
1854 4917 1916 4972 adi·

263 5021 373 5068 exstans
388 5010 417 5066 in
436 5009 523 5068 oculis
536 5010 604 5078 auis,
621 5025 736 5084 magnus
760 5017 818 5066 erat
839 5009 867 5064 in
899 5009 986 5066 oculis
1013 5007 1064 5066 Dei
1117 5011 1246 5068 mendum
1261 5018 1289 5066 et
1302 5025 1334 5064 as
1344 5008 1398 5064 boc
1411 5005 1554 5078 plerosque
1568 5003 1647 5077 pravi
1661 5002 1787 5060 tumultui
1794 5004 1917 5062 subden-

264 5107 345 5174 atqne
358 5098 493 5156 sublimis.
509 5097 591 5168 Quod
601 5098 672 5156 inter
684 5099 740 5155 alia
753 5113 786 5154 eo
799 5097 977 5169 probabatur,
988 5099 1063 5172 quis,
1116 5099 1167 5156 dns
1180 5099 1299 5167 edocuit,
1314 5094 1483 5170 praemonuit.
1496 5091 1676 5166 praemunivit.
1701 5093 1823 5164 Denique
1841 5109 1914 5152 non·

263 5203 297 5244 ae
325 5189 425 5257 dicam,
451 5187 502 5258 illi,
528 5188 578 5244 sed
592 5187 667 5258 quod
681 5186 771 5242 minus
796 5194 846 5255 cst,
874 5186 943 5242 locis
965 5187 1064 5260 quibus
1117 5189 1183 5244 nulli
1208 5204 1285 5246 nome
1316 5186 1446 5252 volentes,
1476 5182 1548 5238 unde
1576 5182 1621 5253 qui
1648 5182 1809 5239 audiebatur
1832 5200 1915 5241 sonus

263 5279 396 5345 pervices
424 5275 549 5332 insistere
566 5275 681 5340 solebat,
715 5291 763 5332 sua
794 5275 868 5330 Deus
892 5274 1063 5344 protectione
1115 5274 1258 5348 prodierit,
1283 5289 1298 5328 a
1325 5269 1452 5326 domibus
1479 5266 1622 5338 prodeunt,
1651 5275 1679 5322 ct
1702 5268 1730 5324 in
1762 5267 1911 5326 Ecclesiam

258 5371 284 5418 et
297 5364 477 5436 correptione,
493 5381 528 5422 ne
547 5365 582 5421 ab
601 5363 722 5438 indignis
735 5372 941 5436 occuparentur,
969 5363 1061 5419 iaten-
1115 5363 1314 5438 pervenientes,
1341 5358 1433 5416 omnia
1470 5372 1545 5426 sana,
1573 5355 1665 5413 omnia
1684 5356 1799 5430 integra,
1821 5358 1914 5416 omnia

258 5450 348 5510 debat.
1114 5451 1170 5507 suis
1184 5451 1211 5504 in
1225 5448 1294 5504 locis
1309 5444 1389 5500 solito
1408 5441 1580 5500 consistentia
1600 5441 1729 5498 mirantes
1754 5441 1907 5499 inveniunt.

292 5542 348 5599 Sed
363 5543 433 5602 forte
448 5543 640 5602 nones-edetur
653 5542 688 5598 iia
705 5541 902 5612 quaedicimns,
916 5540 939 5598 si
953 5558 984 5599 ea
1009 5543 1060 5600 de-
1113 5542 1172 5596 Jam
1183 5536 1256 5610 qnod
1269 5533 1405 5605 aliquibus
1412 5547 1461 5602 per
1473 5531 1560 5588 risum
1576 5530 1625 5586 tuit
1635 5538 1785 5596 ostensum,
1800 5531 1909 5587 ruinam

260 5625 367 5687 clarens
386 5633 543 5704 exemplum
557 5649 612 5688 non
630 5631 800 5701 subjicimus.
831 5629 924 5688 Frater
946 5631 1058 5703 quidam
1107 5625 1359 5688 videlicettluaram
1374 5621 1489 5677 turrium
1505 5619 1605 5676 iactam
1622 5619 1717 5688 luisse,
1733 5619 1908 5691 praetermitto

260 5725 316 5773 erat
329 5721 502 5791 professione
515 5731 543 5778 et
556 5719 648 5777 habitu
663 5721 822 5789 monachus,
837 5718 951 5775 nomiae
964 5719 1058 5792 AEgel-
1107 5734 1153 5787 ne,
1172 5716 1196 5772 si
1212 5713 1305 5770 dixero
1320 5709 1427 5766 illamam
1450 5707 1564 5765 turrium
1587 5723 1667 5765 maus
1689 5707 1759 5764 beati
1786 5705 1910 5792 Osavaldi
1930 5739 1934 5754 ·

257 5804 338 5865 ricus.
358 5801 517 5869 fliolsxatis
530 5811 630 5867 balneo
645 5806 785 5880 membris,
801 5821 863 5866 anm
882 5807 962 5866 tens
975 5809 1058 5880 qnie-
1106 5815 1135 5866 et
1148 5801 1259 5881 praelati
1275 5799 1352 5856 ducis
1364 5797 1711 5872 AEtbelwiaipraesipnasae
1726 5797 1755 5850 in
1765 5797 1824 5869 (2⁹)
1836 5807 1908 5850 mor·

294 5987 354 6059 (29)
370 5987 516 6046 Oswalbna
530 5988 682 6047 titbalvvino
690 5984 836 6047 maleam
848 5986 1055 6046 flamniam
1067 5985 1163 6046 denuc
1176 5979 1346 6046 tenenat
1357 5979 1500 6050 mactat,
1513 5991 1542 6039 rr
1561 5975 1606 6036 td.
1637 5972 1805 6040 amentes
1833 5967 1908 6050 ΨΜ
