4750 6725
341 487 394 546 133
878 491 1044 554 HISTORIA
1066 492 1253 556 Novottoti,
1272 525 1308 537 -
1326 495 1390 552 titt.
1415 497 1461 550 ill.
1946 491 1999 549 iil

339 612 440 673 hebere
455 613 570 686 solebat,
586 615 769 688 perditurum.
789 618 835 674 tib
855 617 1062 692 archiepiscopo
1083 617 1138 694 igi·
1152 622 1181 684 A
1195 621 1313 677 Emenso
1340 617 1439 676 dehinc
1465 616 1635 691 longitudine
1661 617 1725 686 viae,
1762 615 1849 673 nurui
1882 617 1994 673 Romam

339 711 383 761 tur
396 703 471 760 missi
485 713 549 761 sunt
562 706 686 761 monachi
701 706 766 775 duo,
779 707 913 779 prelatus
923 707 1027 764 scilicet
1039 707 1144 765 Baldui-
1197 707 1400 772 unaveniunt;
1415 707 1454 763 sui
1471 707 1602 764 adventus
1628 723 1749 775 causam,
1778 721 1829 776 pro
1858 720 1890 761 eo
1915 720 1997 776 quem

339 808 391 848 nus
419 794 574 862 beccensis,
602 802 630 851 et
656 795 810 852 Alexander
839 795 1059 867 Cantuariensis;
1090 813 1144 853 non
1199 799 1361 870 praeferebat
1385 805 1487 865 tenore,
1510 797 1666 868 apostolicis
1689 795 1798 851 auribus
1825 801 1993 867 suggerunt;

338 881 450 954 quidem
465 889 495 937 ut
510 899 604 938 eorum
620 883 746 940 instinctu
760 883 899 941 Romanus
922 884 1044 956 pontifex
1069 885 1144 960 rigo·
1198 887 1266 942 tanti
1282 887 1343 941 mali
1359 886 1508 941 dirimendi
1523 885 1671 942 consilium
1684 885 1763 955 proni
1774 885 1934 954 deposcunt.
1945 884 1998 938 Λιι-

338 984 398 1024 rem
411 969 523 1041 jusiitiae
538 987 619 1028 causa
642 972 762 1028 AnseImi
785 973 841 1030 ullo
865 973 946 1030 modo
970 974 1066 1040 exiret,
1096 975 1144 1030 sed
1198 975 1238 1031 dit
1251 975 1296 1031 illc
1311 992 1372 1048 quae
1386 975 1516 1043 feruntur,
1538 983 1566 1030 et
1588 990 1643 1029 non
1666 973 1768 1030 invenit
1791 972 1872 1028 rerba
1898 969 1997 1042 quibus

337 1057 439 1128 partim
467 1066 496 1114 ut
517 1060 662 1116 cunalibus
686 1060 765 1117 minis
789 1060 982 1130 testimonium,
1007 1062 1051 1120 cui
1073 1079 1145 1135 papa
1198 1064 1334 1135 exprimat
1356 1073 1484 1136 quantum
1508 1064 1573 1119 inde
1596 1063 1715 1119 miretur.
1750 1062 1817 1117 Cum
1850 1058 1998 1116 tamenab

337 1145 527 1205 incunctanter
541 1148 675 1220 crederet,
689 1151 809 1214 serrent;
825 1149 924 1221 partim
944 1159 973 1208 ui
997 1152 1031 1207 de
1055 1167 1143 1224 nego·
1198 1152 1333 1224 episcopis
1347 1169 1514 1225 magnopere
1527 1156 1682 1222 precaretur
1702 1150 1757 1206 suis
1779 1149 1860 1205 rebus
1888 1161 1997 1219 praeca-

340 1235 379 1292 tio
394 1244 495 1294 certam
511 1237 669 1310 apostolicae
684 1239 758 1294 sedis
773 1238 933 1295 senientiam
954 1239 1081 1298 Anselmo
1097 1257 1144 1296 ro·
1199 1257 1272 1310 vere,
1289 1257 1320 1296 ae
1334 1241 1451 1296 delinitae
1464 1240 1674 1311 praedecessoris
1688 1239 1731 1293 sui
1753 1238 1892 1294 sententiaa
1919 1236 1997 1308 rigo-

339 1324 455 1382 lerrent.
474 1325 522 1382 Ad
536 1326 626 1398 ipsum
641 1342 707 1384 aero
722 1328 862 1401 negotium
876 1325 1075 1385 conficiendum
1100 1329 1144 1385 di·
1197 1345 1266 1400 rem,
1281 1339 1311 1385 ut
1324 1329 1446 1400 undique
1460 1345 1514 1400 pax
1527 1336 1610 1397 esset,
1626 1335 1796 1398 temperare;
1826 1326 1941 1382 asseruit
1968 1340 2000 1381 se

337 1413 406 1470 recti
422 1430 437 1470 a
451 1429 516 1487 rege
541 1423 605 1471 sunt
628 1422 683 1471 tres
704 1415 838 1488 episcopi,
862 1416 997 1472 ilirardus
1020 1417 1146 1474 videlicet
1198 1434 1250 1476 neo
1263 1434 1315 1490 pro
1331 1418 1428 1489 capitis
1441 1418 1482 1472 sui
1496 1416 1685 1487 redemptione
1698 1417 1752 1472 hoo
1774 1415 1918 1482 iacturum,
1946 1413 1998 1469 de-

338 1500 375 1558 de
388 1501 591 1574 llereiordensi,
607 1521 694 1576 nuper
709 1505 796 1561 iactus
811 1505 1036 1576 archiepiscopus
1047 1506 1150 1564 Ebora.
1199 1515 1282 1574 creta,
1299 1506 1394 1563 dicens
1406 1506 1587 1578 indignando,
1604 1514 1631 1560 et
1645 1503 1829 1560 institutiones
1842 1512 1998 1560 sanctorum

336 1590 447 1662 oensis;
464 1592 612 1648 Herhertus
626 1595 665 1665 (a)
690 1592 926 1666 Theodlordensis,
949 1595 1083 1650 lloherius
1105 1596 1144 1666 (li)
1199 1596 1318 1662 Petrum,
1343 1595 1423 1650 minis
1447 1603 1522 1651 actus
1548 1595 1629 1651 unius
1654 1593 1782 1662 hominis,
1812 1591 1999 1663 dissiparem‘i

337 1679 505 1738 Castrensis.
523 1681 577 1738 Sed
592 1683 688 1738 horum
704 1683 894 1754 episcoporum
914 1683 984 1739 duos
999 1699 1047 1740 sua
1073 1699 1144 1757 quo·
1200 1684 1318 1740 Finierat
1331 1683 1360 1740 in
1373 1683 1445 1739 istis.
1466 1683 1554 1755 Super
1574 1684 1633 1739 haec
1654 1681 1769 1753 scriptae
1789 1680 1918 1752 epistolas
1941 1679 2000 1751 regi

335 1785 390 1842 que
405 1785 488 1826 cause
502 1771 616 1827 llomam
631 1771 739 1846 agebat,
757 1771 901 1828 Girsrdum
917 1771 1020 1828 scilicet
1035 1771 1144 1844 adeptio
1199 1781 1226 1828 et
1246 1773 1385 1842 anselmo,
1410 1772 1509 1846 cuique
1532 1788 1619 1841 suern,
1645 1770 1813 1826 destinarit:
1844 1768 1905 1842 regi
1931 1767 2002 1824 inter

335 1857 425 1929 pallii,
442 1866 469 1914 et
491 1858 663 1916 lleribertum
684 1860 797 1917 intentio
820 1860 997 1932 recuperandi
1024 1860 1144 1917 ablatam
1199 1861 1253 1918 elia
1268 1861 1449 1919 Ecclesiamm
1464 1860 1634 1917 investituras
1645 1859 1748 1930 judicio
1770 1856 1858 1916 sancti
1884 1855 2002 1930 Spiritus

335 1945 471 2004 Ecclesiae
484 1963 541 2004 suae
557 1962 649 2006 curam
671 1948 879 2005 Christianitatis
900 1964 983 2021 super
1005 1948 1143 2006 abbatiam
1157 1977 1184 2038 Β
1199 1949 1363 2007 interdicens
1374 1970 1384 2019 ;
1408 1952 1435 2006 et
1455 1948 1621 2019 anselmum,
1646 1954 1676 2004 ut
1698 1965 1760 2021 quae
1783 1946 1885 2020 agebat
1906 1953 2002 2020 egeret

338 2034 370 2092 S.
379 2035 515 2092 Edmundi
531 2037 577 2110 (a).
594 2039 664 2095 Ante
678 2052 781 2109 paucos
796 2037 930 2110 siquidem
941 2037 1144 2096 annosBaldui-
1199 2044 1226 2095 et
1238 2055 1300 2110 quaa
1316 2037 1482 2112 loquebatur
1494 2037 1660 2110 loqueretur,
1678 2035 1823 2093 affectuose
1839 2036 2001 2108 deprecans,

337 2141 392 2183 nus
406 2125 495 2198 ipsius
509 2123 627 2182 coeuohii
651 2126 738 2182 abhas
752 2126 865 2182 Romam
893 2126 1007 2193 adierat,
1032 2135 1058 2182 et
1072 2125 1145 2199 apud
1197 2125 1304 2184 firmata
1318 2134 1345 2184 et
1359 2126 1598 2200 apostolicaesedis
1620 2125 1779 2182 auctoritaie
1806 2124 1945 2194 mborata,
1973 2123 2002 2180 in

336 2213 524 2272 Alexandrum
538 2229 638 2286 papam
653 2215 691 2288 (d)
707 2213 884 2288 privilegium
899 2214 949 2287 ipsi
965 2213 1083 2272 ahbaiiae
1097 2231 1145 2272 ao-
1197 2217 1326 2275 omnibus
1350 2216 1392 2273 sui
1417 2215 1550 2290 primatus
1576 2214 1719 2287 dignitate.
1749 2213 1817 2281 Quae
1844 2219 1874 2269 ut
1900 2210 2001 2269 mebris

338 2303 481 2377 quieierat,
494 2320 543 2374 per
557 2305 630 2374 quod
645 2319 707 2360 earn
722 2319 738 2360 a
752 2303 922 2375 subjectione
940 2305 1062 2361 omnium
1082 2303 1144 2375 epi·
1196 2308 1318 2377 pateant,
1334 2304 1465 2378 epistolas
1479 2304 1553 2377 ipsas
1566 2302 1716 2376 legentium
1728 2301 1815 2359 mitiis
1828 2316 1893 2359 ecce
1905 2299 1999 2372 praeh·

339 2407 499 2464 eooporum,
514 2393 591 2450 salva
606 2391 728 2464 primatis
742 2391 909 2463 obedientia,
923 2391 1038 2448 liberam
1053 2391 1145 2448 effece·
1197 2396 1299 2470 gimus.

339 2489 392 2537 ret.
405 2479 485 2550 Quod
496 2480 598 2537 iactum
612 2481 780 2536 Lanirancus
789 2479 1012 2552 archiepiscopus
1030 2481 1144 2536 moleste
1235 2504 1248 2535 ι
1264 2481 1402 2539 Paschalis
1416 2481 1570 2553 episcopus,
1582 2495 1840 2547 servassemorum,
1855 2480 1916 2550 Dei,
1932 2480 2000 2536 cha·

339 2567 490 2641 accipiens,
506 2569 594 2643 ipsum
609 2569 783 2640 privilegium
799 2568 890 2624 abbati
905 2568 1026 2636 abstulit,
1043 2585 1093 2626 neo
1109 2569 1144 2624 il·
1197 2572 1306 2629 rissimo
1329 2571 1385 2626 iiiio
1418 2570 1535 2626 Hennae
1566 2568 1626 2642 regi
1652 2570 1816 2642 anglorum,
1840 2569 2003 2625 salutemet

339 2657 437 2726 iudei,
454 2657 506 2712 nisi
523 2656 595 2714 circa
611 2656 690 2713 finem
707 2656 769 2714 vitae
794 2673 861 2725 suae,
887 2658 1030 2713 multorum
1052 2656 1144 2728 preci·
1198 2659 1376 2732 apostolicam
1396 2656 1626 2716 benedictionem.
1656 2657 1725 2730 Regi
1757 2674 1853 2730 regum
1885 2656 2002 2714 Domino

333 2745 394 2802 bus
408 2752 498 2801 motus
513 2745 632 2802 reddere
646 2745 741 2803 voluit.
758 2745 891 2801 Praeiatus
911 2761 977 2818 ergo
1001 2745 1146 2817 episcopus
1199 2750 1300 2822 gratim
1309 2749 1425 2821 agimus,
1439 2770 1450 2796 r
1468 2756 1532 2815 etc,
1541 2761 1629 2819 cepoe
1641 2746 1678 2802 ad
1689 2768 1700 2795 ι
1713 2746 1899 2802 Ecclesiamm
1912 2744 2001 2817 siqui-

334 2833 529 2906 episccpatum
544 2833 795 2890 Theodiordensem
809 2851 856 2889 seu
876 2835 1091 2901 Norwirensem,
1117 2835 1145 2889 in
1199 2839 1260 2894 dem
1276 2837 1449 2893 investituras
1477 2850 1536 2904 nos,
1551 2835 1636 2891 sancti
1652 2835 1768 2906 Spiritus
1785 2833 1899 2905 judicio,
1927 2833 2003 2906 regi-

334 2923 416 2995 cajus
429 2922 561 2994 parochia
576 2922 672 2979 eadem
688 2923 796 2978 abbatia
811 2937 872 2979 esse
894 2923 988 2992 scitur,
1012 2937 1061 2978 suo
1083 2923 1145 2993 jure
1188 2928 1250 2983 'bus
1263 2934 1290 2982 et
1303 2924 1484 2997 principibus,
1506 2924 1562 2979 imo
1589 2923 1666 2980 iaicis
1692 2923 1828 2991 omnibus,
1857 2921 2003 2980 interdici-

336 3027 392 3068 non
412 3012 475 3083 jura
499 3010 635 3082 privatum
658 3025 719 3068 esse
742 3027 816 3084 aegre
841 3012 941 3079 ierens,
966 3018 995 3068 ut
1013 3011 1141 3080 diximus,
1198 3032 1259 3071 mus
1275 3031 1281 3071 :
1298 3015 1436 3070 necerim
1450 3014 1601 3068 decetuta
1628 3012 1685 3068 filio
1713 3020 1802 3068 mater
1828 3010 1857 3066 in
1884 3011 2002 3070 seruitu-

336 3099 456 3156 Eomam
471 3099 532 3169 ire;
548 3107 575 3156 et
588 3099 610 3155 si
627 3100 695 3157 lorie
710 3107 812 3172 posset,
829 3099 856 3155 iri
871 3100 1008 3172 antiquam
1024 3099 1145 3171 dignita·
1201 3114 1254 3160 tem
1269 3103 1418 3169 addicatur,
1432 3109 1462 3157 ut
1474 3117 1603 3173 sponsum
1619 3117 1699 3172 quem
1712 3116 1767 3156 non
1794 3100 1900 3171 optavit
1928 3099 2002 3156 acci·

339 3195 394 3244 tem
417 3187 566 3246 Ecclesiam
591 3188 633 3244 cui
656 3187 821 3260 presidebat
844 3188 998 3258 restituere,
1024 3188 1145 3245 admini·
1198 3193 1265 3264 piat.
1294 3192 1385 3249 Habet
1411 3206 1540 3263 sponsum
1566 3206 1644 3246 suum
1673 3205 1769 3262 regem
1797 3203 1831 3246 ac
1853 3188 2001 3245 Dominum

338 3278 445 3334 colante
460 3276 596 3348 aequitate,
619 3276 766 3350 cogitabat.
789 3277 843 3334 liic
866 3277 960 3350 itaque
985 3277 1141 3348 llerhertus,
1198 3287 1330 3350 aestuem,
1347 3281 1394 3351 qui
1409 3288 1435 3335 te
1449 3278 1638 3334 misericordis
1652 3294 1702 3334 sua
1715 3279 1744 3333 in
1758 3277 1882 3350 potentia
1894 3287 1921 3333 et
1933 3293 2001 3349 pro-

340 3382 403 3423 cum
416 3366 518 3423 relietis
532 3365 613 3423 sociis
637 3364 821 3439 burgundiam
844 3382 905 3423 eum
935 3366 989 3423 suis
1012 3368 1141 3437 venisset,
1158 3329 1183 3398 G
1198 3370 1282 3428 hitate
1296 3369 1441 3438 custodiat,
1456 3376 1483 3424 et
1497 3383 1514 3424 a
1528 3377 1634 3426 terreno
1648 3384 1734 3442 regno
1747 3370 1782 3426 ed
1796 3369 1909 3426 coeiaste
1936 3382 2001 3441 per-

340 3463 366 3512 et
379 3463 472 3527 partes
488 3455 681 3528 Lugdunensis
695 3454 842 3528 provinciae
858 3456 979 3529 impiger
992 3456 1140 3527 attigisset:
1197 3454 1288 3512 ducat.
1305 3458 1403 3510 Amen.
1425 3477 1436 3502 ι

340 3544 554 3617 comprehensus
569 3560 584 3599 a
599 3544 716 3616 quodam
738 3542 863 3601 Guidone
891 3545 949 3601 viro
976 3552 1142 3617 praepotente
1236 3543 1404 3600 «Paschalis
1417 3543 1572 3614 episcopus,
1588 3558 1684 3599 servus
1698 3556 1841 3598 serrorum
1863 3540 1923 3609 liei,
1948 3555 1999 3596 ve-

339 3648 370 3689 ae
385 3631 1019 3705 ieroest‚etquoddehnglieepiscopusesset,
1035 3634 1142 3706 quodve
1197 3632 1313 3691 nerabiii
1328 3632 1404 3687 fratri
1422 3640 1449 3687 et
1476 3633 1639 3704 coepiscopo
1665 3633 1805 3700 anselmo,
1831 3629 1947 3685 salutem
1974 3632 2002 3685 et

338 3739 388 3794 pro
403 3721 503 3779 damno
527 3720 631 3776 domiui
655 3720 696 3776 sui
720 3722 841 3777 Ansolmi
866 3722 1072 3778 Canthariorum
1096 3737 1142 3778 er·
1197 3722 1374 3793 apostolicam
1388 3721 1621 3778 benedictionem.
1639 3721 1702 3777 Non
1716 3721 1826 3794 ignoras
1839 3718 1940 3774 dirinae
1953 3732 1999 3775 vo-

337 3810 505 3882 chiepiscopi
530 3808 650 3866 Romam
675 3810 736 3879 iret,
763 3810 800 3866 ab
829 3810 929 3868 eodem
953 3809 1140 3867 calumniatus.
1196 3811 1306 3867 luntatis
1320 3810 1543 3879 esseconsilium,
1562 3833 1573 3859 ι
1590 3816 1642 3867 etc.
1665 3809 1732 3867 Vide
1751 3809 1784 3866 in
1806 3807 1940 3866 Poteholi
1962 3806 1998 3876 ll,

336 3900 427 3973 Negat
442 3896 507 3964 iile;
526 3913 575 3954 nac
590 3896 614 3954 ei
629 3898 760 3955 creditur.
774 3899 862 3955 Instat
876 3899 1002 3971 negando
1017 3906 1044 3955 et
1063 3900 1142 3970 deje·
1197 3903 1288 3973 infra.

337 3987 424 4045 rendo
439 4002 446 4041 z
463 3988 512 4043 sed
527 3986 720 4060 nequidquam.
736 3986 869 4055 Tandem,
885 3988 1010 4059 prolatis,
1031 3996 1142 4047 saneto·
1233 3989 1345 4062 Scripsit
1360 4004 1479 4063 quoque,
1495 3990 1629 4062 peridem
1644 3986 1904 4062 tempusepistolam
1915 4002 1997 4045 onam

338 4092 399 4132 rum
415 4075 546 4148 reliquiis,
563 4092 646 4148 super
659 4092 706 4133 eas
718 4074 812 4147 jurare
823 4078 929 4150 cogitur
943 4084 1141 4148 etassererare,
1196 4078 1327 4151 episcopo
1340 4087 1368 4136 et
1379 4077 1487 4136 clericis
1500 4080 1635 4136 Ecclesia
1648 4080 1686 4152 (e)
1702 4078 1899 4148 Excestrensis,
1918 4093 1998 4150 quam

338 4180 369 4222 se
384 4163 459 4222 nulla
474 4164 585 4224 omnino
600 4166 704 4222 rationo
718 4167 812 4222 liomae
827 4166 944 4223 scienter
970 4166 1037 4239 quid
1063 4176 1142 4224 actu·
1196 4167 1260 4224 huic
1273 4168 1402 4240 opusculo
1416 4169 1509 4225 indere
1523 4184 1579 4226 non
1594 4168 1705 4225 omnino
1720 4166 1838 4223 alienum
1859 4174 1998 4239 pommus,

338 4270 411 4324 rum,
428 4256 502 4329 quod
516 4254 667 4312 authonori
682 4262 729 4311 aut
746 4255 877 4312 voluntati
905 4256 994 4311 Patris
1021 4256 1143 4313 Anselmi
1197 4258 1419 4330 quandoquidem
1448 4257 1524 4313 iliam
1553 4257 1649 4314 futuris
1686 4256 1855 4328 temporibus
1882 4256 2000 4327 alicujus

338 4342 427 4399 videri
440 4347 535 4414 posset
547 4344 705 4401 obnoxium.
721 4345 784 4401 Post
798 4360 870 4417 qum,
885 4350 915 4399 ut
928 4360 995 4415 pace
1005 4360 1037 4401 ae
1059 4360 1142 4401 seeu-
1196 4344 1306 4419 negotio
1319 4346 1388 4401 forte
1402 4346 1571 4418 profuturam
1586 4361 1735 4418 speremus.
1751 4346 1801 4402 Est
1813 4353 1903 4400 autam
1926 4344 1997 4400 haec.

338 4432 419 4489 ritate
445 4432 496 4487 riri
524 4431 668 4488 comitatus
695 4432 747 4491 ria
782 4433 860 4489 reddi
892 4440 1027 4503 meretur,
1057 4433 1141 4488 iermc
1199 4456 1210 4482 ι
1227 4433 1364 4488 Paschalis
1377 4434 1532 4506 episcopus,
1552 4450 1650 4490 survus
1672 4448 1813 4489 servorum
1834 4433 1894 4503 Dei,
1916 4447 1997 4488 vene·

338 4518 529 4591 quadraginta,
546 4520 615 4577 sicut
628 4522 721 4591 lemur,
737 4536 844 4579 marcas
859 4522 963 4592 argenti
983 4537 1038 4579 non
1062 4529 1140 4594 grata
1197 4521 1276 4577 rabili
1290 4521 1365 4578 fratri
1381 4522 1520 4579 Osbernos
1534 4524 1664 4596 episcopo
1678 4530 1705 4578 et
1718 4521 1826 4579 clericis
1837 4522 1997 4578 Excestren-

337 4608 363 4666 ei
378 4608 504 4681 largitate
518 4608 635 4680 reliquit,
645 4610 884 4684 quassconegotio
895 4626 976 4681 super
985 4610 1136 4668 Ecclesiam
1196 4610 1234 4665 sis
1248 4610 1375 4668 Ecclesiae
1387 4612 1544 4668 salutemet
1566 4610 1744 4683 apostolicam
1768 4610 1996 4667 benedictionem.

337 4697 368 4753 S.
384 4696 627 4754 Edmundillomae
641 4697 888 4763 adminiculaturas,
911 4699 1038 4773 angliam
1055 4687 1180 4773 egre-D
1196 4700 1229 4755 Et
1248 4700 1353 4755 Patmm
1381 4700 1469 4757 sanxit
1496 4700 1679 4770 auctoritas·
1710 4708 1761 4756 etc.
1799 4698 1865 4756 Vade
1888 4699 1921 4755 in
1938 4700 1995 4755 Po-

338 4784 431 4858 diens,
447 4800 528 4859 mage
542 4786 656 4859 putavit.
1195 4786 1287 4845 scholi
1296 4789 1336 4845 Il.

996 4911 1211 4971 tiisitscitiiitii
1238 4913 1355 4970 NOTAE.

376 5034 417 5108 (c)
431 5034 556 5092 lierberii
571 5034 755 5093 Norwicensis
768 5036 953 5094 simoniacum
971 5036 1137 5109 ingressum,
1195 5037 1292 5107 iuerat,
1308 5038 1476 5095 Eboracensi
1490 5047 1531 5094 est
1544 5038 1692 5109 subjectus.

339 5122 406 5163 vera
417 5108 576 5187 paenitentia
598 5113 626 5163 et
649 5106 756 5163 meliori
781 5123 927 5181 progressu
954 5109 1137 5177 emendatum,
1230 5110 1266 5180 (a)
1281 5110 1395 5165 Abbatia
1409 5111 1468 5166 herc
1483 5109 1512 5166 S.
1528 5109 1663 5166 Edmundi
1678 5109 1752 5181 regis
1766 5116 1792 5164 et
1806 5109 1931 5180 martyris
1951 5112 1993 5163 est

339 5178 472 5235 describit
485 5177 745 5241 blalmesburiensis;
769 5194 830 5235 mox
858 5180 929 5236 inira
956 5180 1140 5236 Norwicensis
1194 5180 1223 5235 in
1237 5196 1304 5250 agro
1320 5180 1520 5236 Suii'oiciensia
1542 5197 1608 5253 rege
1636 5181 1738 5236 Canum
1766 5186 1931 5244 constructa,
1960 5179 1995 5234 de

339 5265 356 5305 a
378 5248 503 5319 pellatur,
518 5250 579 5322 quia
595 5248 789 5323 sedem(r1uam
803 5257 865 5305 ante
880 5266 934 5306 non
945 5252 1043 5307 multos
1056 5264 1140 5306 annos
1213 5266 1246 5305 ua
1256 5252 1318 5305 vide
1328 5252 1470 5307 monastici
1479 5254 1518 5307 ha
1540 5251 1621 5307 licani
1633 5260 1735 5308 tomum
1745 5252 1766 5320 l,
1780 5254 1878 5322 phil.
1893 5250 1995 5307 Colitur

365 5316 526 5375 heliordism
553 5322 724 5376 transtulerat
751 5320 904 5394 llerlastus)
935 5322 995 5394 ipse
1021 5321 1139 5378 Norwici
1194 5269 1284 5378 iictus
1299 5322 1455 5377 Edmundus
1469 5327 1502 5379 10
1539 5323 1685 5379 ovemhris.

339 5390 452 5459 locavit,
466 5398 493 5445 et
507 5384 574 5447 obiit
587 5407 659 5447 auno
673 5394 752 5446 liiii.
1229 5394 1270 5464 (d)
1284 5394 1341 5448 iloc
1348 5394 1523 5521 ιιιινίΙξῇξὲιιιι
1531 5394 1624 5450 datam
1633 5410 1704 5451 anno
1714 5392 1861 5449 Alexandri
1867 5409 1947 5466 papae
1956 5392 1996 5447 xi

377 5461 416 5530 (b)
446 5462 578 5517 liebertus
606 5462 753 5519 Castrensis
781 5478 891 5533 quoque
923 5463 1028 5531 sedem,
1058 5478 1140 5536 quam
1195 5464 1293 5519 Christi
1310 5466 1375 5520 toti
1393 5481 1426 5520 en
1492 5467 1561 5522 ibic
1576 5467 1605 5519 in
1619 5466 1690 5522 notis
1705 5465 1838 5521 seldenus
1852 5482 1879 5535 p.
1895 5462 1958 5520 106.

340 5530 494 5589 Lichleldia
508 5532 639 5589 Cestriam
654 5532 825 5589 transtulerat
838 5550 906 5589 suus
933 5535 1061 5590 decessor
1089 5535 1140 5589 Pe·
1231 5537 1270 5607 (e)
1284 5536 1421 5591 Excestria
1432 5544 1473 5592 est
1487 5538 1607 5593 Ecclesia
1621 5546 1647 5594 et
1661 5537 1835 5608 episcopatus
1853 5533 1995 5591 Exonien·

341 5613 407 5673 trus,
421 5602 478 5670 jam
500 5619 544 5659 au.
570 5608 638 5661 tots
667 5604 841 5660 transtulerat
863 5606 1046 5671 Coventriam,
1074 5620 1140 5677 per-
1195 5607 1249 5669 sis;
1265 5608 1330 5660 urbs
1344 5622 1377 5663 ea
1392 5607 1420 5662 in
1433 5606 1556 5664 Deionis
1573 5608 1609 5663 ad
1635 5610 1724 5664 iscam
1746 5608 1869 5674 flurium,
1898 5604 1995 5677 singlis

340 5673 412 5730 rexit
427 5680 527 5743 mmeu,
543 5676 649 5731 uthina
671 5683 794 5747 apparet,
819 5674 858 5731 uti
882 5676 957 5731 titulo
982 5676 1139 5739 cestrensi:
1194 5676 1421 5747 Excesterdicia,
1440 5694 1522 5751 supra
1536 5680 1556 5735 l.
1570 5682 1592 5748 l,
1608 5696 1636 5734 n.
1652 5682 1686 5734 13
1701 5679 1787 5736 ethic
1807 5678 1879 5733 inire
1901 5694 1929 5732 n.
1960 5675 1993 5730 ta

342 5744 390 5818 qui
404 5744 532 5817 deinceps
545 5747 702 5814 exstinctus,
720 5746 829 5803 demum
844 5746 879 5803 ab
893 5747 1013 5804 ilenrico
1031 5748 1090 5803 Vili
1114 5748 1142 5802 in
1195 5757 1307 5805 vocatur
1319 5748 1462 5821 episcopus
1472 5749 1642 5809 Exoniensis.

342 5816 487 5874 schismate
501 5826 646 5877 renovatus
669 5824 730 5883 est;
759 5826 787 5875 et
812 5817 861 5893 qui
878 5816 929 5877 sub
957 5818 1141 5876 Centueriensi
