4750 6725
219 571 385 686 'm
865 617 1434 683 mmmmmmw.
1936 654 1988 712 m

332 751 476 810 consentit.
500 749 636 820 Quoniam
665 745 778 803 dublum
806 763 863 804 non
898 757 948 816 est,
978 749 1000 802 si
1026 748 1136 805 eosdem
1150 747 1319 810 Aedrersus
1334 749 1616 832 hostesnostrosjam
1631 771 1816 837 penetralibus
1837 775 1992 838 insistentaa

334 857 415 897 verus
429 839 560 896 Ecclesia
576 836 711 906 ostiarius,
733 835 778 906 qui
798 835 919 892 Christus
932 843 981 907 est,
1011 836 1039 891 in
1060 852 1136 892 sacra
1186 838 1313 894 festinum
1326 843 1481 912 praetendas
1494 850 1636 911 auxilium.
1661 857 1735 916 Licet
1751 863 1841 922 adbuc
1864 872 1989 931 morbum

331 931 397 1002 jura
412 928 578 996 admitteret,
588 941 677 998 neque
695 941 778 996 posse
792 925 940 997 perpetrari
964 939 1026 996 quae
1051 925 1137 995 quoti·
1186 927 1297 995 ejicere,
1314 929 1378 986 dum
1399 933 1428 988 in
1451 937 1596 1010 superficie
1614 944 1713 1002 vulnus
1727 950 1835 1011 videtur
1854 970 1989 1030 apertum,

334 1029 378 1085 die
393 1025 567 1084 cernimusin
582 1025 722 1097 provincia
746 1031 851 1093 nostra,
879 1025 1034 1096 principum
1061 1023 1135 1094 inju-
1186 1015 1398 1090 stultamque,
1414 1023 1437 1079 si
1452 1026 1487 1081 ud
1514 1029 1608 1085 sedem
1635 1041 1710 1092 tuam
1737 1040 1831 1100 redire
1855 1049 1934 1120 velis,
1961 1053 1990 1110 in

330 1125 402 1174 stam
426 1124 452 1172 et
467 1115 598 1170 immitem
627 1113 807 1184 tpranuidem,
838 1113 948 1186 rapinas
974 1127 1135 1184 pauperum,
1185 1114 1313 1178 promptu
1328 1109 1436 1180 multos,
1453 1116 1576 1188 utrium,
1602 1125 1723 1193 reperies
1741 1129 1786 1198 qui
1807 1138 1897 1192 tecum
1919 1155 1988 1211 par.

329 1204 431 1263 damna
446 1202 632 1271 ecclesiarum,
648 1202 717 1258 adeo
732 1211 761 1258 ut
786 1202 861 1259 locus
882 1203 1005 1274 corporis
1028 1209 1054 1257 et
1070 1215 1136 1256 san·
1187 1201 1227 1248 21²⁵
1241 1194 1292 1250 Dei
1304 1197 1419 1255 virliter
1428 1201 1585 1276 defendant,
1614 1212 1664 1266 uisi
1687 1222 1858 1278 enervaverit
1875 1240 1924 1283 eos
1938 1236 1991 1288 tuae

328 1295 420 1366 guinis
434 1291 542 1350 Domini
565 1290 718 1346 libertatem
741 1291 857 1348 amittat.
878 1291 996 1348 Gemere
1030 1290 1135 1359 viduas,
1185 1285 1356 1352 pilerniltttiss
1380 1287 1512 1350 delectus.
1538 1295 1565 1349 Si
1593 1299 1730 1372 Angliam,
1759 1307 1798 1364 uti
1825 1313 1978 1374 audivimus

328 1385 485 1440 llereseues
500 1379 674 1439 incommoda
702 1395 761 1450 sua,
790 1395 823 1436 eo
852 1381 926 1452 quod
948 1379 1079 1451 eripiatur
1097 1380 1136 1436 eia
1186 1373 1354 1443 suspendere
1378 1378 1420 1432 vel
1441 1387 1678 1446 excommunicare
1700 1394 1828 1466 volueris,
1850 1402 1917 1474 qnid
1934 1360 1988 1480 ego

328 1474 396 1531 satis
410 1478 537 1546 angusta,
554 1486 635 1542 quarn
651 1469 696 1524 vix
725 1475 870 1539 merentur,
898 1468 985 1526 victus
1002 1468 1042 1523 sui
1069 1483 1136 1544 por-
1186 1459 1335 1534 fratresque
1349 1465 1434 1520 nosui
1448 1466 1580 1527 faciemus
1600 1476 1645 1546 qui
1672 1495 1781 1553 semper
1804 1486 1853 1543 tibi
1875 1491 1988 1553 obedire

336 1562 385 1620 tio.
401 1559 469 1633 llapi
486 1560 621 1633 virgines,
650 1565 676 1614 et
701 1557 797 1614 illicito
810 1557 940 1614 incestari
963 1555 1135 1626 concubitu;
1184 1558 1285 1619 Pfflw
1298 1551 1408 1624 suimus,
1424 1558 1586 1618 remandare
1606 1579 1699 1635 queso
1721 1569 1853 1643 digneris.
1884 1580 1985 1640 Vale.»

335 1651 465 1724 quodque
493 1647 613 1705 omnium
632 1647 752 1719 primunr
780 1647 882 1702 malum
905 1654 954 1715 est,
971 1645 1005 1703 ad
1016 1645 1135 1703 dedecus
1220 1636 1289 1694 Cum
1303 1640 1387 1713 igitur
1399 1644 1458 1700 haec
1470 1654 1497 1702 et
1511 1651 1644 1708 nonnulla
1657 1654 1719 1712 istis
1739 1659 1882 1735 dematura,
1905 1685 1988 1728 exsu-

329 1736 478 1796 bonestatis
508 1742 617 1801 nostre,
643 1734 802 1790 sacerdotes
830 1749 929 1790 uxores
958 1733 1069 1790 ducere.
1100 1733 1136 1790 lit
1185 1723 1261 1783 laute
1274 1729 1412 1802 insoluto,
1442 1749 1493 1805 per
1519 1737 1648 1811 angliam
1676 1742 1781 1817 fierent,
1811 1761 1838 1808 et
1864 1756 1974 1825 quidam

326 1827 450 1900 exceptis
463 1825 517 1894 bis,
531 1822 583 1878 alia
596 1821 726 1895 perplura
738 1821 841 1897 llagitia
856 1839 917 1895 que
936 1821 1013 1879 naias
1030 1829 1071 1879 est
1092 1817 1135 1880 rel
1188 1816 1320 1873 malorum
1347 1821 1534 1894 magnitudine
1562 1826 1664 1901 afflicti,
1692 1836 1753 1907 regi
1777 1836 1932 1902 insisterent
1958 1803 1988 1911 ιιι

323 1914 498 1990 impossibile
512 1911 670 1968 meminisse
690 1919 736 1968 aut
747 1911 885 1968 retulisse.
902 1910 980 1982 Quod
994 1911 1016 1967 si
1027 1912 1135 1984 dispen-
1183 1904 1283 1976 ipsum,
1298 1907 1401 1966 scilicet
1414 1913 1507 1983 patriae
1523 1915 1643 1988 Patrem,
1658 1921 1704 1992 qui
1719 1939 1752 1981 ea
1765 1930 1913 2003 corrigeret
1937 1954 1985 1996 aa.

325 1999 641 2064 sartoulsecclcsiastice
655 2001 778 2072 regulam
798 2009 825 2057 aa
850 1999 968 2072 antiqua
989 2009 1135 2058 consuatu-
1185 2003 1304 2067 vocaret,
1319 1996 1388 2069 ipse,
1405 2007 1463 2057 tam
1478 2002 1656 2078 religiositate
1671 2011 1722 2067 viri
1748 2014 1876 2078 inductus
1902 2041 1985 2097 quam

328 2095 401 2152 dinis
416 2091 540 2150 ordinem
555 2085 668 2144 sollicita
683 2089 832 2146 studuisses
843 2089 1061 2148 consideratione
1070 2105 1136 2162 pen.
1147 2105 1175 2168 B
1185 2092 1213 2139 et
1228 2084 1387 2144 immanium
1400 2089 1535 2148 malorum
1551 2095 1744 2158 exuberatione
1758 2106 1850 2166 animo
1863 2123 1985 2174 conster-

324 2200 396 2256 ωε,
425 2195 475 2238 nec
498 2177 545 2235 tibi
571 2176 663 2250 aliqua
689 2179 832 2235 exsulandi
860 2193 943 2236 causa
965 2179 1127 2253 subriperet,
1183 2181 1271 2245 natus,
1286 2174 1347 2232 lieri
1360 2177 1468 2249 quidem
1485 2181 1520 2238 de
1533 2183 1621 2241 reditu
1643 2186 1703 2259 riri,
1733 2194 1806 2263 quod
1832 2200 1978 2267 petebatur

324 2287 375 2330 nec
390 2271 436 2328 alii
449 2271 593 2328 occasione
618 2279 671 2329 tuae
683 2267 815 2327 absentiae
839 2275 893 2324 tam
922 2284 1006 2340 grave
1029 2269 1129 2325 discri-
1183 2278 1214 2319 se
1228 2263 1343 2322 libenter
1355 2267 1425 2323 velle
1439 2269 1585 2342 fatebatur,
1601 2273 1641 2331 sic
1664 2285 1754 2336 teman
1766 2291 1796 2338 ut
1808 2248 1986 2355 paternarum

326 2379 388 2418 men
415 2363 593 2418 incurrerent.
609 2363 683 2417 ltane
705 2367 785 2432 putas
805 2357 975 2414 inimicorum
994 2357 1043 2414 Dei
1063 2375 1129 2414 con·
1182 2355 1407 2411 consuetudinem
1429 2357 1497 2413 nibil
1522 2360 1574 2415 sibi
1603 2363 1639 2418 ab
1666 2381 1699 2422 eo
1713 2369 1826 2428 ulterius
1857 2377 1986 2454 derogari

324 2451 473 2508 tumaeiam
500 2449 650 2520 inflectere,
678 2449 723 2520 qui
748 2464 799 2504 uec
827 2447 885 2503 Deo
904 2447 1054 2515 crederent,
1080 2463 1131 2505 uec
1182 2442 1237 2498 ulla
1252 2444 1357 2501 ratione
1370 2455 1518 2516 pateretur.
1535 2450 1612 2507 Unde
1638 2454 1718 2512 nobis
1743 2460 1833 2517 adhuc
1860 2466 1984 2540 Lugduni

321 2538 429 2596 veritati
440 2537 490 2593 nisi
501 2537 578 2595 inviti
592 2537 684 2594 locum
700 2535 855 2608 preberent
875 2533 960 2604 iQua
986 2550 1052 2592 vero
1080 2551 1127 2591 ra-
1182 2531 1344 2603 degenlibus
1357 2536 1443 2590 nuntii
1458 2536 1572 2594 Romam
1585 2541 1695 2613 abipso
1708 2561 1774 2619 rege
1793 2550 1888 2609 directi
1910 2566 1983 2630 snat,

320 2628 394 2684 done
417 2627 452 2682 ad
474 2627 526 2683 boe
550 2627 701 2698 paternitas
727 2633 772 2680 tua
798 2623 910 2693 aspiret,
940 2623 1048 2696 ignoro.
1076 2623 1128 2694 Qui
1182 2622 1229 2692 qui
1246 2623 1333 2677 modis
1347 2625 1474 2681 omnibus
1487 2627 1656 2686 elaborarent
1671 2637 1850 2706 apostolicum
1866 2643 1902 2700 ad
1929 2647 1984 2705 boc

320 2717 393 2772 enirn
404 2715 555 2788 regendam
579 2716 672 2770 navim
707 2713 836 2784 suscepit,
866 2719 940 2768 tanto
951 2713 1068 2784 amplius
1093 2730 1128 2770 na
1181 2708 1358 2768 deducerent
1384 2714 1540 2770 Anselmum
1567 2719 1696 2791 angliam
1727 2726 1818 2784 redire
1844 2739 1871 2788 at
1898 2736 1985 2809 regim

319 2820 396 2862 cesse
412 2812 453 2861 est
477 2804 583 2876 vigilet,
614 2812 714 2875 quanto
736 2803 853 2875 amplius
886 2801 1022 2874 procellas
1040 2803 1126 2860 timet.
1181 2796 1315 2856 voluntati
1326 2799 1435 2871 juberet
1449 2802 1477 2858 in
1504 2806 1609 2862 cunctis
1636 2808 1717 2868 subdi
1738 2822 1766 2870 et
1791 2815 1911 2877 obedire.
1940 2827 1983 2882 dd

319 2895 375 2950 Sed
402 2900 466 2948 tunc
480 2893 602 2948 fortassis
629 2909 679 2965 pro
708 2893 767 2950 sola
791 2891 929 2948 voluntate
948 2891 1127 2948 invidentium
1181 2887 1254 2960 quod
1267 2888 1333 2944 dum
1347 2889 1459 2947 minime
1473 2890 1551 2948 illum
1568 2895 1676 2954 flectere
1698 2911 1819 2975 possent,
1840 2907 1909 2966 sicut
1931 2927 1982 2970 ve.

312 2983 420 3055 fugisse
441 2981 563 3055 pudebit,
588 2995 651 3038 curu
674 2979 778 3037 rideris
800 2989 862 3038 ante
890 2979 1005 3036 tribunal
1031 2978 1127 3037 Christi
1182 2984 1288 3047 nerunt,
1301 2977 1401 3036 iniecto
1416 2981 1527 3053 negotio
1542 2985 1644 3040 reversi
1657 2997 1730 3044 sunt.

313 3072 449 3129 ducentes
476 3069 574 3128 choros
602 3069 759 3126 animarum
774 3069 836 3126 illos
855 3069 1018 3128 fortissimos
1042 3071 1127 3129 divini
1217 3066 1248 3121 ln
1266 3065 1362 3123 diebus
1369 3068 1518 3126 illisssttalo
1533 3071 1572 3143 (u)
1580 3072 1726 3148 episcopus
1738 3078 1935 3146 Pariaiacensis
1947 3089 1983 3150 da

309 3161 408 3234 gregis
421 3159 529 3229 arietes,
546 3158 644 3230 quibus
659 3173 710 3217 nec
737 3159 816 3230 lupus
849 3161 952 3229 nocuit,
967 3175 1018 3216 nec
1038 3161 1127 3218 alicu·
1181 3155 1271 3213 Romu
1284 3156 1398 3215 veniens
1411 3158 1445 3213 ad
1459 3161 1892 3234 noareliquiasaorporisbeatae
1905 3194 1982 3238 mar-

302 3250 354 3320 ius
371 3255 458 3306 terror
472 3249 500 3304 in
515 3248 608 3322 lugam
633 3248 724 3304 uertit.
758 3247 846 3316 Quam
874 3250 953 3306 beata
985 3251 1036 3308 erit
1065 3259 1128 3310 tuuc
1183 3246 1249 3318 tyris
1263 3246 1365 3303 Priscae
1380 3246 1433 3304 sibi
1451 3247 1546 3306 llome
1567 3250 1645 3308 datas
1665 3253 1764 3326 attulit,
1779 3267 1806 3316 et
1827 3259 1891 3322 inde
1913 3267 1982 3327 mibi

305 3338 520 3397 memoriaintar
534 3345 646 3395 ceteros
669 3336 741 3394 illius
769 3337 932 3395 sanctissimi
971 3339 1058 3397 Patris
1074 3357 1122 3398 uo·
1182 3336 1372 3408 inpraesentia
1394 3336 1480 3394 Patris
1499 3338 1620 3398 unsetmt
1644 3351 1750 3414 partem
1784 3347 1982 3425 aliquantulam

303 3428 355 3487 stri
372 3426 510 3487 Ambrosii
530 3426 589 3499 qui,
611 3426 678 3483 sicut
698 3436 788 3484 namet
809 3427 995 3487 ecclesiastica
1020 3428 1114 3488 ilisto-
1129 3460 1154 3527 C
1181 3425 1266 3482 dedit·
1283 3426 1349 3496 Qoae
1362 3441 1428 3498 pars
1450 3426 1515 3484 dum
1543 3430 1691 3488 admodum
1715 3450 1802 3506 parva
1828 3441 1895 3499 mibi
1922 3445 1982 3507 viss

301 3516 355 3586 ria,
386 3532 441 3573 non
467 3516 575 3574 erubuit
601 3514 754 3573 Theodosio
782 3516 939 3590 imperatori
961 3516 989 3573 in
1023 3518 1120 3576 taciem
1175 3514 1280 3581 inisset,
1295 3524 1439 3590 rorantem
1463 3531 1509 3573 mc
1536 3524 1565 3574 ut
1591 3519 1694 3577 donum
1720 3525 1831 3583 antistes
1856 3544 1978 3608 augeret,

300 3604 445 3673 restitisse,
461 3614 488 3662 et
502 3620 552 3679 pro
566 3612 642 3663 reatu
668 3620 718 3661 suo
740 3604 838 3662 limina
852 3606 976 3664 ecclesie
993 3606 1033 3663 illi
1051 3607 1121 3664 dene
1172 3602 1315 3659 Auselmus
1329 3604 1506 3675 compescuit,
1519 3604 1613 3663 dicens
1634 3607 1759 3668 sufficere
1786 3616 1861 3686 quod
1889 3620 1979 3681 baba-

300 3710 398 3769 gasse.
414 3694 486 3766 Quid
500 3709 555 3751 nou
580 3694 740 3766 impetraret
762 3694 825 3751 talis
852 3694 972 3765 affectus,
989 3703 1015 3752 et
1045 3703 1119 3752 unta
1172 3688 1246 3744 bam·
1264 3713 1277 3739 a
1294 3690 1362 3746 Cum
1377 3691 1461 3761 essim,
1481 3690 1616 3763 inquient.
1630 3710 1662 3752 os
1688 3696 1781 3767 ipsum
1802 3702 1838 3758 de
1864 3720 1979 3779 corpore

301 3784 478 3841 condentia?
493 3782 591 3851 Etiam,
617 3783 702 3839 Pater
710 3792 815 3853 sancte,
827 3783 850 3839 si
870 3783 1006 3856 quispiam
1027 3784 1119 3841 iucar-
1170 3776 1246 3834 illim
1260 3778 1306 3848 ³1²,
1331 3778 1419 3835 ⁶⁰1¹&
1440 3794 1475 3837 t³⁰
1493 3781 1620 3852 milesii,
1648 3782 1828 3858 integritatem
1854 3792 1896 3850 sui
1921 3810 1977 3857 non

301 3880 426 3930 seratum
442 3870 608 3928 etalllictum
638 3870 815 3940 evisceraret,
840 3872 892 3927 boc
915 3872 997 3928 modo
1026 3888 1120 3929 reces-
1172 3866 1291 3924 babebit.
1308 3867 1480 3940 Quapropter
1502 3868 1528 3925 si
1555 3868 1624 3928 illud
1649 3871 1734 3946 digne
1760 3881 1920 3953 servareris,
1948 3894 1978 3944 et

300 3956 439 4014 sissanon
453 3956 598 4013 debueras.
615 3954 724 4025 Quanto
743 3956 835 4028 magis
849 3972 909 4011 cum
924 3955 991 4011 nibil
1022 3957 1117 4013 borum
1171 3956 1291 4012 domine
1305 3958 1382 4027 cujus
1396 3964 1439 4013 est
1466 3973 1518 4028 qna
1531 3966 1610 4029 potes
1623 3959 1770 4021 devotione
1784 3964 1812 4023 iu
1840 3969 1889 4028 illo
1915 3988 1977 4031 ser-

301 4042 540 4119 expertuslueris‚
554 4059 604 4101 nec
627 4044 710 4101 sedes
726 4051 772 4099 tua
800 4044 848 4099 tibi
874 4052 974 4118 negata
989 4044 1032 4114 sit,
1068 4046 1117 4102 sed
1170 4043 1262 4114 cieris,
1290 4052 1346 4100 tam
1373 4053 1513 4120 gratenter
1545 4045 1626 4103 officii
1653 4049 1692 4107 tui
1727 4068 1825 4113 manua
1861 4061 1978 4133 accipiet

299 4148 353 4208 pro
367 4148 422 4190 uuo
434 4134 519 4191 verbo
534 4134 600 4205 cuju
613 4132 691 4189 adam
704 4132 863 4189 Willbelmi
879 4132 973 4206 lugere
993 4134 1119 4191 decrevi·
1171 4149 1254 4206 quaro
1275 4132 1361 4191 sitoti
1388 4135 1498 4205 corpori
1525 4135 1586 4208 ejus
1612 4136 1772 4199 deservires.
1805 4169 1817 4196 a
1844 4149 1974 4222 acquievi

299 4218 347 4289 sti,
364 4224 390 4275 et
408 4217 501 4274 relicto
525 4220 615 4287 baete,
646 4216 837 4273 dilacerandas
852 4217 945 4289 imptis
966 4232 1032 4274 oves
1059 4226 1119 4275 tuas
1170 4220 1256 4290 dicto,
1272 4228 1299 4278 et
1312 4223 1388 4296 quod
1408 4238 1566 4295 acceperam
1593 4226 1721 4300 diligenti
1742 4234 1865 4292 custodia
1877 4253 1969 4298 servo.

298 4304 437 4362 dimisisti.
452 4306 539 4363 Pudet
552 4320 620 4379 ergo
637 4305 807 4377 quodeveuit
827 4304 958 4374 recolere,
989 4307 1116 4376 quoniam
1169 4308 1201 4365 ln
1214 4311 1335 4367 meando
1349 4319 1440 4367 autem
1454 4328 1529 4368 auno
1542 4312 1581 4385 (lt)
1595 4315 1730 4374 adventus
1745 4322 1860 4381 nustria
1886 4326 1974 4387 Roma

296 4410 396 4453 ornnes
409 4392 459 4463 illi,
474 4395 518 4451 vel
535 4410 606 4467 pene
622 4410 718 4451 omnes
739 4409 809 4467 quos
836 4392 1022 4451 Ecclesiamm
1048 4412 1117 4468 prae-
1168 4396 1342 4471 Lugdunum.
1370 4399 1430 4470 ipsa
1452 4415 1523 4471 papa
1548 4410 1643 4459 coacto
1683 4404 1821 4465 lateranis
1851 4416 1973 4485 generali

297 4498 365 4541 sena
377 4498 500 4541 aemmna
513 4486 692 4555 exspectabat
708 4482 743 4539 ad
765 4498 825 4539 aure
849 4482 1022 4540 necessitatis
1041 4485 1116 4540 sola·
1168 4487 1296 4558 concilio,
1311 4487 1439 4543 comitem
1453 4486 1636 4560 debellante,
1659 4493 1736 4563 cujus
1759 4512 1834 4568 saepe
1851 4503 1974 4574 superias

298 4572 377 4641 ιιιιιιι,
401 4572 545 4630 occasione
570 4572 676 4629 timoris
700 4580 823 4643 accepta,
856 4571 944 4645 magis
976 4573 1115 4645 elegerunt
1168 4575 1646 4646 babituestmentio,etcornplices
1669 4580 1798 4654 ejusqui
1824 4602 1917 4661 mam
1936 4591 1972 4649 aa

298 4669 391 4718 tecum
412 4660 589 4717 succumbere
603 4675 685 4733 quarn
713 4660 810 4717 trustra
832 4661 892 4718 sine
920 4672 946 4717 te
973 4662 1112 4719 resistere.
1168 4662 1335 4720 investiturae
1361 4663 1493 4736 flagitium
1527 4664 1596 4720 sictu
1622 4666 1764 4725 dicebatur
1786 4673 1971 4753 impellebant,

299 4747 454 4814 Quideniro
479 4748 601 4806 lacerent
624 4747 721 4819 quibus
742 4748 820 4805 Pater
842 4748 946 4817 deerat,
964 4758 991 4805 et
1013 4749 1110 4822 quibus
1168 4748 1329 4805 necnaillos
1343 4746 1392 4820 qui
1413 4748 1449 4803 ab
1463 4762 1498 4805 eo
1511 4747 1630 4805 investiti
1644 4751 1761 4824 inerant,
1790 4773 1806 4812 a
1832 4758 1972 4820 liminibus

299 4844 385 4908 caput
398 4852 453 4894 nort
469 4836 640 4909 suppetebat.
661 4835 776 4893 Proinde
785 4836 957 4893 admonenda
972 4845 1014 4895 est
1030 4853 1108 4893 sanc·
1123 4810 1150 4873 D
1165 4844 1267 4893 sanctae
1281 4835 1413 4893 Ecclesiae
1433 4836 1537 4907 jndicio
1566 4837 1683 4910 Spiritus
1702 4845 1790 4899 sancti
1811 4847 1920 4919 repulit,
1944 4864 1972 4916 ea

300 4926 383 4984 clitus
412 4932 470 4993 tua,
494 4941 549 4983 uon
572 4924 732 4996 erudienda,
754 4929 784 4981 ut
805 4933 924 4981 matures
960 4926 1108 4983 adveutum
1162 4926 1214 4982 ltoc
1227 4925 1318 4997 ipsum
1331 4925 1539 4996 perepistolam
1553 4942 1636 4999 quant
1656 4933 1901 5005 ecoesupponimns
1912 4941 1972 4998 An.

300 5022 406 5073 sanetae
433 5012 526 5071 mauis
553 5012 693 5081 Ecclesiae,
718 5012 837 5084 depellas
860 5014 1047 5086 oppmbrium,
1081 5021 1108 5071 et
1161 5012 1307 5070 selmosub
1322 5012 1459 5071 celeritate
1472 5013 1575 5070 latuit:

955 5139 1169 5197 fluuscuuttu
1188 5138 1303 5196 NOTAE.

341 5234 483 5307 (alGualo
496 5236 637 5309 seuGalo,
653 5253 687 5295 ex
701 5234 886 5293 bellovacensi
908 5239 1050 5311 episcopo,
1071 5238 1116 5294 la·
1170 5250 1285 5294 nurnero
1298 5233 1452 5292 indictionis
1474 5250 1595 5292 errorem
1631 5236 1774 5311 irrepsisse
1799 5244 1908 5321 credas,
1923 5252 1971 5325 qui

305 5314 367 5364 ctus
383 5306 542 5365 Pariaiensis
557 5324 628 5366 auno
644 5310 727 5365 ltus.
747 5307 864 5365 Consule
879 5306 1113 5366 Sammartbauos.
1171 5306 1299 5377 scriptori
1309 5303 1469 5377 imposuerit
1482 5306 1521 5361 ita
1533 5314 1564 5362 ut
1575 5322 1626 5379 pro
1639 5312 1727 5368 tertio
1740 5311 1849 5385 legatur
1861 5319 1970 5384 decima

306 5379 443 5436 Caetemm
454 5378 512 5435 bac
527 5396 609 5451 supra
624 5382 678 5438 late
692 5382 777 5435 relata
797 5386 858 5433 sunt
873 5378 901 5433 iu
916 5380 977 5435 Vita
1008 5380 1036 5435 S.
1064 5382 1117 5435 tlu-
1173 5380 1272 5444 tertio,
1285 5377 1330 5432 bic
1343 5392 1431 5433 annus
1445 5378 1515 5434 libb
1527 5377 1672 5435 habebitur
1686 5398 1693 5436 :
1708 5398 1762 5455 quo
1785 5387 1867 5444 etiam
1894 5406 1967 5455 anno

301 5448 395 5520 selmi,
411 5458 438 5505 et
452 5450 543 5506 omnia
557 5452 636 5507 simul
646 5449 809 5509 deduximus
823 5452 856 5505 ιι
873 5450 994 5507 lanuarii
1014 5450 1050 5506 ad
1064 5450 1116 5507 lli-
1172 5449 1320 5506 Sabellicus
1334 5455 1361 5504 et
1374 5448 1529 5504 Antoninus
1543 5448 1668 5506 scribunt
1681 5461 1805 5511 coactum
1820 5462 1969 5523 consiliam

301 5528 358 5577 tam
376 5520 405 5577 S.
421 5519 533 5604 lfriscae.
769 5590 774 5603 ι
1170 5524 1224 5577 stt
1238 5520 1438 5602 episcoporum,
1453 5519 1502 5603 sed
1520 5520 1672 5588 Florentiae,
1699 5525 1774 5607 quod
1799 5544 1854 5585 non
1889 5531 1969 5593 tacita

301 5590 793 5745 stitit:{retribuite
814 5591 1116 5745 iiittlliillil
1169 5589 1969 5745 autistiti?tdllttlttttltltdutut

302 5740 444 5795 auctorem
457 5734 585 5791 Cbronicr
600 5734 628 5790 S.
647 5736 714 5791 Petri
743 5736 803 5789 l'tvi
826 5735 1006 5799 Sunonensis.
1035 5736 1116 5808 tdqua
1170 5732 1516 5815 ιιιιιιιιιιιιιοιιιΙῒιοιειιιιιιι,Ι
1533 5749 1560 5789 ut
1574 5734 1665 5791 nullus
1682 5751 1802 5810 unquam
1823 5740 1968 5804 Florentiae

302 5802 339 5859 sd
353 5806 538 5861 annumttoit
553 5804 594 5861 bis
608 5806 697 5862 uerbis
713 5826 719 5863 :
738 5828 749 5854 ι
770 5806 829 5863 lloc
852 5805 962 5862 annoin
989 5805 1114 5863 Lateran.
1169 5804 1222 5861 iutt
1247 5810 1357 5861 rrveote
1381 5810 1409 5861 et
1436 5750 1600 5876 pruriente
1629 5813 1688 5863 tum
1714 5810 1805 5868 adbuc
1829 5808 1956 5877 Balnerio

303 5873 1537 5949 mmmmmmummmmwmmm
1956 5858 1966 5896 '

305 5941 352 6017 tia,
367 5946 457 6004 Nonis
470 5948 559 6006 llartii
573 5945 676 6008 lactant
691 5957 732 6009 est
745 5948 891 6007 concilium
914 5966 922 6015 ;
940 5970 952 6001 a
973 5948 1021 6007 ubi
1049 5948 1116 6006 alin
