4750 6725
340 637 390 692 ata
845 631 976 706 sauma,
992 669 1026 682 -
1038 637 1086 696 DE
1102 633 1278 697 CONCEP‘l'.
1293 639 1327 697 ll.
1345 637 1471 698 manta.
1933 633 1984 695 dil

340 759 402 820 voci
415 769 480 831 tua,
496 761 645 838 postposita
659 761 817 823 obedientia
831 765 973 824 vocisllei.
983 765 1030 823 Vae
1044 764 1136 822 obedi·
1150 771 1178 834 Α
1194 773 1245 823 tua
1267 766 1428 836 severitatis,
1444 765 1552 826 voluisti
1572 765 1632 825 lieri
1652 765 1736 824 homo
1755 779 1808 838 pro
1829 761 1922 830 nobis:
1938 763 1983 820 iu-

340 869 381 920 re,
398 869 440 910 vae
452 870 507 912 nun
523 854 646 924 obedire,
662 872 704 912 vae
716 855 776 914 voci
791 857 913 912 mulieris
927 865 1021 913 contra
1042 872 1137 913 vocem
1192 855 1273 912 tende
1286 866 1315 913 ut
1329 873 1391 914 esse
1405 859 1544 930 possimus
1564 859 1636 930 quod
1656 866 1685 913 nt
1705 872 1826 912 essemus
1847 855 1935 911 luctus
1953 870 1984 910 ea

338 941 389 998 Del
404 941 532 1012 obedire,
548 961 591 1001 vau
605 961 655 1017 pru
671 961 737 1002 voce
746 945 868 1002 mulieris
876 947 937 1003 voci
947 945 996 1001 Dei
1006 961 1058 1001 non
1072 945 1138 1000 obe·
1193 960 1263 998 unus
1277 961 1310 1000 ex
1325 947 1414 1001 nobis.
1432 947 1509 1016 Quod
1525 947 1652 1018 petimus,
1669 948 1756 1001 bonor
1769 953 1829 1000 tuus
1843 943 1984 1000 estutfiat.

339 1030 416 1094 dire;
440 1033 545 1088 malum
567 1035 628 1098 boc,
642 1034 744 1089 malum
765 1034 831 1091 hoo.
858 1034 928 1090 ilinc
949 1033 1022 1089 enim
1043 1048 1138 1088 onrnes
1192 1032 1263 1087 Nam
1278 1033 1301 1088 si
1315 1049 1369 1089 aon
1384 1033 1423 1102 lit,
1439 1035 1577 1090 videberis
1592 1051 1607 1089 a
1621 1035 1761 1105 proposito
1783 1042 1828 1090 tuo
1850 1032 1984 1104 quodam·

340 1120 533 1176 tribulationes
553 1128 579 1178 et
601 1122 718 1178 miseriae
738 1139 805 1195 quas
826 1139 923 1193 passus
951 1129 990 1177 est
1007 1122 1136 1190 mundas,
1192 1120 1276 1177 modo
1291 1122 1433 1179 defecisse.
1450 1125 1549 1179 Verum
1572 1123 1645 1179 nulla
1666 1122 1827 1194 disceptatio
1845 1121 1923 1176 nobis
1944 1127 1985 1175 est

339 1225 412 1281 quas
440 1209 553 1280 patitur,
583 1227 650 1281 quas
684 1212 811 1282 patietur,
840 1221 933 1267 exorte
968 1218 1038 1266 sunt.
1068 1210 1138 1267 llinc
1192 1217 1292 1278 tecum,
1316 1212 1379 1280 quia
1399 1212 1531 1267 Dominus
1552 1229 1592 1278 es,
1612 1219 1640 1267 et
1659 1228 1742 1267 unum
1764 1211 1879 1268 verbum
1910 1219 1985 1264 tuuru

339 1297 472 1354 deorsum
488 1299 590 1355 sortitre
605 1307 677 1366 sunt,
688 1301 750 1356 binc
765 1301 848 1356 robur
862 1308 888 1356 et
900 1299 1138 1371 perseverantiam
1192 1300 1311 1355 validius
1326 1301 1425 1357 uostris
1441 1301 1524 1357 mille.
1541 1301 1568 1356 Si
1583 1300 1653 1356 enim
1662 1317 1757 1356 omnes
1762 1299 1874 1370 jutitia
1885 1307 1984 1354 nostrae

339 1385 526 1456 perdiderunt,
563 1388 625 1444 binc
660 1388 812 1460 ignorantia
847 1389 936 1446 omnis
968 1388 1040 1458 boni,
1076 1387 1138 1443 binc
1192 1391 1610 1460 coramtesuutsicutpanuns
1633 1399 1804 1446 menstruatae
1825 1388 1982 1459 (lac.axrv,

339 1475 453 1532 scientia
468 1483 495 1531 et
510 1476 647 1533 exsecutio
662 1477 750 1534 omnis
765 1478 842 1546 mali,
859 1478 921 1534 hino
942 1479 992 1534 Dei
1014 1485 1138 1533 contem·
1193 1476 1230 1547 d),
1260 1479 1327 1547 quid
1352 1486 1431 1533 erunt
1458 1479 1600 1550 injustitiae
1624 1487 1725 1534 nostre
1750 1495 1766 1534 a
1797 1478 1892 1549 seipsis
1917 1483 1985 1532 eta

339 1571 412 1634 ptus,
430 1564 493 1620 binc
508 1564 664 1622 daemonum
679 1566 729 1621 sub
743 1567 950 1623 simulacrorum
973 1566 1065 1637 specie
1086 1581 1137 1621 ne·
1191 1567 1292 1622 uostris
1312 1567 1428 1623 inimicis
1449 1576 1511 1623 ante
1532 1570 1631 1624 laciem
1651 1576 1722 1624 tuum
1746 1567 1912 1623 denudatae?
1926 1567 1984 1633 Vm,

341 1650 521 1708 tenuissimus
536 1655 634 1720 cultus,
651 1654 713 1712 binc
728 1670 804 1711 mors
824 1655 885 1712 vitae
907 1655 1057 1726 praesentis,
1074 1653 1138 1710 hinc
1192 1671 1245 1722 vae,
1262 1656 1322 1725 quis
1337 1656 1400 1711 binc
1412 1657 1589 1727 prodeuntem
1603 1659 1764 1728 perturbare
1777 1655 1951 1711 mentiscoal
1970 1679 1984 1696 ·

338 1739 378 1795 illi
394 1741 522 1797 miserior
537 1758 612 1799 mors
625 1743 736 1799 subiens
750 1744 892 1816 dispendia
907 1743 967 1800 vitae
989 1743 1136 1815 sequentis.
1191 1744 1308 1810 sionem,
1320 1745 1381 1815 quis
1393 1746 1502 1802 terrifici
1512 1746 1630 1802 horroris
1639 1746 1777 1816 explicare
1786 1743 1883 1814 poterit
1891 1743 1993 1819 imma3

338 1829 400 1885 Non
417 1845 483 1901 ergo
498 1831 580 1888 debet
591 1833 669 1890 vobis
684 1834 806 1889 bumana
820 1840 914 1888 natura
936 1833 1038 1906 gratias
1056 1847 1137 1903 egere
1192 1831 1303 1888 nitatem
1314 1835 1329 1887 ‘t
1342 1835 1373 1889 Ει
1388 1835 1410 1889 si
1427 1835 1531 1891 confusi
1546 1835 1667 1890 bor-roris
1691 1832 1864 1903 horridaque
1885 1829 1952 1885 conl
1968 1859 1984 1870 -

337 1919 659 1990 quodslcinFilioDei
681 1929 722 1978 est
744 1921 863 1978 exaltata
884 1931 911 1977 et
931 1923 1071 1986 honorata,
1088 1921 1136 1976 sed
1190 1922 1275 1977 sionis
1301 1923 1457 1980 immanitas
1485 1931 1526 1979 est
1554 1924 1636 1978 ruodo
1665 1921 1745 1977 nobis
1776 1918 1982 1990 inexplicabilis,

338 2007 421 2062 vobis
437 2009 540 2079 ulique,
556 2009 628 2078 quod
644 2011 784 2066 innumera
805 2011 884 2076 naula,
903 2010 974 2081 quod
997 2011 1023 2064 iu
1044 2009 1135 2082 gemi-
1190 2009 1310 2066 districta
1332 2012 1464 2067 melorum
1492 2012 1658 2068 examinatio
1686 2011 1714 2065 in
1743 2011 1832 2066 lutrrro
1858 2006 1984 2064 eramiae

336 2111 399 2150 nam
416 2105 533 2152 mortem
549 2099 670 2168 corporis
682 2107 708 2154 et
722 2099 822 2155 animae
837 2108 879 2155 est
892 2099 997 2170 dejecta
1007 2107 1032 2154 et
1041 2097 1136 2168 preci·
1149 2125 1176 2184 B
1191 2099 1234 2153 cul
1248 2100 1300 2154 erit
1315 2100 1486 2156 tolerabilis?
1501 2102 1576 2156 lleu!
1592 2109 1750 2171 peccatores
1773 2099 1984 2166 tremensque

337 2185 440 2254 pitata;
456 2201 508 2241 nec
521 2186 575 2241 ullu
589 2195 661 2242 esset
675 2203 739 2257 spes
754 2190 811 2243 lraeo
827 2196 900 2243 tauta
915 2187 984 2242 mala
999 2187 1135 2258 eliquata·
1190 2187 1251 2241 haec
1265 2189 1359 2242 omnia
1382 2189 1455 2243 arula
1476 2206 1510 2244 ex
1533 2191 1618 2244 Aulam
1643 2189 1726 2258 stirpe
1747 2187 1905 2257 respiciunt,
1920 2183 1984 2255 quid

335 2289 386 2328 nus
400 2274 543 2341 evadendi,
560 2274 583 2330 si
602 2275 652 2330 llos
673 2275 718 2330 illc
734 2277 952 2347 speciosissimus
972 2291 1019 2345 per
1032 2274 1135 2346 glorio·
1189 2273 1321 2330 faciemus
1336 2276 1362 2330 in
1378 2277 1462 2332 istis‘l
1476 2277 1710 2347 Desperabimus‘?
1720 2277 1795 2330 ,tbsit
1805 2278 1810 2331 t
1821 2272 1982 2342 Quidtuac‘l

336 2362 476 2416 sissimam
493 2365 612 2434 virgam,
629 2363 663 2420 de
681 2364 770 2419 radice
788 2365 864 2418 lesse
886 2364 1022 2430 nobiliter,
1037 2371 1132 2430 ortam,
1188 2363 1282 2420 olous
1301 2367 1389 2421 David
1410 2375 1504 2437 pateas
1525 2367 1621 2437 (Zucb.
1636 2381 1698 2433 arur,
1715 2366 1751 2433 l),
1766 2365 1793 2418 in
1817 2362 1981 2417 ablutionem

336 2465 391 2505 uon
406 2452 565 2521 sumpsisset
580 2451 686 2507 initium
702 2452 841 2508 nascendi.
858 2451 911 2508 Sed
928 2453 987 2523 ipse
996 2452 1134 2508 inmundo
1188 2461 1362 2509 menstruatae
1383 2455 1436 2510 llue
1457 2455 1492 2510 ad
1513 2471 1571 2523 nos,
1587 2463 1613 2510 et
1634 2455 1745 2510 consule
1769 2451 1832 2523 quid
1854 2451 1982 2521 expediat

335 2545 415 2594 uatus
429 2540 525 2595 ordine
540 2556 593 2612 quo
609 2541 704 2608 voluit,
722 2540 836 2611 Spiritus
853 2543 940 2597 sancti
955 2557 1036 2612 super
1056 2557 1085 2595 se
1107 2541 1134 2595 iu
1188 2542 1276 2597 nobis.
1293 2543 1317 2598 0
1339 2545 1443 2615 pietas!
1460 2560 1523 2599 vere
1546 2543 1616 2598 bone
1639 2544 1764 2607 Domine,
1780 2540 1869 2606 video,
1885 2539 1981 2596 videns

336 2627 490 2698 gratiarum
507 2643 618 2682 suarum
634 2628 802 2698 plenitudino
818 2629 989 2701 quiescentis,
1006 2627 1062 2684 suis
1082 2645 1134 2684 eu·
1188 2631 1307 2703 gaudeo,
1320 2632 1444 2703 gaudens
1459 2633 1609 2703 amplector
1623 2631 1766 2688 consilium
1781 2629 1853 2702 quod
1869 2629 1982 2700 persia·

335 2715 471 2771 ditoribus
486 2716 560 2772 dona
577 2717 725 2786 distribuit,
740 2725 767 2772 et
779 2717 912 2772 mundum
928 2718 961 2772 ab
983 2716 1135 2790 ignorantia
1188 2721 1313 2791 gularem
1337 2721 1551 2776 misericordiam
1576 2729 1650 2776 tuam
1680 2719 1821 2791 providisti
1845 2717 1983 2773 salubrius

336 2805 396 2860 veri
413 2804 489 2872 boni,
506 2813 530 2860 et
546 2805 606 2861 aliis
622 2807 702 2861 malis
724 2806 790 2862 indu
811 2806 992 2875 manantibus,
1009 2823 1069 2878 qaae
1089 2807 1134 2860 in·
1188 2807 1248 2864 lore
1263 2808 1353 2866 nobis.
1370 2810 1405 2863 Et
1418 2810 1491 2880 quod
1504 2808 1800 2878 velqualelNimirum
1813 2807 1983 2874 mente,vul·

336 2893 422 2950 currit
437 2909 488 2964 per
501 2893 597 2960 delam,
615 2900 741 2967 potenter
754 2894 856 2964 eduxit,
867 2903 948 2967 atque
963 2895 1133 2950 adamissam
1189 2906 1227 2966 tu,
1242 2913 1312 2954 voco
1328 2899 1363 2953 ad
1377 2915 1437 2953 eam
1452 2899 1551 2964 redire,
1563 2899 1640 2969 cujus
1650 2897 1925 2968 supramenriuimus,
1937 2895 1982 2950 di·

338 2981 418 3052 regni
433 2982 551 3038 coelestis
564 2983 796 3040 conversationem
808 2984 866 3054 jam
882 2984 949 3039 alios
963 2983 991 3038 in
1011 3000 1050 3052 re,
1067 2984 1134 3040 alios
1159 2997 1162 3002 ·
1188 2984 1364 3042 lectissimam
1379 2989 1493 3042 Matrem
1509 2995 1592 3053 tuam,
1607 2987 1759 3058 piissimam
1774 2985 1876 3040 seilicet
1894 2983 1982 3039 dorni·

337 3070 365 3126 in
381 3087 430 3143 spe
445 3071 658 3128 misericorditer
673 3072 788 3128 redusit.
1188 3090 1252 3129 num
1280 3084 1413 3144 nostram,
1430 3091 1447 3130 a
1465 3076 1541 3144 cujus
1568 3074 1801 3146 contemplationis
1829 3072 1981 3138 dulcedine,

372 3161 449 3216 Patet
463 3160 547 3232 igitur
561 3161 625 3233 quid
641 3161 684 3217 cui
698 3162 796 3218 debeat
810 3179 896 3235 genas
916 3163 1074 3232 humanum,
1089 3163 1133 3219 cul
1188 3179 1204 3219 a
1218 3163 1297 3233 cujus
1310 3164 1438 3220 castitatis
1452 3164 1688 3234 contemplatione,
1704 3179 1720 3218 a
1741 3164 1818 3232 cuijus
1842 3161 1982 3233 diguitatis

339 3249 410 3320 quod
440 3250 468 3304 iu
497 3249 589 3305 infima
615 3251 879 3321 humiliatumatque
906 3257 1070 3324 postratum,
1091 3253 1133 3309 oui
1187 3253 1537 3323 consideratione,acujus
1551 3251 1723 3307 sublimitatis
1739 3251 1933 3321 speculatione,
1950 3249 1979 3303 ia

335 3337 407 3409 quud
423 3339 566 3394 iusumma
588 3347 629 3394 est
650 3339 799 3395 exaltatum
822 3347 848 3396 et
866 3340 1058 3413 glorificatum.
1079 3343 1133 3399 Vos
1187 3343 1238 3397 bas
1255 3343 1406 3414 angustias,
1422 3343 1545 3412 quaedam
1566 3341 1657 3398 animo
1674 3356 1726 3395 nou
1749 3339 1883 3397 abolenda
1903 3354 1981 3394 eom·

334 3427 465 3499 igitur,o
491 3427 579 3482 anam
607 3436 632 3483 et
660 3429 727 3495 Eva,
755 3445 813 3497 vos,
833 3446 882 3486 vos
907 3441 1034 3495 accusat;
1054 3433 1132 3487 vobis
1188 3432 1378 3498 memorando,
1401 3431 1574 3497 devenimus,
1590 3430 1732 3501 ipsamque
1743 3446 1811 3498 pura
1834 3427 1980 3483 devotione

335 3523 426 3570 vestre
443 3517 592 3587 progenies
606 3517 679 3571 mala
692 3532 752 3587 quae
767 3518 883 3573 sustinet
895 3518 1018 3590 imputat,
1035 3538 1064 3576 se
1086 3536 1133 3591 per
1148 3478 1172 3541 C
1188 3520 1374 3590 interpellare,
1390 3524 1420 3574 ut
1437 3520 1517 3575 nobis
1528 3519 1661 3584 consulat,
1678 3526 1704 3573 et
1727 3519 1807 3573 nobis
1824 3517 1980 3588 superemi-

336 3620 387 3659 voa
400 3604 530 3676 paradiso
545 3604 692 3674 exclusam,
705 3622 738 3660 se
752 3607 868 3661 miseriis
882 3608 1015 3664 continuis
1028 3624 1134 3680 perros
1188 3608 1273 3673 nenti,
1291 3622 1344 3679 qua
1371 3610 1530 3678 praeminet
1556 3608 1629 3676 apud
1657 3614 1692 3671 te,
1715 3608 1805 3678 gratia
1827 3604 1978 3662 subveniat.

337 3692 468 3749 intrusam
492 3691 646 3747 miseranda
668 3693 860 3751 lamentatione
881 3696 1013 3767 deplorat,
1034 3705 1060 3752 et
1081 3713 1134 3753 non
1189 3695 1284 3751 Procul
1298 3696 1381 3751 dubio
1396 3711 1515 3766 namque
1528 3696 1630 3750 scimus
1645 3709 1706 3749 eam
1723 3694 1789 3747 tanti
1813 3708 1872 3747 esse
1896 3708 1980 3762 penes

335 3781 476 3837 immerito
492 3780 613 3853 quidem.
629 3782 718 3837 Causa
732 3782 844 3837 evidens
860 3790 910 3851 est,
928 3800 978 3839 nec
1000 3784 1133 3857 refragari
1189 3793 1224 3851 te,
1241 3793 1269 3841 ut
1286 3785 1353 3840 nihil
1378 3786 1475 3839 boram
1498 3800 1561 3853 quae
1584 3784 1657 3839 volet
1676 3781 1795 3851 ellicere,
1810 3780 1981 3853 aliquatenus

336 3876 435 3939 potest.
466 3868 538 3938 Quid
565 3868 661 3941 igitur,
683 3870 756 3925 Deus
781 3871 915 3938 omnium,
938 3872 1003 3943 quid
1031 3872 1134 3928 laceret
1187 3881 1281 3942 posset
1292 3872 1388 3929 effectu
1403 3887 1509 3928 carcre.
1525 3874 1606 3928 Salus
1618 3871 1700 3943 igitur
1717 3878 1809 3925 nostra
1832 3870 1859 3923 ln
1880 3866 1980 3923 volun-

335 3973 405 4029 upus
433 3973 563 4013 manuum
588 3966 710 4025 tuarum,
736 3974 770 4014 er
791 3960 1016 4031 prevaricatione
1038 3961 1133 4017 borum
1187 3968 1241 4017 tate
1263 3979 1312 4017 suu
1328 3961 1461 4028 consistit,
1486 3961 1549 4015 dnm
1572 3966 1663 4015 tamen
1685 3958 1837 4031 quodvult
1859 3964 1981 4028 potenter

335 4053 476 4116 parentum
505 4061 614 4101 snorum
645 4047 811 4116 perennibus
845 4048 933 4119 parnis
964 4056 991 4104 ct
1024 4058 1133 4107 aeternae
1188 4049 1383 4119 efficiatQuod
1395 4050 1487 4120 itaque
1497 4049 1638 4105 eonsilium
1653 4046 1789 4103 salubrius
1809 4046 1898 4110 nobis,
1911 4060 1981 4115 quos

337 4134 416 4190 ntorti
431 4134 591 4203 obnoxium,
608 4136 701 4190 sinon
718 4136 846 4191 venires?
862 4137 951 4193 Sinon
964 4139 1132 4205 subvenires,
1188 4138 1304 4196 involvit
1317 4138 1378 4193 finis
1392 4138 1495 4206 saeculi,
1512 4138 1589 4193 daret
1611 4136 1683 4193 filius
1706 4136 1763 4204 ejus
1786 4134 1848 4189 linis
1868 4142 1981 4191 curuato-

336 4238 389 4293 quo
405 4222 525 4295 fugeret,
542 4238 597 4293 quo
611 4224 789 4290 delitesceret,
806 4241 860 4296 quo
874 4226 1020 4281 evaderet?
1035 4229 1134 4297 Utique
1188 4245 1249 4283 rum
1264 4242 1346 4298 quarn
1371 4244 1480 4283 currere
1500 4228 1534 4281 ad
1558 4227 1654 4298 ipsam,
1671 4242 1734 4299 quae
1760 4225 1797 4280 dc
1822 4240 1904 4282 carue
1931 4239 1982 4278 sua

339 4310 483 4366 consilium
499 4311 612 4379 nullum,
629 4313 781 4369 remedium
795 4313 909 4383 nrrllum,
925 4331 1058 4387 nusquam
1074 4332 1136 4387 pro·
1188 4318 1331 4389 generuvit
1358 4316 1485 4372 eumdem
1508 4314 1683 4386 ipsum‚siue
1708 4330 1762 4387 quo
1788 4328 1843 4367 non
1871 4310 1899 4367 lrt
1927 4310 1982 4366 ulla

340 4400 423 4455 tectio
437 4400 509 4468 ulla,
526 4402 574 4455 sed
590 4400 697 4470 venisti,
714 4410 742 4457 et
756 4402 876 4471 qualiter
890 4404 948 4458 brec
966 4404 1057 4458 omnia
1072 4405 1134 4459 adi·
1188 4405 1314 4461 remissio
1328 4414 1510 4475 peccatorum,
1522 4404 1567 4475 qui
1581 4419 1644 4458 vere
1657 4402 1981 4470 bonus,verepius,vero

335 4490 512 4557 pisceramur‚
535 4488 681 4545 efficaciter
708 4491 861 4547 ostendisti.
886 4492 912 4547 Si
940 4507 1007 4563 ergo
1035 4493 1063 4547 bi
1090 4493 1135 4563 qui
1188 4492 1512 4550 volensmisericordiam
1537 4499 1588 4546 est.
1606 4492 1638 4545 Ει
1661 4490 1831 4556 bandomina,
1849 4488 1883 4542 ad
1905 4488 1983 4557 cujus

336 4587 396 4646 post
419 4578 565 4633 adventum
589 4588 673 4645 tuam,
700 4578 825 4647 Domine,
849 4588 986 4646 venerunt,
1004 4596 1058 4636 non
1079 4580 1135 4637 sal·
1188 4580 1343 4637 subsidium
1358 4598 1408 4636 nos
1423 4580 1502 4634 mittit
1530 4579 1720 4633 dilectissimus
1741 4578 1811 4631 lilius
1831 4585 1901 4640 tuus,
1918 4576 1983 4646 quid

336 4674 452 4727 vantur:
477 4682 531 4721 non
554 4666 654 4721 babent
675 4675 773 4738 praeter
794 4684 823 4723 se
842 4656 927 4738 ipsos,
950 4678 1044 4725 contra
1065 4686 1134 4741 qnos
1189 4670 1259 4725 dicis
1274 4670 1375 4724 nobis?
1389 4668 1448 4740 ipsa
1464 4668 1534 4723 onim
1550 4666 1738 4723 misericordia
1752 4672 1939 4731 nostraest,et
1954 4672 1980 4718 ιιι

336 4771 412 4827 aequo
425 4754 530 4827 judicio
546 4754 611 4809 iude
620 4764 830 4826 conquerantur.
843 4758 912 4826 Quid
923 4757 1133 4829 igitursaoientl
1189 4759 1312 4829 ejusdem
1327 4757 1524 4813 misericordiae
1538 4765 1624 4811 mater
1637 4772 1678 4811 es.
1689 4755 1770 4823 Quid,
1782 4754 1902 4823 inquam,
1913 4753 1981 4808 dicis

336 4852 364 4898 ιιι
382 4844 449 4898 milri
465 4842 585 4914 quidem,
602 4844 730 4910 Domine,
747 4846 863 4911 videtur,
878 4846 1001 4900 ultimum
1017 4852 1043 4901 et
1066 4847 1129 4901 uni·
1146 4830 1172 4891 D
1191 4848 1289 4903 uobis‘l
1304 4847 1416 4912 Forsan,
1434 4845 1555 4911 domina,
1572 4852 1601 4899 ut
1615 4845 1667 4899 sub
1680 4843 1784 4898 alarum
1799 4857 1981 4912 suarnmpru·

335 4948 396 4987 cum
419 4930 564 4988 consitium
587 4940 629 4987 est
650 4932 778 4987 omnibus
797 4935 844 5003 qui
867 4934 960 4989 volunt
979 4935 1089 5001 salvari,
1104 4940 1133 4989 ut
1187 4936 1305 4992 tectione
1320 4935 1522 5008 confugiamus.
1538 4934 1627 5003 llenc3
1643 4941 1671 4988 at
1685 4931 1747 4988 lieet
1765 4930 1980 4987 misericordium

336 5020 424 5091 primo
439 5019 490 5075 tibi
505 5019 612 5074 intimas
626 5036 663 5074 ex
678 5022 760 5077 corde
776 5036 825 5093 pro
843 5022 970 5077 omnibus
992 5022 1132 5079 beneficiis
1186 5025 1270 5090 illius,
1291 5025 1362 5079 sicat
1385 5023 1473 5092 decet,
1497 5030 1640 5095 gratanter
1659 5021 1866 5092 amplectamur,
1888 5028 1980 5074 tamen

336 5108 386 5163 tuis
400 5116 493 5180 grates
508 5106 660 5176 exsolvant,
678 5116 704 5165 te
719 5110 844 5181 diligant,
859 5110 1014 5166 ardumum
1029 5128 1132 5182 praece·
1183 5112 1318 5183 justitiam
1340 5112 1400 5183 eJ'as
1423 5125 1477 5167 noa
1499 5126 1594 5180 parum
1618 5109 1804 5165 lormidamus.
1825 5110 1867 5165 Ne
1898 5108 1982 5181 igitur

335 5198 388 5267 ptis
417 5198 469 5253 tais
497 5196 645 5265 obediant;
676 5198 770 5269 sicque
790 5199 872 5254 seed
901 5208 924 5253 te
951 5206 1132 5270 perventuros
1186 5201 1370 5273 quarentibus
1415 5198 1633 5255 misericordiam
1679 5198 1809 5254 obtendat
1850 5198 1982 5267 justitiam

335 5301 431 5341 secura
446 5284 547 5341 fiducia
561 5294 680 5357 sperent.
698 5287 749 5341 Sed
766 5286 800 5341 ad
824 5288 885 5355 lucc,
900 5288 943 5359 pio
966 5288 1054 5356 l‘uter,
1070 5290 1131 5359 quis
1186 5306 1265 5345 suam
1281 5303 1432 5359 precamur,
1449 5288 1545 5343 adesto
1567 5286 1657 5351 nobis,
1673 5294 1701 5341 et
1723 5301 1776 5359 ege
1796 5301 1905 5342 causam
1930 5300 1983 5340 no·

334 5376 473 5431 idoneus?
488 5374 588 5445 Utique
604 5389 694 5441 nemo,
711 5374 760 5429 nisi
775 5382 820 5429 tuo
844 5376 926 5430 lultus
947 5376 1125 5433 adminiculo.
1185 5390 1270 5431 stram
1283 5392 1333 5448 pro
1347 5375 1435 5433 nobis.
1451 5375 1514 5446 lpse
1529 5391 1647 5445 namque
1661 5376 1754 5447 magni
1775 5374 1884 5430 consilii
1905 5390 1983 5428 sum·

334 5462 375 5517 'lu
391 5462 465 5517 enim
480 5478 615 5516 summurn
632 5462 1130 5536 omniumbonorurnes,quietipsum
1185 5482 1246 5521 mus
1271 5466 1393 5537 Angelus
1416 5464 1550 5519 consuluit
1573 5463 1653 5519 uobis
1676 5463 1768 5520 venire
1789 5464 1823 5518 ad
1849 5471 1884 5517 te.
1904 5464 1982 5518 Certe

333 5566 468 5605 summum
486 5549 588 5605 bunum
604 5564 653 5619 es,
670 5552 874 5623 necquidquam
885 5552 947 5608 boui
957 5562 1047 5623 potest
1058 5569 1129 5624 esse,
1185 5564 1344 5627 peccatores
1359 5568 1409 5609 nos
1421 5568 1481 5608 esse
1496 5552 1697 5625 cognoscimus,
1714 5560 1742 5607 et
1755 5552 1878 5609 damnari
1896 5566 1982 5621 merez,

333 5639 378 5695 vel
398 5638 459 5694 lieri
478 5639 521 5693 vel
540 5638 644 5705 baberi,
664 5640 717 5694 nisi
737 5647 783 5695 aut
801 5656 817 5695 a
837 5652 861 5695 tc
880 5648 928 5695 aut
953 5658 1001 5712 per
1029 5648 1063 5708 tc,
1085 5650 1130 5697 aut
1186 5660 1256 5709 mur,
1273 5652 1299 5699 ot
1324 5642 1398 5713 juste
1424 5642 1547 5713 quidem,
1570 5657 1626 5697 nou
1652 5656 1799 5710 negamus.
1819 5641 1873 5695 Sed
1902 5655 1980 5710 reque

332 5728 365 5783 de
392 5735 427 5783 le.
455 5726 528 5782 Nihil
557 5728 648 5799 itaqua
672 5727 738 5783 boui
766 5728 825 5784 sine
845 5736 870 5784 te
891 5730 961 5785 valet
984 5730 1129 5801 quisquam
1182 5731 1283 5801 justum
1300 5728 1574 5803 esseprolrtemurut
1595 5728 1767 5785 voluntatem
1793 5728 1879 5799 ipsius
1899 5726 1981 5782 farciat

334 5816 434 5874 lacera.
451 5816 604 5873 Redemisti
624 5831 685 5885 nos,
709 5817 831 5885 Domine,
850 5820 923 5875 Deus
945 5820 1078 5883 veritatis;
1096 5837 1128 5875 no
1183 5821 1229 5892 qui
1248 5820 1378 5878 voluntati
1402 5836 1459 5876 sua
1480 5820 1510 5875 in
1530 5818 1635 5875 cuncus
1651 5835 1711 5889 quae
1734 5818 1793 5889 agit
1813 5815 1980 5871 concordare

333 5912 445 5979 propter
459 5904 563 5963 scelera
577 5912 670 5963 nostra
685 5920 816 5965 exerceas
832 5915 926 5965 eontra
939 5908 1128 5977 nosjudiciura
1183 5924 1238 5969 aaa
1247 5910 1392 5993 detrectat.
1409 5910 1445 5966 Bt
1458 5909 1519 5983 quis
1532 5922 1651 5980 unquam
1666 5904 1796 5965 voluntati
1806 5903 1878 5960 illius
1889 5902 1979 5975 magis
