4750 6725
321 498 356 556 ιι
957 499 1028 556 tta.
1048 500 1096 568 lii,
1116 501 1225 560 EPlS’l'.
1245 502 1335 560 XXII.
1922 507 1965 577 Ι50

318 622 396 680 tratri
412 630 440 680 et
453 622 510 680 tilio
527 625 627 682 bosoni
640 625 688 696 (l),
704 625 755 682 Dei
765 631 792 682 et
799 639 876 680 suam
885 625 1115 694 benedictionem.
1128 628 1158 691 A
1169 636 1200 698 ‚et
1213 627 1441 700 opportunitatem
1455 626 1521 682 milri
1543 627 1608 684 dare
1622 627 1789 703 dignabitur,
1812 638 1841 687 nt
1855 637 1907 689 tuae
1921 634 1968 689 di-

353 712 450 768 birari
466 721 554 785 potest
573 715 655 771 bomo
679 715 803 783 forsitan,
826 715 904 784 cujus
923 715 1118 772 conscientiam
1173 717 1299 773 lectionis
1312 717 1378 772 nibil
1391 717 1470 772 liceat
1484 717 1538 772 isui
1559 719 1715 789 praesentia,
1744 720 1813 777 scilo
1828 721 1900 792 quia,
1916 725 1969 779 boc
1992 721 1999 730 “

317 801 359 857 sic
388 801 453 856 nori
482 810 512 858 ut
532 802 637 858 nullum
668 803 1119 876 bominemsupramediligat,et
1174 814 1203 860 ut
1233 804 1289 876 tter,
1305 803 1408 861 curabo
1421 805 1666 875 libentissim03et
1680 808 1703 863 si
1719 824 1773 863 niin
1789 825 1908 880 semper.
1923 809 1969 867 rel

317 891 405 960 quem'
416 898 520 946 tantum
536 889 634 964 diligo,
650 900 680 947 ut
697 891 817 948 nesciam
830 907 911 963 quem
922 892 982 963 plus
992 892 1114 964 diligam,
1172 902 1274 949 tanturn
1289 903 1424 966 quantum
1444 894 1671 965 permittetratio.
1685 895 1824 969 Quidquid
1835 898 1966 970 veroliat,

311 995 361 1033 cur
376 986 453 1035 tanto
469 986 589 1051 tempore
606 979 772 1036 absenseum
785 980 922 1036 dolentem
937 980 971 1036 de
985 995 1047 1036 mea
1062 981 1115 1036 ab·
1170 999 1251 1038 serua
1271 981 1443 1038 dilectionem
1451 998 1550 1048 ineam,
1560 983 1729 1051 charissime,
1744 985 1806 1058 quia
1826 1002 1880 1058 ego
1894 995 1967 1043 luam

314 1065 414 1135 mutia,
430 1067 520 1138 aliqua
534 1083 586 1139 per
605 1068 709 1124 litteras
729 1069 883 1125 visitatione
903 1084 1027 1124 nonaum
1045 1085 1113 1125 eon·
1169 1087 1281 1127 servare
1301 1070 1441 1126 desidero.
1458 1070 1553 1127 Saluta
1570 1071 1755 1129 dulcissimum
1776 1073 1860 1129 lilium
1874 1091 1966 1130 meum

311 1155 431 1211 solatus.
450 1155 505 1213 Sed
519 1163 612 1213 certus
635 1163 694 1214 esto
709 1158 771 1227 quia
800 1171 856 1213 non
870 1158 1040 1230 negligentia
1063 1173 1113 1214 nec
1168 1161 1280 1216 tratrem
1298 1167 1372 1216 tuum
1391 1155 1422 1188 ¹⁸⁵
1441 1159 1615 1216 bainaldum.
1642 1162 1772 1222 contorta
1785 1177 1965 1236 quoscunque

310 1242 451 1300 oblivione
466 1245 503 1299 lui
517 1243 618 1301 lactum
635 1254 685 1300 est.
698 1245 773 1302 Sicut
787 1245 860 1302 enim
873 1256 963 1301 certus
977 1263 1036 1301 sum
1047 1246 1112 1318 quia
1166 1256 1244 1321 poles
1259 1249 1294 1305 de
1307 1247 1438 1303 iratribus
1451 1248 1504 1302 tuis
1519 1250 1764 1320 saepe,etmaxime
1776 1251 1965 1310 adolescentes

311 1340 337 1387 tu
364 1347 475 1404 semper
492 1334 575 1389 velles
602 1347 664 1389 esso
684 1347 800 1403 mecum,
817 1333 854 1389 ita
869 1349 904 1390 ne
918 1334 1025 1391 dubites
1044 1335 1110 1407 quia
1165 1338 1333 1394 elnoritios.
1359 1337 1539 1410 Omnipotens
1556 1338 1631 1394 aeus
1650 1345 1676 1394 te
1688 1354 1799 1410 semper
1820 1341 1855 1396 ab
1882 1345 1963 1399 omni

310 1435 363 1494 ego
377 1437 488 1492 semper
501 1421 599 1479 uellem
613 1423 814 1480 caeterumsi
826 1431 917 1479 autem
932 1424 1108 1494 benepacem
1162 1426 1240 1482 malo
1249 1425 1391 1483 custodiat.

966 1521 1083 1578 VablAE
1101 1521 1307 1580 tentiones

347 1625 379 1657 ²⁸⁸
394 1617 495 1676 billum
507 1617 621 1676 tratrem
638 1627 711 1676 tuum
726 1636 783 1678 mr.
803 1619 887 1676 lilium
901 1635 992 1676 meum
1007 1621 1119 1676 tratrem
1134 1628 1222 1678 tuum.

911 1715 1061 1774 toarttlts
1082 1717 1222 1774 rtctant
1240 1717 1356 1776 NOTAE.

346 1815 387 1886 (ι)
402 1817 516 1874 bosoni.
535 1817 576 1872 De
601 1816 654 1872 boc
681 1817 788 1872 bosone
811 1813 901 1872 dicam
920 1833 981 1888 quae
996 1815 1108 1886 offendi,
1122 1818 1149 1879 Β
1163 1816 1332 1886 precatione,
1348 1813 1453 1871 dimisit
1467 1814 1597 1886 priorem.
1611 1815 1734 1885 Cumque
1753 1815 1958 1872 abbaaWillel-

311 1886 373 1942 licet
387 1887 509 1954 brevius,
525 1896 553 1942 ut
567 1889 671 1960 ingiam
696 1886 827 1959 pleraque
848 1902 931 1944 astro
959 1888 1109 1960 biographo

312 1963 461 2013 memorata
476 1959 577 2014 nullius
589 1971 639 2014 aut
653 1959 797 2030 perexigui
811 1957 916 2014 tructus
932 1959 1071 2024 momenti,
1081 1965 1110 2014 ut

331 2043 373 2084 ure
387 2028 482 2084 lectori
502 2031 633 2084 molestas
661 2037 783 2086 crearent
807 2043 911 2084 moras.
930 2029 1001 2086 Saue
1029 2043 1109 2100 quam

312 2046 413 2172 dignus
432 2103 468 2154 sit
481 2101 551 2156 boso
572 2101 690 2172 longiori
700 2101 840 2170 latiorique
850 2101 991 2167 memoria,
1007 2100 1110 2156 indicat

312 2181 430 2234 mutuus,
447 2178 473 2227 et
487 2173 630 2240 plusquam
646 2172 795 2242 phyladeus
815 2186 902 2237 amor,
919 2171 990 2242 quod
1008 2173 1108 2226 birsel-

312 2259 371 2297 mus
384 2240 474 2312 illurn,
490 2242 746 2300 atilleduselmum
771 2241 934 2299 redemerat.
964 2241 1042 2310 Quod
1059 2241 1109 2298 etsi

312 2329 344 2368 ex
358 2313 423 2382 ejus
436 2328 490 2368 nou
501 2329 713 2386 agnosceremus
741 2313 849 2377 littaris,
865 2313 960 2368 saltem
977 2311 1108 2368 honoriti-

312 2400 371 2439 cum
399 2385 464 2453 ejus
478 2383 608 2454 elogium.
624 2385 696 2456 quod
723 2388 810 2438 exstat
826 2384 896 2454 apud
913 2384 1047 2440 Gemmet.
1059 2383 1106 2438 lib.

312 2472 356 2508 nn
380 2457 450 2510 bist.
478 2456 582 2510 bucam
609 2455 773 2512 Nortltman.
790 2457 908 2522 capnt.
938 2455 1020 2509 etiam
1036 2471 1108 2510 caseo

311 2526 454 2580 indicaret.
468 2526 533 2580 bem
542 2527 676 2596 igilursui
686 2525 831 2598 biographi
840 2525 981 2580 ordiamur
998 2525 1106 2580 serbis:

313 2597 340 2651 ln
355 2597 454 2651 diebus
470 2597 604 2652 Willelmi
620 2597 704 2668 regis,
720 2597 766 2668 qui
788 2596 891 2667 angios
905 2595 990 2650 armis
1005 2597 1107 2666 perdo·

312 2667 385 2734 muit,
402 2668 514 2737 inpage
530 2667 754 2739 botbomagensi,
770 2667 863 2736 lando,
890 2667 973 2735 vulgo
1002 2667 1107 2724 Monti-

311 2739 405 2794 or'liera
420 2756 458 2794 ou
470 2755 539 2811 popa
553 2739 588 2796 da
603 2739 697 2807 Coum,
720 2737 879 2793 monasterii
906 2737 1022 2802 villaris,
1040 2739 1108 2794 boso

311 2810 471 2878 parentibus
486 2809 638 2865 buimerioo
657 2814 686 2866 et
708 2809 835 2864 Leaeiina
858 2808 966 2880 genitus
991 2816 1042 2874 est,
1058 2824 1107 2863 co-

312 2895 500 2948 rumquecura
515 2881 550 2934 sit
582 2883 660 2936 bonis
681 2881 785 2935 artibus
805 2880 957 2950 pietateque
985 2879 1107 2934 imbutus

310 2962 336 3005 ut
351 2951 379 3004 in
395 2951 495 3006 mediis
507 2952 633 3008 llnclibus
643 2952 738 3007 mundi
767 2950 833 3006 nibil
848 2966 957 3021 prorsus
985 2955 1106 3006 immuu-

311 3021 373 3076 dum
390 3022 569 3088 contraxerit,
586 3031 613 3077 et
627 3039 660 3078 ne
675 3023 848 3077 contraheret
872 3021 907 3076 ad
918 3021 1032 3078 beccum
1047 3038 1106 3076 sese

311 3092 436 3160 contulit,
452 3093 606 3163 mansitque
620 3109 653 3150 aa
668 3093 841 3162 potissimum
858 3091 893 3148 de
915 3107 1007 3159 caiisa,
1024 3107 1104 3164 quarn

1164 1904 1225 1943 mus
1236 1888 1320 1959 longa
1333 1887 1494 1958 aegritudine
1507 1886 1709 1943 conlectustam
1724 1887 1805 1942 morti
1818 1888 1961 1958 proximus

1163 1959 1308 2026 videretur,
1324 1958 1378 2013 duo
1406 1959 1557 2014 beccenses
1581 1959 1705 2012 monachi
1729 1967 1901 2012 accesserunt
1925 1959 1960 2015 ad

1163 2046 1256 2101 regem
1272 2029 1431 2092 ilenricum,
1458 2027 1505 2100 qui
1532 2035 1595 2083 luno
1619 2027 1734 2084 beeciet
1753 2030 1828 2085 circa
1843 2029 1958 2085 Beccum

1163 2109 1272 2172 propter
1299 2099 1472 2155 incursiones
1499 2099 1689 2170 quorumdam,
1718 2099 1764 2170 qui
1792 2107 1958 2156 contratrum

1162 2171 1376 2237 rebellaverant,
1405 2169 1570 2234 morabatur,
1600 2169 1797 2239 dicentesquia
1826 2171 1906 2236 Boso,
1936 2171 1959 2226 si

1162 2244 1322 2298 succederet
1331 2241 1423 2297 abbati
1434 2241 1584 2308 willelmo,
1611 2240 1690 2310 (sicut
1712 2249 1861 2296 conventus
1880 2259 1958 2314 quee-

1161 2316 1248 2379 robat)
1263 2313 1424 2379 hominium,
1442 2311 1484 2366 rel
1495 2311 1629 2367 fidelitatis
1656 2320 1855 2366 sacramentum
1882 2313 1956 2369 nullo

1163 2384 1245 2440 modo
1259 2385 1309 2439 sibi
1323 2383 1433 2446 iaceret,
1449 2383 1565 2452 ideoque
1579 2383 1671 2450 alium,
1683 2398 1766 2453 quern
1782 2383 1957 2439 nominabant

1163 2463 1189 2510 et
1200 2457 1359 2523 laudabunt,
1380 2470 1427 2524 pro
1443 2469 1475 2511 co
1493 2453 1658 2508 substituere
1672 2454 1792 2508 deberet.
1815 2455 1873 2509 Hoc
1887 2470 1956 2526 ago-

1162 2527 1227 2581 bant
1242 2527 1305 2596 quia
1317 2525 1434 2596 priorem
1449 2526 1577 2581 nolebant
1587 2525 1687 2580 habere
1702 2525 1842 2581 abbatem.
1857 2525 1957 2581 Verum
2020 2584 2024 2599 ,

1162 2612 1214 2654 cur
1227 2598 1265 2652 illi
1281 2599 1380 2652 infensi
1396 2602 1483 2660 erant,
1501 2595 1652 2650 nescimus.
1671 2596 1719 2650 bis
1733 2595 1830 2650 auditis
1843 2611 1895 2651 rex
1910 2597 1954 2651 ni-

1161 2668 1245 2722 mium
1261 2667 1389 2724 efferatus
1402 2675 1442 2722 est
1455 2666 1556 2730 animo,
1573 2673 1599 2721 et
1614 2675 1678 2721 tunc
1692 2666 1880 2736 quidemiram
1895 2667 1956 2722 dis-

1161 2739 1313 2794 simularit.
1332 2737 1372 2795 llli
1385 2747 1475 2792 autern
1488 2737 1585 2794 callide
1599 2744 1719 2808 agentes,
1736 2737 1955 2810 ignorantecon-

1161 2814 1243 2864 ventu
1254 2819 1349 2866 eontra
1364 2809 1488 2882 regulam
1506 2809 1533 2863 b.
1553 2807 1688 2862 benedicti
1703 2808 1762 2862 sine
1776 2824 1869 2863 eorurn
1885 2824 1955 2864 eou-

1161 2897 1243 2936 sensu
1271 2882 1401 2936 volebant
1423 2894 1608 2950 superponere
1635 2878 1696 2948 sibi,
1725 2895 1787 2934 cum
1819 2880 1872 2934 boc
1893 2896 1956 2935 esse

1161 2960 1265 3008 constat
1290 2960 1385 3007 contra
1413 2950 1527 3006 decreta
1555 2951 1674 3018 Petrum,
1702 2950 1747 3019 qni
1762 2951 1896 3016 dixerunt,
1925 2959 1955 3006 ut

1161 3039 1243 3080 nemo
1264 3022 1364 3077 invitus
1389 3022 1539 3096 ordinetur,
1571 3020 1619 3075 sod
1645 3030 1792 3076 conuentus
1823 3021 1954 3077 Ecclesiae

1160 3094 1242 3148 debet
1255 3093 1306 3148 sibi
1322 3095 1470 3148 secundum
1487 3093 1612 3146 timorem
1624 3092 1819 3162 Deipastotem
1835 3093 1948 3162 eligere.

312 3164 424 3232 exponit
438 3164 589 3219 Eadrnerus
604 3164 641 3218 lib
656 3179 664 3218 t
680 3164 740 3220 Vita
764 3164 799 3218 D.
832 3163 963 3232 bnselmi,
986 3179 1045 3232 cap.
1061 3163 1104 3218 ul·
1119 3173 1144 3238 c
1160 3164 1213 3220 Sed
1226 3166 1283 3220 baec
1304 3163 1436 3220 calliditas
1464 3162 1680 3233 malignantium,
1696 3163 1760 3218 lieet
1787 3161 1953 3234 aliquantum

312 3235 370 3302 tim,
383 3251 521 3306 quamque
536 3237 616 3290 bloet
631 3237 729 3291 iterum
758 3234 785 3288 in
814 3234 944 3290 Claronic.
976 3233 1104 3290 beccensi
1158 3245 1319 3291 conuentum
1338 3232 1550 3298 conturbaverit,
1580 3242 1669 3288 tamen
1693 3233 1767 3304 quod
1792 3233 1954 3289 moliebatur

311 3307 456 3362 enodatam
473 3305 583 3361 minime
597 3315 752 3377 repetemus
764 3323 770 3367 ;
783 3313 970 3375 pretereuntes
994 3320 1106 3375 quoque

312 3386 337 3431 et
349 3378 417 3433 illud
433 3378 510 3447 quod
525 3378 558 3433 de
569 3394 602 3433 eo
617 3377 698 3433 simul
712 3376 931 3449 anselmiologia
945 3374 1104 3431 binctians-

311 3448 400 3503 lusum
412 3456 465 3517 est,
481 3448 652 3519 prosecuturi
665 3448 793 3505 Chronic.
817 3444 947 3503 beccans.
964 3448 1103 3517 paralipo-

310 3536 391 3575 mena
406 3536 469 3590 quae
483 3520 524 3575 sic
536 3520 667 3589 incipiunt
684 3537 690 3573 :
706 3542 717 3568 u
732 3520 805 3575 inter
820 3520 877 3575 liaeo
898 3518 1015 3575 obeunte
1036 3516 1104 3573 Bal-

311 3591 387 3647 drico
402 3591 503 3659 priore,
518 3590 628 3658 jubente
640 3590 780 3647 Willelrno
803 3589 902 3645 abbata
925 3588 1053 3645 successit
1080 3588 1105 3643 ιι

310 3662 338 3715 in
355 3662 487 3732 prioratu.
503 3662 566 3716 Erat
580 3660 652 3717 enirn
671 3660 839 3717 honorabilis
866 3660 928 3716 vitae
957 3670 984 3714 at
1012 3658 1105 3715 multa

310 3732 472 3803 prtttlautiae,
503 3731 652 3787 bumilitate
675 3732 847 3802 conspicuus.
877 3730 974 3798 spiritu
999 3729 1105 3784 consilii

310 3804 453 3874 pmvidus,
478 3803 637 3858 tortitudine
659 3802 761 3866 lirinus,
776 3800 965 3857 consolabatur
991 3801 1102 3855 desola-

310 3884 360 3932 tos.
377 3874 510 3930 omnibus
522 3874 612 3930 omnia
628 3873 722 3930 iactus.
737 3874 770 3929 ln
785 3880 911 3942 quantum
927 3871 1104 3940 poteratuni-

307 3945 406 4015 cuiqua
421 3944 609 4006 subveniebat,
625 3944 762 4017 benignus
791 3951 847 3999 etat
872 3943 900 3997 in
926 3942 1102 4008 exhortando,

307 4016 451 4071 modestus
466 4015 493 4071 in
504 4016 686 4087 corripiendo,
702 4013 998 4086 pauperibusdapsilis,
1008 4012 1104 4082 hospi-

308 4087 379 4142 tibus
394 4086 527 4153 aflabilis,
544 4087 599 4141 fide
613 4084 718 4151 lirinus,
734 4100 783 4156 spe
798 4084 825 4140 in
841 4086 898 4140 beo
921 4091 1022 4149 certus,
1038 4084 1104 4139 elta·

307 4160 385 4213 ritate
413 4158 539 4220 dillusus,
567 4172 628 4215 cnm
642 4172 695 4213 non
724 4156 833 4211 haberet
850 4154 921 4226 quod
963 4156 1102 4219 tribueret,

305 4229 437 4284 innuebat
450 4245 528 4299 apem
544 4228 573 4283 in
586 4230 643 4284 Deo
657 4226 821 4310 ponendam,
845 4224 983 4283 asserebat
994 4228 1021 4280 in
1038 4242 1105 4295 pro-

305 4300 381 4356 ximo
389 4299 600 4357 subventionem
614 4299 665 4355 Det
676 4297 771 4366 affore,
788 4298 907 4354 nondum
921 4296 1001 4351 tinem
1010 4295 1103 4353 muudi

305 4372 422 4427 venisse.
449 4370 525 4427 Talia
552 4370 669 4427 'ocaudo
687 4369 804 4439 dicebat,
833 4368 882 4423 sed
905 4365 988 4423 corde
1016 4368 1103 4421 Deum

307 4442 471 4512 suppliciter
484 4388 610 4524 rugabat,
620 4442 666 4513 qui
677 4456 801 4511 persoepe
815 4439 854 4494 illi
863 4438 1011 4495 secundum
1020 4436 1103 4493 fidem

1158 3303 1952 3377 efficereuonvaluit.DefunctonamquealrbateWillelmo

1159 3386 1231 3433 lotus
1245 3387 1393 3433 conventus
1406 3376 1489 3449 elegit
1504 3377 1654 3431 bosonem.
1674 3374 1775 3431 Omnes
1794 3377 1917 3448 episcopi
1925 3385 1953 3433 at

1159 3448 1283 3514 abbates,
1299 3450 1388 3505 clerus
1402 3456 1428 3503 et
1440 3448 1566 3517 populus,
1583 3445 1663 3502 ricini
1679 3454 1705 3501 et
1719 3448 1887 3515 remotiores,
1905 3448 1951 3519 qni

1159 3536 1220 3574 eum
1232 3528 1371 3584 noverant,
1393 3520 1464 3575 hanc
1479 3519 1639 3574 electionem
1662 3516 1818 3585 laudabant,
1835 3534 1952 3589 eumque

1158 3607 1264 3646 summo
1275 3592 1378 3646 honora
1392 3590 1508 3663 dignum
1525 3587 1708 3643 affirmabant.
1719 3588 1813 3659 Itaque
1827 3605 1950 3644 conven-

1158 3669 1210 3724 tus,
1241 3669 1269 3715 ut
1297 3663 1337 3716 eis
1365 3661 1553 3724 assentiretur,
1568 3658 1669 3713 obnixe
1679 3658 1806 3730 rogabat.
1829 3660 1951 3716 illesum

1157 3730 1321 3787 infirmitatis
1335 3732 1435 3785 multas
1446 3729 1601 3800 opponebat
1621 3744 1729 3783 causas.
1750 3728 1791 3783 llli
1805 3728 1833 3782 in
1851 3737 1964 3785 terram'

1158 3805 1283 3873 prostrati
1300 3800 1533 3873 deprecabantur;
1543 3800 1652 3855 illatoto
1668 3800 1812 3855 conamine
1824 3801 1950 3873 negando

1158 3873 1347 3929 reluctabatur.
1359 3873 1495 3927 l‘erlataet
1506 3887 1550 3926 res
1565 3870 1599 3926 ad
1618 3872 1724 3942 regern,
1742 3878 1771 3924 ut
1798 3870 1843 3925 ille
1854 3888 1950 3927 recor-

1158 3945 1238 3999 datus
1252 3946 1323 4015 quod
1338 3943 1373 3998 de
1382 3942 1504 3999 hominio
1517 3959 1531 3998 a
1547 3942 1653 3997 duobus
1668 3940 1806 3996 monacbis
1818 3943 1965 4008 audierat·

1158 4014 1229 4071 siout
1243 4032 1326 4086 supra
1340 4015 1480 4070 retulimus
1497 4013 1656 4078 ,eratenim
1678 4012 1833 4068 indenimis
1854 4014 1948 4069 iratus.

1159 4084 1269 4142 Interea
1297 4085 1445 4141 Goulridus
1473 4083 1702 4155 botbomagensia
1728 4083 1961 4153 archiepiscopus·

1158 4157 1199 4213 vir
1217 4155 1336 4227 prudens
1355 4163 1381 4210 et
1395 4154 1579 4219 honorandus,
1593 4163 1620 4209 ιι
1637 4155 1758 4209 ioannes
1774 4155 1951 4211 bexoriensis

1158 4244 1173 4282 ι
1195 4228 1313 4297 iscopus,
1329 4227 1374 4297 qui
1389 4227 1423 4281 od
1432 4228 1534 4281 curiam
1549 4225 1621 4297 regis
1644 4232 1774 4281 venerant
1790 4244 1797 4291 ;
1811 4226 1858 4300 qni
1886 4234 1951 4282 tuuc

1157 4244 1304 4355 nsssidebat
1318 4298 1446 4353 bridoum
1460 4306 1591 4362 castrum,
1613 4295 1686 4368 quod
1700 4304 1797 4350 contra
1818 4312 1878 4351 enm
1905 4305 1950 4353 te·

1157 4369 1259 4423 nebant
1273 4368 1397 4425 homines
1411 4368 1518 4424 comitis
1533 4367 1661 4433 bellenti,
1679 4376 1809 4421 venemnt
1823 4368 1950 4435 beccum,

1158 4449 1184 4495 et
1200 4439 1281 4495 locuti
1304 4446 1366 4495 sunt
1394 4454 1454 4495 cum
1480 4438 1603 4493 iratribus
1630 4438 1665 4492 de
1688 4436 1815 4507 eligendo
1842 4438 1959 4495 abbate:

307 4529 387 4567 snam
406 4512 602 4567 ,moveantur
636 4511 815 4583 Sapientiam,
841 4509 994 4575 consilium,
1023 4519 1103 4578 atquo
1118 4526 1144 4587 ῃ
1159 4512 1276 4567 Τιιιιιιι
1292 4512 1502 4565 terramomnea
1525 4508 1652 4579 prostrati
1677 4513 1750 4577 (nam
1776 4507 1806 4561 in
1832 4510 1953 4580 capitulo

307 4584 458 4639 bonitatem
470 4582 683 4653 animiejusnon
697 4582 785 4639 solum
808 4580 935 4651 subjecti,
958 4579 1007 4635 sed
1023 4582 1102 4636 etiam

307 4654 449 4724 principes
463 4661 555 4720 terrae,
570 4653 690 4724 episcopi
704 4660 731 4708 et
746 4652 873 4719 abbates,
885 4650 1020 4720 simulque
1037 4650 1102 4706 reli·

306 4726 373 4795 giosi
388 4726 581 4790 etsreculares,
597 4724 676 4780 multi
695 4722 905 4795 comperientes,
935 4720 1013 4794 quasi
1043 4724 1103 4778 the-

305 4812 415 4852 saurum
442 4797 600 4866 pretiosum,
622 4810 655 4852 ac
692 4794 764 4850 reiut
805 4793 926 4849 diuinum
963 4792 1103 4848 oraculum

306 4868 521 4923 admirabantur.
537 4868 620 4922 Tanta
635 4864 659 4921 ei
674 4866 761 4922 inerat
775 4864 824 4920 bei
840 4862 938 4934 gratia,
955 4871 983 4919 et
996 4862 1104 4931 sinapi-

305 4938 377 4992 ritua
392 4938 499 4995 consilii
515 4938 542 4992 in
566 4952 601 4993 eo
625 4936 736 5008 rigebat
763 4940 794 4989 ut
820 4936 855 4991 ad
877 4951 907 4990 se
931 4934 1104 4991 uenientibus

304 5024 388 5065 eausa
415 5009 523 5065 consilii
541 5007 675 5065 subtiliter
688 5015 715 5063 el
732 5006 900 5063 sultioienter
923 5007 957 5061 ad
975 5005 1104 5076 inquisita

305 5080 500 5150 respondebat.
533 5081 584 5135 Per
607 5078 681 5135 idem
697 5088 804 5159 tempus
818 5077 956 5131 mandavit
970 5092 1017 5131 rex
1028 5078 1103 5133 tten·

305 5151 537 5207 neuswtttelmo
551 5149 641 5204 abbati
664 5157 693 5204 ut
718 5164 837 5219 priorem
864 5148 942 5204 Beari
970 5147 1103 5202 bosonem

304 5222 384 5277 daret
398 5220 491 5279 comiti
514 5219 672 5277 Tbeobaldo
698 5218 791 5288 nepoti
816 5234 865 5275 suo
892 5216 926 5273 ad
951 5218 1103 5275 laciendum

305 5294 434 5349 abbatem
450 5293 479 5347 in
495 5299 564 5347 terra
580 5306 638 5347 sua.
653 5290 735 5359 Quod
747 5297 838 5347 utrum
858 5304 952 5344 amore
965 5304 998 5343 an
1013 5289 1103 5345 cordis

304 5380 422 5419 rancore
449 5363 509 5419 sine
536 5378 665 5435 agromm
680 5360 849 5418 immissione
865 5376 911 5413 rex
942 5358 1058 5428 petierit,
1076 5366 1105 5415 ut

304 5433 369 5489 inde
383 5434 454 5491 boso
465 5434 613 5504 pelleretur
626 5434 661 5488 de
675 5433 799 5502 regione,
810 5431 942 5487 incertum
957 5431 1100 5487 babemus.

304 5506 430 5561 audiena
454 5506 506 5561 boo
530 5505 627 5571 abbas,
643 5502 818 5558 contristatus
842 5510 884 5557 est
910 5516 965 5556 non
985 5502 1103 5569 modice,

305 5579 438 5646 misitque
451 5576 488 5631 ad
503 5590 609 5649 regem,
626 5573 793 5631 mandasset
808 5573 921 5629 mttllutn
941 5572 1103 5641 deprecans,

306 5657 337 5702 ut
351 5646 488 5703 Ecclesiae
502 5656 528 5702 et
542 5646 592 5703 sibi
608 5652 742 5716 parceret,
763 5651 845 5718 atque
872 5661 889 5699 a
918 5643 963 5699 tali
982 5644 1104 5713 Jussione

306 5720 430 5774 animum
452 5726 604 5780 revocaret,
628 5717 801 5789 prioremque
827 5714 880 5770 sibi
907 5731 960 5773 non
985 5715 1103 5771 tolleret.

306 5792 365 5845 iam
384 5790 456 5847 enirn
470 5788 568 5855 abbas,
583 5788 662 5845 senio
671 5796 698 5845 et
711 5785 865 5843 infirmitate
893 5786 1044 5855 coniectus,
1068 5786 1107 5842 ri-

310 5862 389 5918 ribus
401 5861 526 5933 oorporia
542 5858 746 5917 destituebatur.
777 5859 890 5947 Pacatus
911 5872 960 5913 rex
988 5860 1038 5915 bac
1051 5858 1104 5915 de-

1159 4580 1304 4651 sedebant)
1318 4580 1453 4654 rogabant
1467 4580 1597 4651 priorem,
1612 4587 1640 4633 ul
1652 4578 1806 4649 saepedictae
1828 4575 1954 4635 electioni

1158 4668 1300 4709 assensum
1311 4652 1449 4722 praeberet
1460 4659 1485 4705 et
1500 4648 1735 4719 archiepiscopum
1751 4659 1777 4701 ut
1788 4648 1863 4705 illum
1877 4664 1952 4720 prae-

1158 4724 1284 4795 cipiendo
1297 4730 1420 4795 cogeret.
1431 4720 1662 4793 acchiepiscopus
1676 4719 1817 4775 admirans
1840 4721 1958 4776 fratrum·

1158 4793 1375 4860 unanimitatem,
1405 4793 1524 4849 laudarit
1539 4808 1631 4848 eorum
1647 4790 1804 4861 religiosam
1824 4792 1952 4847 volunla-

1157 4873 1223 4932 tem,
1240 4873 1349 4938 eterga
1364 4865 1483 4936 priorem
1501 4880 1578 4919 suum
1589 4870 1692 4919 tantum
1707 4864 1952 4920 amorem.boinde

1157 4952 1305 4993 conversus
1320 4936 1355 4991 ad
1369 4936 1456 5002 illurn,
1472 4934 1586 5001 monuit,
1602 4930 1719 5006 rogavit,
1736 4933 1770 4988 ad
1782 4944 1951 5005 postremum

1158 5008 1286 5131 praecepit
1300 5023 1350 5079 per
1363 5007 1537 5063 obedentiam
1556 5013 1584 5059 ut
1612 5004 1793 5075 acquiesceret
1819 5007 1953 5062 voluntati

1168 5086 1273 5133 ratrum
1290 5096 1297 5144 ;
1312 5087 1339 5132 et
1353 5087 1444 5135 contra
1460 5078 1505 5132 ille
1532 5076 1672 5132 asserebat
1684 5076 1736 5131 boe
1753 5093 1782 5131 se
1792 5092 1846 5131 non
1870 5094 1952 5149 posse

1159 5149 1247 5205 lacere
1259 5157 1370 5219 propter
1382 5164 1508 5220 magnam
1524 5148 1647 5217 corporis
1662 5146 1705 5201 sui
1733 5145 1909 5210 debilitatem.
1925 5156 1952 5204 et

1157 5220 1210 5275 alia
1226 5220 1351 5291 quaedam
1362 5222 1457 5292 gravia
1471 5220 1546 5291 quasi
1558 5216 1951 5291 peccataopponebat,qnibus

1157 5291 1194 5346 ad
1209 5292 1260 5347 boo
1274 5290 1416 5363 indignum
1427 5308 1457 5346 se
1468 5307 1530 5346 esse
1545 5290 1662 5346 dicebat.
1679 5290 1753 5344 Esne
1772 5292 1953 5347 monachus?

1158 5362 1308 5431 Respondit
1323 5361 1393 5418 uelle
1407 5362 1559 5418 cessione
1572 5360 1795 5431 archiepiscopus
1811 5380 1819 5417 ε
1834 5362 1950 5432 ιιιιιιι,

1157 5432 1256 5504 inquit,
1264 5432 1287 5487 si
1303 5432 1399 5501 viginti
1412 5432 1536 5487 homines
1555 5432 1712 5493 occidisses,
1733 5446 1788 5486 non
1816 5440 1842 5487 le
1857 5432 1950 5488 dimit·-

1158 5511 1243 5559 terem
1259 5524 1268 5569 ,·
1284 5499 1504 5573 quandoquidem
1520 5510 1621 5558 tantum
1637 5518 1670 5557 ac
1685 5504 1763 5558 talem
1783 5511 1890 5573 ergata
1906 5504 1949 5560 vi-

1158 5574 1210 5631 deo
1220 5572 1361 5630 allectum.
1380 5574 1537 5647 Nunquam,
1553 5574 1600 5642 ait,
1616 5572 1755 5629 bominem
1766 5575 1864 5632 occidi.
1876 5576 1951 5631 Tunc

1158 5646 1315 5713 compulsus
1343 5654 1383 5701 est
1410 5646 1515 5717 aperire
1544 5645 1615 5714 quod
1644 5643 1757 5710 latebat,
1772 5655 1798 5701 el
1813 5647 1951 5717 accipiens

1159 5717 1392 5788 archiepiscopum
1404 5734 1466 5773 eum
1481 5715 1616 5787 episcopis
1630 5730 1763 5780 seorsum,
1772 5718 1839 5773 dixit
1853 5732 1951 5790 papam

1159 5787 1211 5843 sibi
1225 5787 1395 5844 interdixisse
1410 5804 1444 5845 ne
1463 5803 1582 5857 unquam
1607 5787 1682 5844 laicae
1710 5804 1834 5861 personae
1862 5788 1953 5844 horni-

1158 5859 1233 5915 nium
1247 5858 1349 5917 iaceret
1364 5878 1373 5929 ς
1389 5868 1417 5917 et
1429 5859 1493 5917 ideo
1509 5858 1587 5915 istam
1598 5858 1783 5917 obedientiam
1797 5875 1852 5915 non
1864 5858 1952 5915 aude-
