4750 6725
912 572 1356 648 marnaetsvcxxxvm.
1886 600 1937 657 aro

514 694 692 755 aristote
706 697 858 755 CXXXIV.
1100 703 1130 765 Α
1143 704 1229 763 duxit.
1245 706 1349 767 Caveat
1363 707 1447 781 igitur
1461 712 1743 786 vestraprudentiane
1753 730 1801 773 cor
1814 726 1936 779 vestrum

492 800 613 843 susem
628 802 664 842 ao
679 802 877 845 ramamnurr.
1141 808 1217 857 retro
1244 800 1381 874 respiciat.
1408 801 1490 857 Retro
1518 808 1608 858 autem
1636 804 1787 861 monachus
1825 810 1940 882 respicit

292 875 418 932 lladetnr
431 890 518 949 sopra
531 879 614 949 porte
631 891 650 943 r,
667 878 774 936 Pctrol.
792 885 811 933 t.
821 877 936 949 civili,
950 879 1004 939 ool.
1024 880 1087 939 bil.
1140 904 1202 945 cum
1212 906 1245 947 ce
1258 907 1329 963 saepe
1343 890 1437 947 recolit
1451 906 1514 963 quae
1529 892 1657 947 deseruit.
1673 892 1753 958 Quod
1775 911 1835 951 cum
1865 915 1938 971 saepe

518 982 689 1041 sspqsqogg
717 983 855 1043 cxxxv,
1141 978 1215 1047 iacit,
1233 977 1423 1053 refrigescitio
1438 994 1471 1035 eo
1485 995 1563 1035 arnor
1590 982 1717 1051 caelestis,
1748 990 1776 1039 ct
1802 986 1940 1044 reviviscit

409 1085 572 1128 mm,
595 1088 632 1128 g„
646 1088 805 1142 mmm,
821 1076 875 1135 001,
891 1077 959 1133 547,
1140 1083 1218 1124 amor
1231 1068 1336 1138 mundi,
1352 1077 1378 1124 et
1392 1067 1530 1125 fastidium
1546 1069 1709 1143 taediumque
1724 1074 1859 1147 propositi
1875 1078 1932 1134 sui.

512 1179 685 1237 gpqsqogp
698 1181 851 1237 cxquq,
1140 1157 1217 1213 Sicut
1230 1158 1311 1230 igitur
1333 1172 1433 1231 corpus
1450 1165 1571 1215 vestrum
1600 1173 1649 1215 cor
1677 1161 1712 1216 sit
1736 1168 1892 1234 separatum
1923 1180 1940 1222 a

478 1282 602 1325 mm,
622 1284 658 1325 A„
686 1282 885 1328 mmm
1138 1247 1275 1303 mundana
1288 1245 1463 1320 cogitatione,
1481 1247 1549 1303 etsit
1564 1264 1672 1319 semper
1686 1260 1848 1322 occupatum
1879 1255 1936 1313 ali·

431 1357 559 1415 uatem
570 1358 669 1415 mg„
685 1363 768 1432 pam
781 1375 801 1427 ¹,
811 1360 867 1417 θοι,
878 1364 940 1416 551,
1139 1336 1315 1407 quauti1i1et
1343 1336 1476 1408 spirituaii
1503 1336 1689 1394 meditatione.
1718 1338 1840 1412 Spiritus
1867 1360 1938 1400 san-

476 1464 651 1523 flppswm
665 1464 819 1521 CXXXVil
844 1464 886 1525 cn·
1137 1432 1197 1480 ctos
1220 1440 1328 1497 semper
1345 1425 1427 1481 iaciat
1442 1440 1489 1481 vos
1503 1426 1623 1500 gaudere
1639 1428 1867 1503 etgratiasagere
1877 1434 1935 1492 Deo

326 1567 454 1610 assason
467 1567 505 1608 ao
518 1568 671 1611 ruaoaourr
685 1569 851 1611 remansere
860 1570 1026 1613 uonacaura.
1137 1513 1172 1570 ‘¹⁰
1181 1513 1254 1571 b⁰⁰⁰
1269 1522 1398 1587 ’πῶμα
1412 1516 1508 1571 Amen·

310 1659 390 1729 Quod
404 1659 512 1719 mondo
527 1660 725 1728 valedixerit,
745 1663 928 1720 veliementer
942 1661 1056 1734 caudet.
1327 1674 1500 1733 EiusTOLA
1515 1675 1684 1734 cxxxvlii
1700 1676 1744 1734 sn.

312 1759 588 1828 Amnub8,servtts
603 1760 735 1816 Eccleaiae
756 1760 974 1827 cantuariensist,
1003 1758 1078 1817 fratri
1367 1788 1487 1831 cresum
1506 1788 1544 1829 an
1565 1790 1702 1833 pastoraii.

277 1855 303 1903 ⁶²
317 1848 410 1904 'mim
437 1848 599 1948 ⁰¹¹⁸¹i⁸⁸if⁰⁰
626 1848 758 1905 T¹¹¹¹⁰L⁰⁰
779 1846 810 1879 ’π
825 1850 902 1948 ,(3*)’
917 1848 967 1948 nef
980 1848 1079 1948 ,Um
1137 1880 1249 1937 liuttert'
1263 1880 1329 1937 laic
1342 1881 1479 1953 piissimae
1504 1881 1651 1947 epistolam
1665 1882 1766 1941 scribit
1782 1886 1936 1947 admodum

277 1936 417 1993 'bombo
431 1937 569 2004 Βθῦθθΰδῑ,
582 1936 697 1993 stlitem
726 1945 754 1993 02
766 1937 833 1995 b⁰m
855 1945 987 2011 lli⁰P0⁸¹¹¹
1010 1953 1079 2009 90¹¹·
1168 1954 1261 2023 piam.
1280 1951 1356 2021 Quod
1370 1952 1450 2008 borno
1464 1954 1933 2030 seroperoutinccelumescendat,

277 2024 482 2082 serverautiam
495 2040 583 2097 usque
597 2025 625 2081 in
636 2024 731 2083 finem.
1095 2052 1123 2114 B
1171 2032 1224 2079 cut
1238 2023 1269 2077 ic
1283 2024 1432 2093 infernum
1447 2022 1607 2079 descendat.
1623 2024 1658 2080 Et
1672 2026 1936 2098 qnodlrocmceimc

311 2114 478 2170 Benedictus
491 2113 565 2169 Deus
578 2113 606 2169 io
616 2114 695 2170 donis
710 2114 768 2170 suis
783 2122 810 2171 et
829 2122 939 2171 sanctos
966 2114 995 2170 in
1022 2130 1082 2173 om·
1172 2093 1324 2150 “mmm
1338 2092 1449 2150 dssml·

278 2203 501 2275 oibaaoperibns
521 2202 589 2271 suis,
620 2203 666 2275 qni
693 2220 741 2260 cor
770 2211 888 2261 vesuum
913 2204 1083 2260 convertito
1173 2201 1325 2257 Ansaauus
1339 2199 1561 2273 archiepiscopus
1574 2202 1684 2257 basma
1698 2204 1804 2275 amicae,
1820 2206 1886 2266 lilia
1904 2210 1933 2266 in

278 2294 400 2349 rantum
421 2292 456 2347 ad
483 2291 638 2349 ueritatem.
672 2292 826 2349 vanitatem
841 2292 914 2349 enim
932 2299 1085 2365 sequuntur
1136 2288 1254 2346 Domino
1269 2288 1444 2357 clrarisslmae,
1457 2290 1583 2358 salutem,
1600 2296 1626 2347 et
1640 2291 1859 2353 benedictionem
1869 2298 1932 2373 Dei,

279 2396 376 2438 omnes
398 2382 445 2452 qui
473 2380 631 2437 altitudines
658 2389 686 2437 et
708 2382 829 2438 bonores
853 2385 939 2454 atque
974 2381 1085 2437 divitias
1137 2394 1278 2447 acnuam,
1293 2377 1398 2451 siquid
1415 2376 1498 2435 valet.

280 2471 360 2539 hulus
389 2469 481 2527 samii
507 2471 706 2541 concupiscunt
745 2467 786 2538 ⁸⁷⁸,
826 2470 891 2542 quia
928 2468 1085 2527 nullatenus
1173 2466 1319 2538 Didiciper
1332 2465 1437 2540 legatos
1451 2476 1554 2525 vestros
1568 2470 1631 2543 quia
1659 2471 1836 2530 vehementer
1862 2476 1935 2533 desi-

279 2567 398 2631 possunt
407 2559 506 2615 satiare
520 2566 653 2629 mentem,
670 2559 738 2616 siem
752 2560 914 2631 promittunt
925 2558 989 2627 ;sed
999 2574 1085 2632 quau·
1136 2554 1238 2612 deratis
1253 2554 1356 2611 litteras
1371 2560 1481 2612 nostras
1497 2574 1503 2621 ;
1521 2557 1547 2613 in
1562 2574 1616 2629 quo
1631 2574 1801 2634 recognosco
1816 2572 1933 2621 vostram

280 2648 384 2721 toplus
397 2648 549 2719 abundant,
565 2655 640 2705 tauto
654 2648 743 2720 magis
772 2648 892 2705 animam
917 2647 1084 2703 esurientem
1136 2643 1238 2700 bonam
1265 2644 1434 2700 voluntatem
1462 2652 1489 2701 et
1517 2644 1701 2704 Christianam
1738 2650 1931 2711 intentionem.

280 2735 395 2804 iaciunt,
416 2751 469 2794 uec
497 2735 533 2791 ad
561 2736 647 2792 ullum
675 2735 778 2792 bonum
807 2735 891 2794 finem
919 2736 1083 2809 perducunt.
1136 2732 1211 2788 Nihil
1227 2733 1299 2789 euim
1314 2731 1393 2789 video
1408 2748 1458 2789 cur
1469 2732 1532 2790 illas
1546 2736 1720 2803 desideretis,
1740 2738 1793 2795 nisi
1820 2756 1853 2798 ex
1880 2743 1935 2801 illis

282 2825 433 2881 Veritatem
447 2830 540 2881 autem
556 2832 658 2893 tenent,
674 2825 720 2897 qui
750 2832 856 2882 terrena
876 2833 902 2881 et
928 2824 1084 2881 transitoria
1137 2820 1248 2893 aliquod
1263 2820 1405 2878 consilinm
1421 2821 1521 2879 animae
1535 2831 1635 2880 vestrae
1645 2825 1752 2883 salubre
1766 2826 1830 2886 iude
1858 2832 1934 2889 acci-

283 2920 338 2969 toto
352 2912 441 2970 corde
463 2920 650 2983 contemnunt,
678 2921 706 2970 et
728 2914 764 2970 ad
790 2929 881 2971 veram
904 2912 1084 2969 bumilitatem
1128 2909 1229 2992 piatis.
1245 2908 1376 2979 Quemvis
1389 2924 1457 2982 ergo
1468 2918 1524 2967 tota
1538 2927 1614 2969 sacra
1629 2913 1768 2986 Scriptura
1776 2932 1825 2973 vos
1840 2917 1937 2977 doceat

287 3010 340 3059 toto
359 3010 464 3059 conatu
478 3002 639 3059 ascendunt.
655 3004 781 3075 Namque
796 3017 969 3077 nequaquam
984 3002 1084 3059 viden·
1139 2998 1255 3071 qualiter
1268 2998 1360 3054 vivere
1374 2996 1509 3065 debeatis,
1525 3000 1548 3055 si
1562 3016 1622 3057 eam
1637 3002 1717 3058 vobis
1727 3005 1935 3077 cxpooiiacitis,

281 3098 324 3145 tor
337 3090 532 3161 spiritualibus
541 3090 637 3161 oculis,
657 3090 703 3164 qui
731 3107 761 3147 sc
788 3091 941 3157 humiliant,
965 3090 1084 3148 descen·
1137 3104 1193 3145 noo
1209 3094 1298 3143 tamen
1313 3086 1403 3144 debeo
1422 3102 1484 3144 esse
1511 3103 1612 3145 avaros
1640 3106 1729 3163 neque
1757 3094 1936 3153 inexorabilia

282 3178 348 3236 dare
367 3178 442 3243 ;sed
452 3181 487 3235 od
497 3188 617 3236 montera
631 3180 805 3248 altissimum,
821 3178 959 3262 dequoad
969 3195 1085 3252 regnum
1138 3176 1274 3251 religiosae
1285 3175 1407 3246 petitioni
1420 3184 1535 3232 vestras.
1553 3177 1648 3235 Dicam
1662 3179 1747 3251 igitur
1765 3182 1852 3253 vobis,
1881 3184 1935 3241 filia

283 3268 419 3325 caelorum
430 3268 595 3333 ascenditur,
611 3269 811 3326 coascendere.
826 3268 940 3326 inviam
966 3268 1086 3339 paradisi
1138 3265 1309 3331 charissima,
1326 3263 1431 3335 aliquid
1451 3264 1557 3335 quodsi
1586 3265 1744 3339 frequenter
1773 3276 1827 3327 tote
1849 3271 1938 3329 inten.

280 3372 328 3413 vos
343 3356 448 3414 direxit
462 3356 556 3415 divina
570 3357 725 3426 clementia,
741 3357 797 3414 imo
811 3359 840 3415 ia
863 3356 1009 3430 quemdam
1036 3374 1085 3429 pa·
1138 3356 1214 3410 tione
1229 3358 1319 3410 mente
1335 3354 1573 3425 pertractaveritis,
1603 3356 1718 3412 multum
1745 3374 1792 3416 cor
1817 3369 1935 3420 vestrum

280 3446 403 3502 mamam
417 3447 501 3517 bojas
515 3447 579 3504 vites
588 3461 638 3504 vos
651 3447 807 3517 introduxit,
828 3463 892 3504 cum
904 3446 988 3504 rosia
1004 3445 1082 3503 clau·
1097 3417 1123 3482 C
1137 3444 1172 3500 ad
1186 3445 1314 3500 timorem
1330 3441 1379 3498 Dei
1399 3451 1426 3498 et
1438 3442 1474 3498 ad
1488 3458 1612 3500 amorem
1627 3445 1697 3502 bevre
1712 3445 1820 3504 urendi
1836 3465 1937 3510 accen-

280 3538 392 3594 stralem
399 3535 635 3594 conversationem
649 3535 802 3593 monachici
829 3535 965 3608 propositi
991 3535 1080 3591 intro·
1135 3533 1203 3590 dere
1216 3531 1354 3605 poteritis.
1373 3531 1490 3604 Semper
1497 3531 1533 3588 sit
1547 3535 1610 3590 eote
1624 3533 1716 3591 oculos
1728 3537 1825 3594 mentia
1837 3547 1936 3598 vesum

939 3684 1054 3743 lellAE
1068 3678 1279 3740 anemonae.

313 3811 344 3842 ”⁸
363 3811 475 3868 cottam
489 3823 555 3868 com
565 3809 661 3867 eodem
675 3825 727 3865 ms.
752 3805 784 3837 m
798 3805 897 3864 amico
909 3806 1090 3863 Taroldoms.
1105 3804 1199 3861 amico
1213 3803 1372 3861 charissimo
1385 3804 1513 3861 Turoldo.
1536 3803 1568 3836 ”⁸
1581 3773 1780 3882 concupiscunt
1793 3812 1863 3873 sicut
1875 3833 1932 3876 mr.

280 3884 486 3957 concupiscunt,
501 3896 562 3954 quae
574 3879 730 3938 pubetenus
742 3885 857 3953 possunt
870 3879 970 3936 sedare
983 3885 1113 3946 mantem,
1129 3878 1210 3932 sicut.
1234 3872 1264 3904 '⁷'
1281 3877 1390 3934 Cottam
1404 3893 1469 3934 corn
1485 3877 1581 3936 codem
1596 3895 1649 3935 ma.

885 4027 1034 4086 toaNNts
1052 4026 1191 4084 Plenam
1218 4026 1331 4083 NOTAE.

313 4160 373 4231 (at)
390 4156 523 4216 tumtur.
541 4155 574 4212 ln
590 4154 719 4211 Cbronic.
735 4153 864 4211 beccensi
878 4153 994 4210 babetur
1016 4167 1079 4224 pro·
1133 4154 1181 4278 qui
1197 4153 1269 4209 haud
1283 4167 1361 4210 mora
1375 4169 1436 4211 cum
1452 4155 1580 4212 iratribus
1590 4157 1741 4216 advolavit.
1752 4161 1935 4237 conspicatus

283 4227 498 4288 linamentiodc
513 4224 656 4295 ao.Quam
670 4226 775 4282 idcirco
789 4225 828 4280 sic
851 4226 1079 4297 perstringemus,
1157 4224 1284 4280 uroldum
1299 4225 1397 4283 morbo
1425 4242 1496 4297 pene
1523 4237 1663 4297 enectum,
1691 4231 1810 4289 coelestis
1833 4237 1933 4296 medici

283 4313 310 4360 ot
323 4301 393 4360 nibil
408 4297 482 4371 quod
499 4297 532 4353 ad
544 4297 686 4352 historiam
701 4303 814 4369 spectet,
837 4295 953 4351 excidat.
982 4293 1079 4350 Turol·
1135 4310 1248 4376 manum
1263 4293 1402 4366 implorat.
1413 4299 1727 4380 Ipsaquoqueaegrotus.
1739 4305 1931 4379 animosanus,

284 4376 332 4430 dus
352 4371 446 4446 igitur,
462 4369 584 4441 lingonis
597 4367 833 4423 Euromondensia
848 4381 1010 4438 germanus,
1038 4365 1081 4419 vir
1134 4365 1337 4438 plurimumque
1351 4367 1466 4434 vividus,
1481 4369 1515 4423 ad
1527 4370 1596 4426 drvae
1612 4371 1685 4426 Fidis
1708 4373 1750 4430 vir
1772 4377 1825 4430 inis
1850 4395 1931 4451 opem

285 4461 337 4502 noa
367 4450 516 4514 postrema
542 4438 691 4494 nobilitatis
714 4447 740 4493 et
775 4437 910 4509 potentiae,
946 4451 1010 4492 cum
1044 4436 1081 4490 ad
1134 4437 1261 4492 celeriter
1273 4436 1406 4508 confugit.
1422 4439 1479 4493 Noc
1491 4439 1589 4496 frusta.
1617 4442 1787 4512 Crepitanrm
1817 4449 1931 4506 melios-

284 4515 416 4573 licclesiae
424 4510 711 4582 bajocensisrogimao
734 4508 828 4564 luisset
851 4514 972 4575 evectus,
999 4506 1080 4578 paulo
1133 4507 1195 4562 cole
1210 4522 1271 4562 esse
1295 4517 1322 4562 et
1345 4507 1474 4564 dormire.
1493 4511 1565 4566 inter
1587 4527 1713 4568 somnum
1741 4533 1807 4572 voro
1829 4519 1934 4577 audivit

284 4581 772 4658 postdivinosicexarsitamore,ut
803 4577 959 4634 universam
987 4578 1079 4633 sacch
1134 4592 1230 4634 vocem
1246 4577 1430 4646 huiuscemodi
1447 4597 1483 4634 τι
1512 4579 1600 4652 Surge
1632 4599 1724 4650 sanus,
1753 4595 1780 4642 et
1808 4589 1932 4650 intellie

284 4659 456 4714 honestatem
468 4669 516 4723 pro
527 4658 650 4708 stercore
664 4648 798 4716 babuerit,
822 4657 849 4704 et
877 4647 954 4705 becci
982 4664 1079 4703 mono·
1133 4649 1259 4720 precibus
1271 4648 1358 4704 beatas
1370 4649 1445 4704 Fidis
1458 4650 1572 4722 integrae
1586 4659 1612 4706 te
1626 4653 1762 4710 redditum
1778 4660 1905 4730 sospitati
1922 4681 1930 4730 ;

284 4730 366 4786 chum
381 4724 512 4782 induerit.
527 4723 586 4778 Nec
614 4722 674 4777 sine
704 4735 808 4794 magna
836 4719 924 4792 [ruge.
953 4719 1022 4774 Nam
1046 4735 1078 4774 eo
1133 4719 1477 4776 etadteaccersitohoci
1499 4722 1931 4789 sumiodicabisabbati.0rabis

285 4801 392 4855 tandem
407 4791 530 4851 ascendit
550 4792 771 4858 submissioaois,
804 4791 958 4857 modestiae,
983 4791 1081 4862 gravi·
1133 4790 1314 4871 etiamipsum
1329 4737 1584 4860 quatenusleatrem
1594 4793 1738 4851 Girardum
1746 4812 1930 4870 cognomento

286 4871 352 4938 mus,
367 4862 952 4940 pmoenrieobservantiaeqaamonssricae,
977 4868 1006 4916 ut
1028 4861 1080 4915 ad·
1134 4859 1295 4928 Grffardum,
1311 4861 1497 4935 Longevillam
1519 4863 1631 4935 dirigat,
1662 4866 1706 4936 qui
1731 4869 1858 4928 salvatori
1882 4883 1930 4932 tuo

284 4931 951 5007 mirationiioretipsisoptimatibussseooensibus.
966 4933 1080 4997 arveo,
1135 4933 1239 5002 gratias
1253 4948 1304 5002 pro
1314 4932 1398 4988 salute
1416 4933 1463 4988 tibi
1473 4949 1604 4990 concessa
1616 4935 1724 5004 reserat,
1740 4954 1773 4994 ac
1799 4944 1931 5002 candelas

284 5009 519 5084 utmagismagis
558 5005 801 5076 espleodesceret,
825 5003 911 5058 visum
930 5001 1081 5058 estdivinae
1136 5003 1932 5083 superecelesiaealtaroreverentissimeofferatoipsis.

284 5081 504 5156 sapientiaeeum
539 5077 619 5133 iatius
628 5090 781 5158 excoquere
796 5075 824 5128 in
842 5073 951 5129 fornace
976 5041 1204 5154 doolorisnsima
1233 5080 1294 5128 sunt
1319 5073 1445 5130 Chronici
1471 5075 1612 5156 beccensis
1647 5077 1743 5134 verba.
1783 5083 1929 5156 Turoldus,

285 5157 379 5228 (quem
393 5157 537 5221 rupturam
551 5148 678 5215 dicimus)
693 5163 731 5202 src
750 5162 813 5202 eum
834 5145 1023 5209 excruciantis,
1052 5150 1082 5198 ut
1134 5145 1363 5211 somnoexcitus,
1379 5147 1503 5215 pudentis
1522 5147 1651 5203 admovet
1676 5165 1798 5220 maurim,
1828 5155 1929 5228 depre-

285 5238 435 5298 oooparva
450 5221 639 5277 intestinorum
654 5219 743 5288 portio
769 5217 798 5270 in
819 5223 940 5271 scrotum
960 5213 1081 5270 descen-
1134 5214 1456 5270 hendittactuveritatcm
1471 5216 1590 5273 ooelestis
1604 5219 1797 5279 admonitionis
1822 5230 1931 5284 restitu-

285 5297 435 5369 deospeoe
449 5291 588 5349 bominem
602 5287 779 5355 exanimaret,
792 5293 817 5342 et
828 5286 916 5342 denuo
945 5299 1080 5341 conscen-
1134 5285 1293 5354 tionemque
1321 5286 1376 5340 iam
1411 5285 1556 5357 insperatae
1600 5290 1740 5347 sanitatis.
1785 5295 1863 5354 Unde
1905 5301 1933 5356 in

286 5368 362 5434 deus,
391 5361 525 5438 quidquid
553 5360 684 5417 cruciatus
712 5359 746 5414 de
769 5357 904 5414 descensu
938 5356 1082 5436 videbatur
1135 5355 1299 5437 doxologice
1314 5355 1619 5439 gratiasqueosupremo
1642 5363 1851 5442 pharmacopaeo
1880 5387 1933 5428 nec

286 5439 416 5502 deiuisse,
428 5435 552 5490 lenomm
568 5431 708 5488 fenoribus
730 5434 874 5498 repeteret.
899 5427 1005 5482 Interea
1032 5427 1083 5481 Dea
1135 5443 1191 5482 non
1205 5443 1266 5496 ejus
1281 5427 1388 5483 ancille
1402 5430 1582 5484 sanctissimae
1594 5429 1652 5485 Fidi
1679 5433 1817 5494 habendas
1845 5439 1936 5498 elluo.

289 5523 387 5566 serras
405 5505 585 5562 fortiteroum
608 5504 715 5558 interno
742 5500 846 5556 luctans
870 5500 958 5566 hoste,
975 5511 1083 5568 semper
1136 5497 1219 5552 ditur.
1243 5497 1347 5562 Abbas,
1377 5501 1429 5554 hoc
1454 5499 1578 5566 audiens,
1603 5503 1756 5559 incredibili
1785 5511 1934 5570 exsultavit

289 5581 351 5650 ejus
364 5579 489 5634 iurarem
502 5573 621 5640 celabat,
636 5587 748 5643 sperans
759 5569 851 5626 divino
864 5568 976 5624 tandem
989 5567 1082 5638 repri-
1136 5567 1248 5640 gaudio,
1264 5567 1468 5642 Tumidumque
1478 5587 1530 5626 una
1541 5587 1601 5628 curn
1613 5571 1732 5630 Gifferdo
1743 5577 1934 5653 Longovillam

288 5651 418 5708 meadum
441 5645 553 5714 anxilio,
568 5645 663 5716 sicque
684 5640 790 5698 nemini
815 5639 900 5712 (qood
927 5641 997 5696 clam
1024 5654 1088 5694 esse
1140 5639 1212 5694 misit
1239 5637 1369 5696 reddendi
1397 5642 1455 5697 voti
1482 5657 1557 5714 ergo.
1587 5643 1672 5700 Porro
1702 5645 1773 5704 bono
1812 5661 1933 5710 sancum

288 5719 461 5795 peroptabat)
475 5718 510 5774 do
559 5720 772 5786 eracogeretur,
788 5718 815 5767 et
832 5710 944 5785 quidem
968 5707 1088 5781 virginei
1139 5709 1245 5776 Fidem,
1261 5709 1340 5780 cujus
1361 5709 1597 5769 obsecrationibus
1624 5717 1761 5774 convaluit
1790 5721 1933 5792 Turoldus,

288 5792 400 5866 pudoris
408 5724 616 5847 stodcfffessit
628 5794 729 5850 tamen,
750 5798 813 5840 cum
840 5781 927 5864 semel
956 5780 1088 5863 intestina
1140 5780 1321 5838 videturesse
1336 5781 1381 5838 illa
1390 5783 1450 5855 ipsa
1464 5783 1498 5842 ds
1513 5801 1567 5857 qua
1580 5783 1759 5863 Martyrolog.
1778 5794 1847 5863 prid.
1862 5795 1934 5854 Nou.

290 5865 330 5922 sio
343 5864 467 5920 relaxata
481 5867 507 5921 d
532 5857 627 5916 iollata
645 5863 717 5922 aunt,
746 5853 823 5910 utde
851 5853 972 5908 iotenorr
994 5866 1088 5908 eorum
1141 5849 1239 5910 Octob.

291 5931 589 6010 mgraasudesparans,
604 5923 911 5986 abbatemWillelmum
920 5922 1087 5993 accersierit,

395 6025 635 6090 Panaenum.
1783 6033 1800 6090 ⁶
