4750 6725
327 597 373 656 sul

848 596 1033 660 sucum..-
1048 601 1095 660 DE
1110 597 1258 662 CONCEP.
1273 605 1303 660 B.
1321 598 1446 664 utittAE.

1928 608 1980 676 sos

325 725 422 780 misera
451 725 502 780 lrao
528 723 583 780 vite
611 739 659 796 pro
689 731 741 781 tuae
766 724 856 782 laudis
879 737 1034 798 augmento.
1057 729 1128 798 Quid
1143 733 1169 790 Α
1185 737 1230 786 tua
1257 730 1337 787 leude
1366 732 1486 803 quotidie
1513 732 1663 792 deficiendo
1690 736 1772 806 radit,
1802 738 1839 794 ita
1872 754 1982 798 crucem

326 814 418 886 magni
434 821 484 880 est,
501 813 625 882 Domino,
641 813 664 867 si
680 821 768 868 tecum
782 815 833 868 sim
849 815 877 870 in
893 817 990 886 patria,
1006 817 1052 871 ubi
1067 833 1127 872 sum

323 919 437 960 securus
453 901 487 956 ab
502 901 575 957 omni
590 901 662 956 malo
675 909 702 957 ct
716 902 760 956 ubi
776 903 890 957 habeam
902 905 1128 976 quidquidvolc‘l

324 993 365 1046 Da
385 990 463 1056 milti,
488 991 615 1055 Domine,
641 996 669 1044 ut
690 1007 826 1060 nunqnam
847 1008 891 1048 me
918 994 1064 1064 pungendo
1088 994 1128 1050 sic

324 1087 454 1149 superent
467 1078 536 1134 clavi
552 1077 655 1133 timoris
670 1086 696 1133 et
710 1079 829 1135 miseriae
843 1079 924 1151 hujus
938 1082 1009 1147 vitre,
1027 1091 1054 1136 ut
1065 1091 1128 1138 ante

324 1170 407 1225 velim
424 1167 590 1224 descendere
604 1167 647 1221 vel
661 1166 755 1222 saltem
771 1168 872 1240 deponi
885 1169 920 1224 de
945 1185 1022 1224 cruce
1045 1186 1127 1242 quum

325 1266 393 1324 ate,
410 1255 535 1324 Domine,
552 1256 603 1310 hoc
620 1254 701 1310 luerit
716 1257 882 1312 mandatum.
899 1257 953 1313 Sed
973 1275 1061 1329 neque
1076 1260 1127 1314 hoo

325 1346 523 1412 desiderarem,
540 1351 567 1398 ut
581 1343 615 1398 ub
631 1345 680 1398 hac
701 1345 753 1399 cito
775 1345 861 1400 lacios
884 1362 928 1401 me
952 1347 1061 1416 deponi,
1078 1347 1127 1402 sed

326 1443 354 1492 ut
368 1449 479 1505 semper
493 1432 601 1487 mellent
618 1439 730 1504 propter
745 1439 769 1488 te
784 1434 902 1504 pendere
916 1435 942 1488 iu
957 1450 1126 1504 crucequcm

324 1539 339 1578 a
355 1522 475 1578 miseriis
489 1521 530 1576 bis
546 1519 631 1576 facias
653 1536 697 1575 me
721 1521 748 1575 iu
771 1523 931 1578 abscondito
955 1523 1071 1592 sepeliri.
1087 1525 1127 1580 Tu

324 1612 407 1678 enim,
424 1609 550 1677 Domine,
566 1625 616 1664 nec
631 1609 800 1665 descendisti
815 1609 848 1665 de
864 1627 954 1678 cruce,
971 1627 1020 1667 nec
1044 1613 1086 1669 sic
1102 1621 1126 1670 te

324 1699 426 1771 deponi
438 1697 539 1769 petisti.
556 1697 687 1752 Voluntas
698 1713 766 1770 ergo
785 1713 893 1769 semper
915 1698 1050 1772 affligendi
1075 1717 1126 1772 pro

323 1794 471 1860 augmento
487 1793 539 1841 tuae
555 1785 653 1852 leudis,
670 1787 759 1842 crucis
771 1786 823 1842 erit
843 1787 992 1860 longitudo.
1011 1789 1041 1845 st
1064 1791 1126 1862 quis

322 1880 384 1933 vult
396 1877 494 1931 occire
504 1878 567 1947 poet
577 1889 631 1942 mc,
643 1875 726 1932 tollat
735 1891 848 1930 cruce-m
858 1891 939 1931 suom
951 1876 1087 1949 quotidie,
1098 1882 1125 1933 el

322 1965 596 2038 sequaturmettue.
607 1979 646 2030 tx,
657 1965 713 2032 23),
730 1969 757 2017 et
770 1962 808 2017 sic
824 1973 912 2019 currat
933 1982 983 2035 per
1006 1965 1124 2022 medium

1182 819 1303 888 quotidie
1326 820 1422 877 tollore
1445 823 1590 892 debemus,
1615 824 1705 881 leudis
1731 833 1785 883 tuae
1815 828 1982 886 desiderium

1182 908 1356 963 resumendo.

1488 983 1602 1039 CAPUT
1617 984 1674 1040 llll.

1181 1069 1323 1138 Eapeosic
1336 1073 1545 1139 postremorum
1559 1074 1715 1141 uerborum,
1731 1082 1758 1130 et
1777 1084 1906 1148 sequatur
1924 1093 1980 1136 me.

1218 1171 1275 1239 Qua
1291 1188 1355 1228 vero
1369 1174 1516 1231 intentione
1530 1177 1557 1231 in
1579 1179 1624 1233 vie
1647 1178 1698 1234 ista
1720 1180 1754 1235 sit
1777 1183 1980 1254 ambulandum,

1181 1259 1271 1314 innuis
1285 1262 1379 1316 ultimo
1394 1278 1454 1318 cum
1470 1264 1547 1334 dicis,
1558 1271 1694 1338 aequatur
1708 1285 1762 1324 me.
1780 1267 1861 1337 Quod
1876 1278 1930 1326 tam
1945 1273 1981 1327 de

1181 1365 1276 1420 gressu
1290 1350 1416 1419 corporis
1427 1367 1509 1422 quam
1518 1352 1552 1408 de
1560 1355 1658 1408 mentis
1665 1371 1810 1426 possumus
1818 1358 1978 1430 intelligere.

1182 1436 1252 1504 Quia
1266 1439 1342 1491 multi
1358 1454 1411 1494 non
1426 1440 1514 1495 solum
1535 1449 1672 1512 portantes
1695 1452 1816 1512 crucem,
1831 1445 1880 1502 sed
1900 1454 1927 1502 et
1949 1463 1980 1501 se

1181 1526 1377 1596 suspendentes
1391 1526 1418 1581 in
1433 1545 1523 1595 cruce,
1539 1538 1566 1584 te
1584 1546 1681 1602 gressu
1705 1533 1827 1602 corporis
1850 1543 1911 1590 sunt
1932 1551 1979 1592 se-

1181 1615 1245 1668 cuti.
1256 1614 1410 1685 Sequuntur
1419 1617 1502 1688 igitur
1512 1621 1538 1672 te
1552 1633 1607 1674 uon
1622 1627 1723 1697 tentum
1738 1636 1835 1692 gressu
1846 1622 1979 1679 bonorum

1181 1717 1306 1772 operum,
1322 1703 1371 1759 sed
1393 1712 1419 1759 et
1441 1706 1590 1761 intentione
1612 1708 1746 1776 cordium,
1761 1717 1791 1764 ut
1811 1725 1864 1766 non
1890 1711 1980 1768 solum

1180 1792 1385 1847 consideremus
1398 1793 1495 1861 quibus
1515 1796 1643 1864 operibus
1668 1812 1718 1852 nos
1735 1799 1915 1869 praeccsseris,
1930 1800 1979 1856 sed

1180 1895 1232 1950 qus
1248 1878 1396 1936 intentione
1410 1879 1520 1949 leceris,
1537 1890 1564 1938 et
1577 1884 1605 1937 in
1620 1884 1675 1940 huo
1688 1893 1714 1940 te
1725 1886 1802 1958 sequi
1812 1887 1978 1944 studeamus.

1179 1967 1332 2038 qnvenimus
1349 1978 1439 2024 eutem
1462 1971 1535 2041 quod
1559 1972 1586 2025 in
1607 1973 1734 2028 omnibus
1755 1975 1978 2046 cogitationibus,

324 2054 376 2110 vim
398 2052 584 2124 perfectionis.
600 2051 627 2106 Si
652 2067 701 2106 nos
725 2051 859 2118 tollamus,
876 2052 1001 2122 Domine,
1020 2062 1045 2108 tu
1067 2055 1125 2124 ipse
1140 2089 1167 2148 B
1182 2057 1285 2110 verbiis
1299 2065 1326 2112 et
1341 2057 1486 2114 factisuis
1506 2059 1695 2132 principaliter
1716 2064 1854 2132 quesieris
1863 2065 1982 2137 gloriam

323 2142 455 2214 portabis.
482 2139 574 2195 Finem
603 2147 693 2194 eutem
722 2141 792 2195 viam
824 2141 1008 2210 perfectionis,
1029 2142 1058 2197 id
1086 2149 1126 2197 est
1184 2143 1220 2198 tui
1245 2145 1338 2199 Patris.
1363 2147 1403 2200 Tu
1426 2162 1502 2218 crgo,
1526 2149 1644 2204 Domine
1664 2150 1728 2204 Jesu
1752 2151 1868 2218 Christe,
1895 2153 1982 2224 dirige

324 2228 554 2302 perseverantium
567 2228 594 2282 in
609 2227 757 2296 voluntate,
773 2244 882 2299 semper
896 2245 945 2300 pro
960 2235 986 2284 te
1009 2229 1127 2300 patiendi
1182 2232 1358 2288 intentionem
1379 2243 1509 2304 nostrum,
1533 2245 1563 2291 ut
1584 2237 1610 2290 in
1632 2238 1757 2293 omnibus
1777 2239 1893 2310 gloriam
1922 2242 1982 2312 ejus

324 2317 414 2374 innuis
429 2318 456 2372 in
470 2331 503 2371 eo
519 2316 591 2387 quod
606 2317 674 2370 dicis
692 2317 828 2387 quotidie.
846 2317 873 2373 Si
897 2321 969 2372 enim
992 2333 1046 2372 uno
1070 2318 1125 2387 die,
1181 2337 1333 2390 qureramus
1361 2327 1388 2377 et
1416 2333 1499 2390 tuam,
1528 2341 1579 2381 nos
1606 2326 1779 2399 abnegando,
1802 2327 1980 2398 profundum,

324 2407 400 2479 ptius
416 2422 495 2479 quum
512 2413 539 2459 tu
556 2405 681 2476 jusseris,
699 2420 805 2461 crucem
826 2405 962 2476 deponere
982 2406 1125 2475 volumus;
1180 2409 1386 2478 sublimitatem,
1417 2411 1587 2469 latitudinem
1615 2421 1642 2469 et
1666 2414 1862 2486 longitudinem
1893 2417 1983 2473 crucis

325 2511 386 2552 eam
395 2494 515 2565 quotidie
530 2509 584 2548 non
599 2492 790 2562 tollimus.Qui
805 2502 896 2549 autern
911 2495 1128 2564 perseveraverit
1180 2498 1324 2567 portando,
1339 2509 1366 2553 et
1389 2499 1416 2553 in
1449 2516 1483 2556 ee
1514 2503 1715 2572 perseversndo
1747 2503 1782 2558 ud
1814 2503 1924 2560 laudem
1954 2513 1982 2563 et

326 2597 468 2656 usquequo
483 2583 689 2652 eamdeponas,
705 2581 748 2636 bic
763 2581 790 2636 in
809 2581 956 2636 abundanti
979 2582 1059 2637 laude
1081 2591 1128 2638 tua
1180 2585 1299 2658 gloriam
1327 2595 1415 2656 tuam,
1440 2589 1486 2658 qui
1513 2605 1575 2644 eum
1600 2591 1679 2646 Patre
1706 2597 1733 2646 et
1756 2590 1857 2662 Spiritu
1885 2601 1980 2650 sancto

325 2673 480 2742 sepulcrum
497 2670 646 2742 ingreditur
661 2669 735 2740 pacis
746 2677 865 2726 aetcrnae.
882 2671 1012 2738 Quemvis
1027 2671 1055 2726 in
1076 2673 1128 2727 hoc
1180 2674 1252 2728 vivis
1267 2691 1298 2729 ac
1313 2690 1422 2747 regnas,
1437 2677 1521 2744 Deus,
1532 2693 1581 2749 per
1594 2677 1686 2734 omnia
1695 2679 1797 2736 saecula
1805 2680 1979 2738 seculorum.

326 2761 411 2818 verbo
425 2759 577 2832 intelligere
591 2774 738 2829 possumus
754 2759 827 2830 quod
841 2758 910 2815 sicut
925 2759 1058 2814 cruciatus
1077 2775 1127 2830 pro
1180 2763 1276 2818 Amen.

338 2897 438 2906 —---

832 3089 1477 3242 rnucrnrus

502 3365 585 3466 uu
638 3359 1083 3467 coucnenoun
1124 3366 1180 3467 n.
1225 3364 1439 3467 titum
1476 3323 1813 3528 vincuus'·

365 3689 542 3762 Principium,
557 3704 611 3760 quc
626 3687 701 3744 sulus
717 3685 812 3742 mundi
828 3687 971 3759 processit,
988 3686 1052 3743 milri
1065 3702 1133 3743 con·
1149 3686 1174 3748 C
1189 3685 1337 3755 buendum,
1361 3687 1426 3758 quid
1444 3686 1498 3743 mei
1519 3688 1653 3746 similibus
1674 3690 1708 3747 sit
1729 3698 1804 3749 certa
1832 3694 1923 3765 magis
1947 3708 1991 3750 ra·

328 3779 453 3837 siderare
469 3778 569 3836 volenti
593 3777 712 3834 occurrit
735 3776 865 3832 hodierna
889 3776 1056 3845 solemnitas,
1073 3791 1134 3847 quae
1187 3774 1261 3830 tione
1275 3776 1454 3847 sequendum.
1473 3778 1504 3833 tu
1518 3778 1552 3833 de
1567 3778 1736 3850 simplicibus
1751 3781 1859 3852 quidem
1874 3782 1903 3837 in
1923 3782 1992 3855 ipsis

327 3868 508 3939 conceptione
524 3866 609 3923 beutae
625 3864 718 3920 llatris
733 3864 782 3919 Dci
797 3864 889 3919 uarie
904 3864 995 3919 multis
1018 3864 1047 3917 in
1070 3862 1137 3918 locis
1189 3862 1281 3917 verbis
1297 3864 1433 3919 invenitur
1446 3865 1516 3935 quod
1532 3880 1594 3922 cum
1608 3868 1650 3921 eis
1664 3867 1700 3923 sit
1720 3869 1914 3927 sermocinatio
1928 3870 1989 3935 Dei.

327 3957 427 4013 festiva
453 3954 575 4011 redditur
600 3951 641 4007 ’”.
658 3954 691 4007 Εῑ
715 3951 823 4023 quidem
849 3952 947 4023 priscis
970 3952 1137 4023 temporibus
1188 3950 1253 4005 lllos
1267 3967 1334 4007 vero
1349 3968 1418 4024 quos
1433 3954 1515 4008 multa
1536 3954 1647 4012 scientia
1670 3956 1730 4013 sine
1751 3958 1883 4015 charitate
1902 3959 1991 4030 perlu-

326 4044 508 4117 irequenliori
532 4060 581 4098 usu
603 4041 794 4099 celebrabatur
816 4038 857 4109 ”⁸,
881 4040 918 4095 ab
940 4040 978 4096 eis
999 4041 1136 4112 precipue
1188 4045 1257 4094 stret
1272 4040 1362 4095 ierunt
1376 4041 1471 4096 eadem
1487 4042 1602 4098 scientia
1616 4042 1706 4099 inllari
1720 4046 1810 4116 potius
1832 4063 1912 4116 quam
1933 4046 1991 4104 veri

326 4150 355 4203 jn
370 4133 470 4206 quibus
485 4148 554 4203 pura
564 4129 726 4202 simplicitas
742 4136 768 4185 et
782 4128 911 4185 humilior
932 4130 959 4185 io
981 4131 1068 4184 Deum
1090 4130 1135 4185 vi·
1188 4127 1253 4182 boni
1267 4128 1421 4201 integritate
1436 4130 1557 4185 solidari.
1573 4131 1638 4185 Cum
1654 4148 1721 4204 ergo
1736 4132 1798 4189 illos
1812 4135 1863 4191 Dei
1884 4151 1992 4192 sermo-

326 4222 411 4295 gebat
425 4221 546 4277 devotio.
562 4223 596 4275 dt
610 4217 641 4247 '¹¹
657 4218 702 4274 ubi
716 4226 742 4273 ct
757 4218 845 4289 major
860 4218 973 4275 scientia
983 4218 1136 4295 etpraepol,
1188 4215 1289 4271 cinctio
1304 4216 1428 4286 instruat,
1444 4221 1472 4273 et
1488 4218 1552 4273 istos
1567 4235 1616 4274 sua
1631 4219 1745 4276 seientia
1760 4222 1878 4292 quadam
1891 4230 1991 4281 vento-

327 4311 386 4365 lens
407 4307 579 4365 examinatio
602 4322 690 4363 rerum
713 4312 819 4361 mentes
841 4306 1017 4377 quorumdem
1039 4305 1136 4361 imbuit
1187 4302 1265 4359 sitate
1280 4304 1426 4370 distendat,
1442 4307 1490 4378 qui
1511 4323 1590 4376 aequa
1609 4307 1767 4365 discernere
1787 4325 1841 4365 non
1863 4321 1992 4367 verentur

326 4407 354 4455 et
374 4396 473 4465 erexit,
490 4394 613 4451 eamdem
628 4392 660 4423 ¹¹¹
682 4393 894 4459 solemnitatem,
917 4400 1008 4464 spreta
1030 4410 1133 4463 paupe·
1187 4391 1230 4445 cui
1245 4392 1333 4462 magis
1347 4394 1414 4464 perti
1435 4394 1468 4448 sit
1488 4394 1652 4463 cedendum,
1667 4410 1772 4466 precor,
1788 4396 1890 4465 edicas,
1906 4398 1990 4455 collo-

326 4503 387 4542 rum
410 4485 596 4557 simplicitate,
613 4483 647 4538 de
669 4481 761 4537 medio
783 4481 908 4543 sustulit;
925 4488 951 4536 et
973 4496 1033 4536 eam
1056 4483 1135 4553 quasi
1187 4478 1233 4548 qui
1247 4480 1373 4535 videlicet
1397 4480 1447 4535 Dei
1466 4481 1619 4547 interemi,
1635 4498 1670 4537 an
1691 4483 1726 4539 de
1747 4483 1789 4538 sui
1811 4483 1903 4540 cordis
1923 4501 1989 4556 per-

326 4575 436 4631 rsticue
457 4580 601 4628 vacentem
623 4569 654 4600 ’⁸⁸
677 4569 784 4642 redegit
805 4569 832 4623 in
854 4569 968 4623 nihilum
984 4568 1028 4623 ¹³⁴.
1055 4569 1133 4638 Quo·
1185 4566 1303 4637 spicaria
1317 4568 1383 4623 ultra
1399 4584 1505 4640 aequum
1521 4568 1688 4624 tumentilit
1702 4570 1730 4625 hi
1745 4570 1852 4642 quidem
1865 4580 1893 4627 ut
1914 4574 1989 4629 nulla

326 4679 386 4718 rum
402 4662 536 4717 sententia
551 4675 583 4714 oo
599 4658 718 4714 maxime
733 4659 759 4711 in
776 4658 859 4713 robur
873 4658 992 4713 excrevit
1014 4658 1085 4728 quod
1100 4659 1130 4726 ii,
1185 4655 1318 4710 memoria
1334 4656 1367 4712 de
1381 4658 1558 4728 conceptione
1574 4657 1692 4730 Virginis
1705 4659 1800 4715 ldatris
1814 4659 1841 4714 in
1862 4659 1989 4717 Ecclesia

328 4750 373 4821 qui
395 4764 458 4805 eam
480 4746 657 4819 protulerunt,
681 4744 804 4801 saeculari
826 4752 852 4799 et
874 4745 1057 4801 ecclesiastica
1085 4762 1132 4802 eu-

327 4838 450 4895 ctoritate
478 4836 688 4907 divitiarumque
718 4833 885 4889 abundantia
905 4834 1129 4905 praecmincbant.

327 4926 380 4982 Sed
395 4942 456 4981 cum
472 4939 523 4996 ego
537 4933 564 4980 et
578 4924 727 4995 priscorum
747 4921 948 4993 simplicitatem
970 4926 998 4977 el
1017 4922 1130 4978 modor-

327 5030 423 5070 norum
451 5012 554 5085 ingenii
582 5010 777 5066 sublimitatem
809 5026 915 5065 mecum
951 5010 1130 5078 revolverem,

327 5101 423 5158 cecidit
438 5101 465 5155 in
481 5104 598 5155 mentem
614 5100 737 5171 quaedam
757 5098 856 5153 divinae
878 5097 1025 5169 Scripturae
1047 5100 1131 5155 verba

327 5190 353 5247 in
369 5189 459 5245 medio
474 5203 592 5259 ponere;
609 5196 636 5242 ot
650 5187 714 5257 quid
725 5186 821 5256 judicii
836 5187 869 5241 de
886 5187 1007 5259 singulis
1022 5195 1128 5259 gerunt,

326 5295 375 5353 pro
390 5294 452 5334 meo
466 5293 545 5334 sensu
564 5276 609 5348 pia
629 5275 845 5332 consideratione
867 5275 1047 5347 perpendere,
1064 5292 1129 5349 quc-

327 5380 404 5430 tecus
420 5360 450 5392 ”⁸
468 5378 515 5419 sua
543 5361 699 5419 auctoritate
727 5360 856 5433 probetur
884 5359 948 5432 quid
975 5361 1019 5417 oui
1048 5362 1126 5416 attri-

1184 4742 1232 4798 filii
1247 4744 1306 4813 eJus
1321 4743 1375 4811 liet,
1386 4761 1439 4800 non
1454 4746 1506 4801 eibi
1520 4746 1634 4801 rationis
1648 4744 1680 4774 ¹⁸⁸
1697 4746 1783 4802 videri
1799 4746 1943 4816 affirmant,
1953 4764 1987 4805 eo

1184 4832 1257 4902 qucd
1272 4849 1307 4888 ex
1320 4830 1352 4863 ‘⁸'
1367 4835 1507 4889 nativitate
1522 4834 1593 4889 illius
1607 4850 1670 4905 quas
1684 4833 1786 4907 ubique
1800 4835 1896 4893 festive
1905 4852 1986 4895 recc-

1183 4921 1256 4987 litur,
1273 4923 1458 4994 conceptionis
1478 4922 1538 4993 ejus
1559 4923 1701 4979 exordium
1722 4924 1790 4980 satis
1810 4934 1985 4995 memoretur,

1184 5025 1234 5066 nec
1249 5011 1331 5079 euim,
1347 5011 1431 5079 aiunt,
1447 5020 1510 5067 nata
1525 5016 1608 5077 esset,
1625 5012 1646 5066 si
1661 5021 1795 5082 concepta
1808 5029 1864 5070 non
1878 5014 1983 5070 luisset.

1183 5098 1294 5153 Etcum
1309 5100 1339 5152 in
1355 5099 1443 5154 lucem
1457 5116 1489 5153 ex
1505 5100 1620 5154 materni
1639 5100 1708 5155 uteri
1730 5110 1834 5157 secreto
1855 5102 1985 5175 prodivit,

1182 5186 1286 5242 clarum
1309 5186 1360 5241 luit
1375 5187 1447 5259 qnod
1475 5188 1501 5242 in
1530 5188 1591 5243 alvo
1619 5189 1741 5259 parentis
1769 5198 1898 5261 concepta
1912 5189 1985 5248 ¹¹⁸ic

1181 5275 1327 5330 humanam
1350 5275 1465 5331 formum
1485 5276 1634 5332 concrevit.
1656 5278 1724 5334 Cum
1746 5278 1836 5353 itaque
1863 5279 1986 5351 corporis

1181 5364 1241 5435 ejus
1256 5361 1411 5435 specificata
1425 5365 1597 5438 compositio,
1612 5374 1639 5422 et
1652 5367 1680 5422 in
1694 5366 1775 5439 hujus
1789 5368 1883 5425 mundi
1897 5370 1987 5427 latitu-

993 5484 1104 5542 VdeAE
1118 5486 1328 5544 LECTlONES.

361 5610 522 5670 '¹'Collolus
536 5614 581 5667 est
594 5626 660 5666 cum
674 5626 744 5666 msa.
767 5610 886 5667 Gluuicc
901 5612 929 5665 cl
947 5610 1023 5667 Cori.
1040 5642 1075 5653 --
1089 5630 1142 5669 mr.
1161 5612 1290 5669 Cluniae.
1300 5614 1402 5685 incipit
1413 5630 1419 5671 :
1431 5612 1570 5670 Tractatus
1586 5614 1615 5670 ll.
1626 5613 1746 5670 dnselmi
1754 5614 1795 5671 De
1803 5614 1983 5687 conceptione

327 5684 355 5739 Β.
371 5686 465 5739 lleriae
483 5682 610 5755 Virginis.
627 5680 711 5737 ”⁹lls.
727 5684 756 5737 et
773 5682 848 5737 Corb.
865 5685 894 5736 et
909 5682 999 5739 editio
1018 5685 1073 5755 lieu
1086 5700 1148 5783 quoe
1162 5684 1196 5739 do
1210 5686 1430 5754 conceptione...
1448 5685 1515 5741 locis
1537 5688 1678 5743 recolitur.
1694 5684 1727 5714 ¹¹⁰
1735 5687 1784 5743 ds.
1801 5687 1877 5744 Corlr.
1893 5686 1983 5759 aqui·

326 5755 442 5811 busdam
468 5753 646 5854 praesentibus
667 5752 872 5821 temporibus...
896 5753 1061 5809 celebratur.
1076 5752 1096 5783 ⁸⁸
1112 5756 1159 5812 lle.
1178 5755 1257 5812 cort.
1280 5758 1378 5825 Atque.
1394 5754 1476 5813 '’lde.
1493 5758 1571 5839 corb.
1588 5760 1707 5840 tandem.
1723 5755 1820 5813 ”tlte
1837 5756 1916 5816 Cori.
1931 5773 1983 5842 ca-

329 5834 445 5883 rentem.
489 5824 554 5881 ‘ltu
577 5824 653 5881 Coro.
670 5822 818 5879 vinculum.
840 5820 871 5853 ²³⁵
886 5823 932 5882 lle.
960 5824 1036 5885 coro.
1060 5834 1202 5901 quantum.
1227 5823 1319 5887 mlle.
1344 5825 1426 5887 cort.
1452 5842 1509 5885 non
1528 5843 1588 5887 eme
1609 5834 1725 5887 ratione.
1741 5825 1828 5894 ”lde
1847 5828 1926 5889 Cori.
1942 5844 1982 5890 tn.

329 5894 408 5959 mlle.
426 5895 503 5957 dori.
519 5894 547 5953 in
561 5894 680 5971 peccetis
694 5902 835 5971 concepta.
