4750 6725
299 604 359 664 aar
965 600 1049 662 vrrs
1068 606 1101 662 s.
1124 597 1302 663 vtravnrnr.
1906 624 1958 684 73,

299 742 367 789 tunc
390 746 452 787 cum
476 730 565 803 primo
589 728 726 787 dimittere
740 728 819 798 velis,
835 745 898 785 eum
913 729 994 786 locris
1007 730 1105 801 majori
1120 733 1148 796 Α
1162 745 1223 787 ιιιι
1249 746 1305 788 ιιι
1331 731 1461 804 pateris?
1476 734 1547 792 Ecca
1570 745 1632 794 cum
1657 732 1733 795 sslum
1762 757 1778 797 a
1802 744 1959 805 Christianis

302 837 389 895 paena
403 819 558 876 mulctatus.
577 842 589 868 s
606 819 669 876 Istis
681 835 730 877 rex
754 818 814 891 ipse
837 818 999 887 admonitus,
1016 818 1111 875 annuit
1163 819 1288 892 depellis,
1304 821 1339 877 ad
1351 836 1477 896 paganos
1490 823 1639 883 liberaliter
1659 827 1717 900 ibit,
1733 831 1814 903 valis,
1828 834 1918 892 nolis:
1933 846 1959 894 er

305 918 488 966 utcarcerem
502 908 547 966 vir
561 915 670 965 sanctus
684 907 786 964 exiret.
801 907 914 963 Factum
928 915 978 978 est,
995 913 1021 964 ιι
1036 923 1051 964 ι
1066 916 1108 963 ιι-
1162 908 1208 978 qui
1223 906 1303 964 times
1317 926 1350 966 ne
1364 913 1543 981 quorumdam
1558 914 1766 975 Christianorum
1789 932 1894 981 ιιιιιιιι
1908 929 1960 983 tuis

306 998 402 1055 nebris
415 996 462 1053 lux
476 996 577 1052 mundo
587 994 847 1069 prooessit.llalans
857 1004 947 1052 aulem
958 996 1109 1054 servusllei
1162 996 1367 1067 deceptionibus
1385 1014 1435 1070 per
1462 1001 1545 1073 ipsius
1577 1008 1810 1065 conversationem
1846 1032 1960 1089 quoquo

306 1084 410 1143 bouum
439 1102 490 1158 pro
512 1086 586 1142 melo
610 1102 694 1159 quam
715 1085 852 1156 promulo
867 1086 969 1141 malum
983 1084 1107 1156 reddere,
1162 1084 1430 1157 modoevacuentur,
1446 1089 1527 1163 longe
1541 1109 1622 1165 qoam
1637 1104 1715 1165 putas
1729 1114 1779 1168 per
1798 1101 1851 1157 ista
1866 1104 1960 1178 allicis,

308 1176 400 1234 oravit
413 1174 571 1243 Dominum,
585 1181 612 1231 ιι
628 1173 751 1247 reginam
766 1174 910 1231 confestim
923 1174 1048 1230 daemone
1061 1172 1109 1229 fu·
1162 1180 1192 1227 ιιι
1206 1173 1325 1247 integras
1337 1176 1478 1246 provincia
1491 1180 1600 1249 penitus
1624 1188 1670 1238 lua
1692 1183 1876 1249 dominatione
1898 1196 1961 1266 pri-

305 1270 374 1337 galo
386 1263 496 1318 sanitati
510 1263 634 1318 restituit.
1162 1268 1250 1319 vetur.

344 1354 389 1408 ιι.
405 1351 603 1422 Hinepatriam
618 1359 862 1425 cognataqnetura
876 1348 1110 1421 decancantes
1199 1351 1246 1406 lb.
1269 1352 1394 1425 Namque
1420 1353 1528 1413 divertit
1553 1366 1614 1431 posl
1642 1362 1702 1420 hoec
1729 1366 1764 1420 ad
1792 1370 1961 1439 provinciam

310 1440 422 1497 advena
446 1448 533 1496 terras
556 1440 687 1496 australes
707 1440 851 1512 petiturus,
867 1456 901 1496 eo
918 1438 1044 1496 veniendi
1059 1438 1110 1495 iter
1163 1440 1322 1497 australium
1337 1444 1486 1511 Saxonum,
1504 1464 1565 1517 quae
1580 1448 1729 1508 adhucillo
1745 1463 1867 1528 tempore
1881 1478 1966 1537 pega.

312 1528 430 1586 invadit.
447 1528 480 1583 Et
493 1528 690 1585 coml'eritatis
699 1529 838 1601 preconia
852 1528 924 1583 nulla
938 1536 1040 1601 queant
1053 1527 1109 1583 ιιι·
1162 1529 1206 1584 nis
1220 1528 1308 1585 adhuc
1329 1531 1447 1587 cultibus
1470 1534 1614 1592 insudabat
1631 1556 1637 1593 :
1654 1540 1746 1613 ibique
1768 1546 1881 1604 verbum
1901 1550 1963 1609 fidei

308 1617 384 1673 lacia
408 1615 516 1687 violari,
532 1616 634 1673 famulo
657 1616 706 1673 Dei
729 1616 819 1689 primo
842 1617 965 1688 querenti
996 1632 1110 1689 regnum
1162 1616 1339 1688 predicebat,
1356 1629 1382 1675 ιι
1396 1621 1569 1679 credentibus
1578 1625 1714 1685 lavacrum
1726 1632 1819 1689 salutis
1832 1638 1965 1700 ministra.

306 1706 370 1775 Dei,
387 1706 453 1761 nibil
467 1721 560 1762 eorum
576 1704 706 1777 quaevitae
716 1706 861 1763 necessitas
870 1705 1110 1778 exigebat,deesse
1163 1704 1219 1759 bat.
1236 1707 1301 1761 Erat
1316 1715 1406 1763 autem
1420 1726 1468 1765 rex
1482 1712 1570 1783 gentis
1596 1714 1677 1786 illins,
1694 1718 1828 1777 lidilwalh
1843 1727 1963 1799 nomine,

306 1794 432 1852 valebat.
464 1794 543 1852 Unde
570 1793 687 1867 contigit
712 1801 740 1850 ιιι
765 1795 839 1851 bunc
862 1803 971 1851 euntem
1000 1794 1110 1865 quidam
1164 1808 1218 1849 non
1239 1794 1323 1853 molto
1348 1804 1410 1854 sole
1432 1798 1965 1881 baptizatusinprovincialllerciorum,

305 1882 491 1955 byrtwaldus,
505 1882 582 1955 regia
596 1884 678 1955 stirpe
688 1884 860 1956 progenitus,
876 1898 977 1955 magno
992 1884 1111 1939 cumbo-
1163 1889 1191 1937 et
1219 1884 1315 1957 regina
1343 1886 1452 1942 nomine
1480 1889 1555 1946 Eabe
1578 1891 1717 1963 baptizata
1741 1898 1768 1952 in
1783 1916 1842 1971 sua,
1858 1904 1910 1960 hoc
1926 1915 1968 1964 ιιι

306 1988 379 2029 nore
407 1972 505 2029 obvius
532 1971 678 2042 exciperet,
694 1980 721 2027 et
743 1972 938 2044 aliquantisper
950 1987 1044 2029 secum
1057 1972 1109 2027 de·
1164 1972 1307 2043 provincia
1322 1973 1508 2034 Huicciorum.
1523 1981 1616 2051 ltaque
1632 1982 1889 2060 beatusWillridus,
1902 2009 1969 2051 con·

305 2069 384 2118 tento
397 2075 514 2133 quaeque
528 2076 597 2132 opus
611 2060 731 2117 babebat
744 2060 863 2117 beninne
876 2061 1057 2133 impenderet.
1074 2066 1109 2115 ιι
1122 2092 1149 2153 Β
1164 2060 1286 2127 cedente,
1303 2060 1359 2117 imo
1373 2062 1486 2120 multum
1511 2068 1648 2139 gaudente
1662 2086 1739 2142 rege,
1764 2077 1868 2147 primos
1895 2098 1966 2153 pro.

305 2149 413 2206 invidia
426 2149 563 2206 diabolica
578 2150 624 2206 diu
638 2149 761 2220 impendi
775 2148 848 2205 ferre
863 2165 917 2205 non
931 2150 1028 2221 potnit.
1041 2149 1109 2203 Prae
1164 2148 1260 2205 vincite
1274 2148 1358 2206 duces
1373 2166 1404 2207 ac
1419 2152 1518 2209 milites
1533 2171 1613 2212 sacro
1634 2158 1709 2217 tonte
1725 2164 1872 2238 abluebat;
1888 2187 1966 2241 prea-

304 2237 410 2294 dictum
425 2236 526 2293 etenim
539 2238 628 2295 virum
642 2253 748 2296 veneno
761 2254 817 2293 suae
831 2238 1017 2309 perversitatis
1034 2236 1108 2293 inle—
1163 2234 1251 2308 byteri
1267 2252 1331 2293 vero
1342 2238 1394 2306 sui,
1408 2247 1533 2297 caeteram
1547 2244 1668 2315 plebem.
1683 2248 1808 2308 Antehac
1830 2255 1895 2312 inim
1911 2267 1968 2317 lota

306 2326 355 2394 cit,
371 2340 481 2399 quoque
495 2325 609 2381 militem
624 2324 725 2382 Christi
740 2342 790 2381 sna
804 2324 984 2381 munificentia
999 2334 1109 2381 exutum

306 2431 325 2470 a
339 2430 371 2471 se
385 2414 496 2486 suisque
511 2414 637 2470 omnibus
654 2413 809 2471 eliminaret
828 2413 929 2471 effecit.
946 2414 1014 2470 Erat
1027 2429 1108 2469 nam-

307 2519 363 2574 que
375 2502 458 2560 irater
470 2502 619 2558 AEdelfredi
639 2504 714 2575 regis
737 2503 911 2569 llerciomm,
924 2504 971 2575 qui
984 2518 1109 2560 sororem

305 2592 384 2664 ragis
396 2592 435 2663 (ι)
455 2589 558 2647 Eclridi
572 2590 690 2647 babebat
703 2592 731 2646 in
745 2592 913 2664 coniugium.
928 2592 1039 2649 Timens
1053 2592 1109 2664 igi-

307 2689 354 2736 tur
367 2695 402 2736 ne
412 2680 502 2736 fratris
516 2679 636 2735 animum
646 2680 805 2750 offenderet,
820 2683 843 2735 si
863 2696 927 2737 cum
941 2682 986 2754 qui
1000 2680 1109 2737 tratrem

307 2769 440 2841 conjugis
454 2785 511 2825 suae
523 2769 660 2825 infensum
675 2769 803 2839 babebat,
818 2784 913 2826 secum
926 2776 1040 2841 teneret,
1055 2785 1109 2826 non

271 2844 277 2854 ’
307 2860 412 2915 veritos
430 2858 600 2929 injustitiam,
615 2857 774 2913 wilfridum
802 2857 910 2927 abjecit,
934 2874 989 2914 non
1017 2864 1110 2914 tamen

304 2949 414 3018 absque
435 2947 610 3016 contumelia,
624 2953 654 3001 ιιι
675 2962 725 3017 per
746 2949 799 3003 boo
821 2949 940 3002 sciemus
964 2962 1028 3002 enm
1055 2962 1110 3003 nou

304 3037 459 3093 immunem
474 3034 561 3091 luisse
574 3036 602 3090 in
616 3035 670 3091 hoc
684 3034 757 3091 lacto
769 3044 886 3092 amente
896 3036 1027 3108 maligne.
1038 3036 1109 3092 Nam

305 3125 385 3197 prius
398 3134 454 3180 tam
468 3140 485 3181 a
500 3140 530 3180 se
544 3140 628 3197 quarn
642 3123 679 3179 ab
692 3124 839 3181 AEdelredo
848 3124 1033 3197 regeaoisque
1047 3140 1110 3181 uxo·

305 3215 394 3285 nibus,
414 3228 502 3269 necue
515 3213 662 3271 volontatis
682 3228 779 3269 eorum
799 3214 952 3271 fautoribus
973 3214 1109 3284 multipli-

305 3302 379 3359 citer
403 3300 528 3371 afflictus,
544 3301 698 3373 injuriatus,
714 3301 807 3357 mullis
828 3318 936 3374 quoque
961 3302 1109 3358 tenoribus

305 3393 344 3448 ad
361 3392 533 3449 violationem
547 3391 611 3447 tidei
626 3407 684 3447 suaa
706 3395 789 3461 atque
811 3391 847 3447 ad
870 3392 1108 3462 exprobrationem

1163 2324 1211 2379 illa
1233 2325 1376 2395 provincia
1399 2326 1483 2385 divini
1506 2332 1626 2389 nominis
1641 2344 1667 2391 et
1682 2336 1745 2394 fidei
1770 2350 1830 2399 erat
1857 2344 1964 2418 ignara,

1163 2420 1263 2486 praeter
1275 2431 1368 2488 regem
1384 2422 1465 2489 etque
1480 2420 1612 2493 reginam.
1629 2424 1693 2481 Erat
1707 2435 1798 2485 tamen
1812 2430 1849 2487 ibi
1865 2449 1964 2493 mona-

1164 2502 1233 2558 chus
1246 2504 1354 2575 quidem
1371 2505 1405 2561 de
1420 2507 1529 2564 natione
1545 2510 1709 2584 Scottorum,
1721 2518 1829 2575 nomina
1842 2520 1964 2596 Diaulus,

1163 2590 1269 2647 habeus
1284 2595 1479 2650 monasterium
1494 2600 1683 2667 permodicum
1697 2602 1725 2658 in
1742 2606 1802 2664 loco
1818 2610 1864 2681 qui
1879 2628 1964 2670 voca-

1164 2689 1208 2736 tur
1222 2681 1385 2752 bosanham,
1412 2684 1488 2740 silvis
1512 2688 1636 2757 marique
1659 2691 1872 2763 circumdatum
1895 2709 1922 2757 et
1937 2703 1966 2759 in

1164 2783 1197 2823 eo
1212 2768 1310 2824 iratres
1326 2770 1444 2843 quinque
1460 2773 1504 2829 vel
1519 2790 1567 2830 sex
1582 2776 1610 2831 in
1625 2778 1721 2835 humili
1736 2789 1963 2857 aopeuperevilo

1164 2852 1282 2913 Domino
1311 2857 1482 2918 famulantes.
1500 2864 1553 2920 Sed
1574 2866 1664 2923 nullus
1687 2872 1893 2939 provincialium
1920 2878 1964 2937 vel

1163 2961 1266 3022 eorum
1282 2946 1365 3003 vitam
1388 2950 1524 3019 emulari,
1539 2953 1583 3009 vel
1601 2956 1826 3025 praedicationem
1850 2966 1964 3025 curabat

1163 3034 1314 3091 attendere.
1331 3036 1528 3110 Evangelizans
1542 3049 1633 3098 autem
1647 3047 1723 3118 genti
1737 3049 1892 3125 episcopus,
1908 3072 1964 3113 non

1163 3123 1251 3179 solum
1268 3138 1327 3179 earn
1353 3124 1388 3181 ab
1409 3142 1530 3183 aerumoa
1550 3140 1689 3203 perpetuae
1705 3136 1896 3212 damnalioois,
1912 3160 1964 3202 ve·

1163 3228 1222 3266 rum
1238 3220 1264 3268 et
1281 3228 1296 3267 ι
1309 3212 1389 3269 clade
1404 3214 1517 3273 infande
1539 3222 1694 3291 temporalis
1707 3223 1831 3283 interitus
1844 3231 1954 3302 eripuit.

1164 3298 1304 3372 Siquidem
1320 3301 1407 3357 tribus
1421 3304 1499 3361 annis
1513 3314 1574 3363 ante
1584 3309 1732 3368 adventurn
1743 3314 1804 3385 ejus
1816 3316 1842 3372 in
1851 3324 1962 3391 provin·

1163 3389 1205 3444 cia
1221 3390 1295 3445 nulla
1309 3389 1361 3446 illis
1375 3391 1404 3446 in
1418 3393 1489 3449 locis
1503 3395 1597 3466 pluvia
1611 3401 1758 3458 ceciderat.
1775 3403 1962 3474 Quamobrem

306 3482 450 3539 catholicae
463 3489 490 3537 ιι
504 3480 661 3553 apostolicae
675 3481 827 3536 traditionis
843 3497 893 3552 pro
917 3498 972 3555 qua
993 3483 1109 3536 maxime
1124 3449 1148 3514 C
1164 3477 1251 3533 sames
1266 3479 1442 3536 acerbissima
1456 3482 1567 3552 plebem
1582 3485 1727 3559 invaserat,
1744 3505 1776 3546 ae
1797 3493 1881 3566 impia
1895 3513 1962 3558 aare

306 3570 490 3643 impetebatur
512 3570 649 3640 incitatus,
665 3570 806 3641 impulsus,
825 3585 876 3626 nec
892 3578 1058 3641 prostratus,
1074 3570 1109 3625 ad
1162 3573 1354 3638 Ριθὸῑιιιθιιῑ·
1372 3569 1496 3640 Denique
1511 3570 1608 3642 ierunt,
1622 3575 1685 3644 ‘1⁰³³
1699 3593 1771 3649 saepe
1786 3583 1965 3658 infldfflglsslfl

306 3660 437 3717 ultimum
449 3675 512 3716 corn
526 3657 663 3716 dedecore
676 3660 772 3731 pulsus
783 3667 833 3714 est.
1162 3654 1242 3710 amul
1258 3663 1304 3710 aut
1319 3657 1517 3730 quinquaginta
1532 3661 1656 3718 homines
1669 3664 1758 3721 inedia
1774 3674 1915 3743 macerati,
1929 3677 1964 3732 ad

342 3751 372 3804 ι,
396 3747 479 3806 Omni
505 3763 573 3818 ergo
597 3749 718 3803 humano
748 3748 890 3803 frustratus
916 3748 1032 3816 auxilio,
1055 3763 1110 3818 quo
1161 3742 1345 3816 praecipitium
1356 3744 1468 3817 aliquod
1477 3747 1616 3806 sivemare
1623 3753 1818 3828 procedebant,
1828 3767 1854 3814 et
1861 3759 1966 3830 junctis

306 3837 442 3907 tenderet,
459 3850 513 3907 quo
526 3842 681 3893 severteret
694 3835 729 3890 ad
743 3835 937 3906 hospitandum
951 3835 1107 3908 ignorabat:
1162 3831 1262 3888 misere
1291 3833 1418 3889 manibus
1439 3835 1540 3906 pariter
1553 3853 1649 3895 omnes
1672 3848 1718 3897 aut
1745 3843 1821 3900 ruina
1843 3849 1963 3924 perituri,

307 3929 365 3984 1100
377 3925 467 3982 solum
479 3924 586 3980 fidudae
599 3940 658 3995 prae
672 3939 821 3997 segerens,
831 3925 905 3995 qnod
916 3940 933 3979 a
943 3926 1000 3981 Deo
1009 3939 1110 3995 neque-
1163 3928 1210 3976 ant
1222 3920 1348 3977 fluctibus
1363 3922 1531 3981 absorbendi
1547 3926 1720 3985 decidebant.
1736 3931 1838 4006 ilerum
1848 3937 1907 4010 ipso
1920 3941 1966 4000 die

307 4031 396 4088 quam
422 4015 512 4071 dm
532 4021 634 4086 posset.
659 4012 720 4078 Qua
743 4011 843 4069 fiducia
857 4012 1001 4086 magnilica
1016 4013 1108 4081 iratus,
1162 4025 1218 4080 quo
1233 4010 1398 4083 baptismum
1414 4011 1477 4070 tidei
1492 4031 1560 4086 gens
1575 4017 1703 4090 suscepit,
1716 4022 1750 4077 ad
1763 4040 1858 4094 preces
1872 4029 1965 4089 eximii

308 4103 442 4175 quidquid
456 4103 481 4159 el
495 4102 731 4158 incommoditatis
740 4102 892 4171 accidebat,
900 4118 1006 4158 summa
1020 4103 1111 4158 cordis
1164 4098 1258 4168 Patris,
1275 4099 1368 4171 pluvia
1382 4116 1482 4158 serena
1498 4104 1546 4159 sed
1572 4105 1684 4178 copiosa
1700 4110 1852 4171 descendit.
1872 4117 1965 4178 liello-

308 4193 454 4249 atneritete
466 4190 625 4264 perferebat
639 4209 647 4246 ε
663 4206 772 4262 quoque
790 4191 878 4262 magis
897 4191 1111 4248 adversitatibus
1162 4187 1215 4242 viril
1228 4195 1317 4256 terra;
1335 4189 1415 4246 rediit
1429 4190 1607 4250 viridantibus
1631 4197 1705 4254 arvis
1725 4214 1813 4257 annus
1835 4203 1911 4262 laetus
1934 4227 1968 4267 ao

308 4281 467 4349 5015&quss
482 4296 517 4337 ιο
532 4279 686 4352 ampliosin
700 4295 783 4351 opera
794 4280 845 4336 Dei
860 4287 917 4336 toto
930 4280 1021 4337 studio
1035 4281 1110 4337 lere·
1164 4275 1281 4348 frugiter
1298 4290 1303 4333 :
1321 4277 1414 4348 sicque
1438 4279 1544 4349 abjecta
1561 4285 1760 4358 superstitione,
1784 4292 1894 4362 antiqua
1913 4311 1965 4352 cx-

308 4370 399 4427 balor.
414 4370 495 4426 Venit
507 4369 620 4426 tandem
633 4370 668 4424 ad
682 4369 785 4424 cunam
803 4368 881 4441 regis
894 4369 1047 4438 cujusdam,
1064 4368 1110 4442 qui
1163 4361 1267 4419 sufflata
1278 4364 1440 4436 idololatria,
1452 4383 1500 4424 cor
1512 4369 1633 4426 omniurn
1643 4376 1671 4427 cl
1683 4379 1965 4440 carce-‘collacerant

309 4459 470 4516 Keotwinus
481 4462 521 4530 (5)
540 4457 690 4515 vocabatur
705 4474 711 4513 :
727 4457 774 4513 ubi
794 4458 863 4513 satis
880 4459 999 4514 humane
1013 4474 1110 4514 susee-
1162 4452 1195 4506 io
1211 4453 1297 4508 Deum
1312 4453 1406 4509 vivom
1418 4455 1632 4526 (reatuum,
1647 4459 1685 4531 ιι),
1703 4461 1887 4538 intelligentes
1902 4485 1964 4529 eum

307 4557 373 4623 ptus
390 4557 418 4604 ιι
435 4548 516 4616 bene,
531 4562 626 4604 verum
640 4545 717 4602 brevi
731 4545 840 4602 babitus
852 4550 905 4602 est.
923 4548 994 4602 Nam
1009 4563 1110 4620 quem·
1164 4541 1209 4611 qui
1224 4555 1303 4598 verus
1325 4549 1366 4598 ιιι
1389 4542 1472 4612 Deus,
1498 4551 1524 4600 et
1542 4545 1714 4604 interioribus
1739 4558 1767 4608 ιι
1787 4555 1966 4620 exterioribus

308 4637 459 4695 admodum
472 4636 550 4707 alias,
565 4636 604 4692 sic
613 4643 641 4692 ιι
654 4635 692 4689 ibi
702 4635 836 4692 demonis
842 4635 968 4693 instinctu
978 4637 1112 4694 femineas
1163 4644 1194 4685 ⁸0
1209 4628 1288 4685 b0¹¹i⁵
1303 4629 1397 4701 ιιιῑῑίθ
1412 4630 1532 4688 milesiis
1547 4634 1656 4692 ditm·

307 4741 406 4799 puseus
432 4733 474 4781 est
500 4724 563 4779 iras.
592 4722 738 4794 Siquidem
759 4723 836 4796 regie
856 4739 927 4779 uxor
945 4739 1026 4782 soror
1052 4730 1109 4780 erat
1200 4720 1244 4774 ιι.
1261 4718 1381 4775 antistes
1395 4734 1513 4791 quoque,
1530 4737 1593 4779 cum
1622 4723 1649 4779 in
1664 4727 1831 4798 provinciam
1845 4735 1967 4796 venisset

308 4813 528 4886 Memmi&
552 4813 688 4868 ,morum
708 4811 767 4868 sere
794 4813 916 4870 omnium
930 4830 993 4885 qum
1012 4803 1150 4870 contraD
1167 4814 1323 4879 tantamque
1353 4807 1433 4866 famis
1447 4825 1558 4880 poenam
1582 4811 1620 4868 ibi
1648 4813 1772 4888 vidisset,
1793 4821 1887 4880 docuit
1911 4841 1961 4884 eos

309 4903 458 4960 virumllei
468 4901 570 4957 fiebant
581 4899 716 4958 auctricis.
725 4900 792 4956 llaea
801 4901 972 4974 igitorasoa
981 4918 1066 4959 uxore
1076 4901 1108 4975 [t.
1163 4895 1297 4966 Piscflssd⁰
1321 4897 1421 4954 lilium
1450 4913 1580 4969 quaeffll'e·
1607 4901 1677 4957 Nam
1706 4921 1781 4963 ¹¹¹⁰?ss
1804 4917 1831 4965 ⁰²
1852 4911 1965 4972 flumina

308 4993 413 5065 sorore}
424 4993 452 5048 in
467 4991 564 5048 mentis
570 4990 742 5062 malignitate
751 5005 805 5045 uon
815 4991 915 5060 minor,
924 4991 1110 5063 beatumprae·

310 5083 401 5140 sutem
411 5081 504 5136 mullis
513 5077 748 5136 contrarietatibus
757 5077 975 5136 afflictumasuis
982 5081 1110 5138 omnibus

310 5171 425 5244 expolit.
440 5169 514 5239 Quid
528 5168 631 5225 diaboli
647 5168 723 5225 lavor
733 5168 870 5239 immanis,
887 5169 953 5239 quid
968 5177 1110 5242 tantopere

310 5263 442 5319 adversas
455 5257 588 5314 famulum
597 5257 708 5314 Domini
722 5256 861 5316 saeviendo
872 5257 1110 5331 vagarisiqoidei

310 5351 425 5423 laqueos
448 5356 502 5404 ιιι
525 5346 628 5403 fraudis
652 5347 789 5402 innectere
810 5353 905 5414 tentas,
930 5354 957 5402 et
980 5347 1109 5403 tentando

309 5439 388 5495 illum
415 5437 551 5494 ranamm
572 5435 771 5494 calumniarum
803 5442 962 5505 tempestate
984 5435 1109 5509 latigas‘t

311 5530 378 5603 quid
393 5544 456 5586 eum
469 5527 505 5584 ab
519 5527 629 5583 bomani
642 5526 733 5583 cordis
747 5524 928 5582 aedificatione
942 5523 1050 5582 flectere
1064 5525 1109 5581 ni·

311 5619 385 5689 teris,
400 5624 429 5674 ιι
441 5616 478 5674 ob
493 5617 544 5674 boo
557 5616 772 5672 Christianorum
792 5613 918 5673 societati
937 5613 1109 5685 coniunctam

331 5793 546 5868 tttOsdridam
570 5794 761 5866 miliciaeque
788 5788 821 5849 ira
843 5793 982 5851 ιιιιιιιιιιι
1005 5793 1111 5852 Ειιιιιιί

313 5869 418 5941 teutria
430 5868 517 5925 occlrl
528 5865 833 5938 Etlretredooopacrot,
866 5881 946 5923 acam
955 5867 1033 5926 ieter
1048 5883 1110 5924 rna·

313 5944 406 5999 ritum
416 5943 445 5997 ct
454 5942 578 6010 tratrem
591 5952 772 6011 componens,
787 5953 822 5996 ex
875 5937 987 5996 illelmo.

1164 4999 1259 5040 eorum
1281 4982 1401 5055 piscibus
1428 4985 1614 5056 abundabant,
1638 4989 1686 5045 sed
1714 4992 1842 5062 piscandi
1867 5002 1965 5073 peritia

1163 5073 1238 5146 genti
1253 5073 1337 5142 nulla,
1354 5074 1406 5129 nisi
1429 5073 1464 5129 ad
1488 5075 1624 5147 anguillas
1640 5085 1743 5136 tontum
1762 5083 1861 5142 inerat.
1887 5090 1963 5147 lteri-

1164 5161 1216 5216 bus
1236 5161 1319 5234 igitur
1339 5160 1537 5234 anguillaribus
1558 5164 1740 5238 undequaque
1755 5170 1875 5231 collectis
1888 5184 1916 5234 at
1929 5180 1965 5235 ab

1164 5249 1319 5306 bominibus
1347 5249 1473 5305 antistitis
1500 5251 1528 5306 in
1556 5267 1635 5310 mare
1663 5256 1763 5328 missis,
1790 5264 1894 5322 meritis
1922 5269 1963 5325 sui

1163 5338 1250 5394 Patris
1266 5337 1357 5394 divina
1372 5345 1436 5394 sunt
1449 5337 1575 5412 largitate
1599 5341 1696 5414 adjuti,
1711 5359 1894 5424 ceperuntque
1916 5356 1963 5411 di-

1164 5427 1236 5485 versi
1263 5427 1370 5499 generis
1396 5428 1484 5499 pisces
1511 5436 1653 5488 trecentos.
1687 5433 1790 5503 Quibus
1831 5441 1978 5502 anienem

1163 5515 1258 5573 diruis
1287 5524 1394 5573 centum
1422 5517 1448 5572 in
1481 5533 1550 5590 opus
1576 5535 1725 5591 pauperum
1757 5527 1963 5606 dispenderunt,

1164 5613 1273 5664 centum
1301 5605 1341 5661 eis
1366 5621 1383 5662 a
1405 5605 1504 5678 quibus
1522 5605 1589 5665 retia
1603 5622 1764 5685 acceperant
1778 5619 1963 5692 contulerunt,

1200 5777 1240 5851 (5)
1254 5778 1333 5836 Hunc
1351 5779 1445 5837 locum
1458 5758 1592 5842 inactum
1603 5785 1779 5856 pretermisit
1793 5787 1963 5870 willelnus,

1164 5883 1180 5924 a
1196 5867 1350 5941 Ftidagudo
1365 5869 1530 5942 expositura.
