4750 6725
331 602 381 659 811
1113 607 1202 668 Villi.
1931 622 1983 677 861

332 734 395 781 tnnc
413 724 622 782 inexorabiliter
640 726 783 784 lasciviam
805 735 970 800 persecutns,
985 731 1127 788 bumilita·
1141 734 1281 804 Asitium,
1304 750 1385 810 quam
1407 737 1502 813 religio
1516 738 1549 795 ed
1573 740 1746 813 exemplum.
1772 740 1820 797 ilis
1841 740 1978 799 celebrem

333 821 387 870 tem
401 812 540 885 pudicitiae
561 817 707 886 assumpsit
725 818 876 873 custodem.
895 818 956 874 lam
977 826 1045 876 tunc
1059 822 1132 878 moi·
1182 826 1337 895 praecomis,
1363 842 1395 882 ea
1418 842 1554 885 consensu
1573 830 1684 885 iratrum
1719 832 1751 886 Β.
1771 829 1851 887 Odilo
1866 831 1982 901 priorem

330 904 409 959 liorls
430 903 519 959 cultus
532 910 559 958 ct
581 904 742 961 deliciarum
756 914 936 978 contemptor,
952 909 982 963 in
996 907 1133 965 illecebris
1183 916 1329 981 constituit,
1353 917 1525 986 prolaturum
1541 918 1645 988 pariter
1658 924 1685 973 et
1697 920 1864 989 possessioni
1884 920 1982 991 prect-

330 990 475 1047 illeoebraa
502 992 648 1062 ignorarit.
669 993 736 1049 Cum
767 996 916 1063 iuvenibus
936 996 1006 1051 nihil
1034 997 1131 1067 iuveni
1183 998 1283 1063 dentis,
1308 1007 1335 1055 et
1348 1000 1436 1055 ordini
1458 1002 1613 1071 disciplina.
1639 1000 1764 1073 Suscepit
1779 1020 1874 1059 senum
1889 1016 1983 1061 curam

330 1086 431 1152 prester
460 1084 569 1136 etatem
593 1080 657 1137 init.
691 1080 792 1155 lingna
812 1083 852 1138 illi
881 1098 943 1139 oum
976 1086 1132 1155 raptoribus
1180 1087 1300 1158 juvenis,
1331 1094 1453 1159 suscepta
1486 1090 1527 1145 sic
1558 1098 1701 1146 exsecutus
1727 1092 1847 1163 negotia,
1872 1099 1902 1147 ut
1932 1106 1984 1149 neo

331 1168 480 1238 discordie,
495 1182 580 1241 snper
605 1169 721 1226 eiilictcs
744 1172 813 1227 mira
824 1174 993 1245 compassio.
1013 1174 1131 1230 Verbum
1183 1173 1379 1232 administratio
1399 1177 1559 1245 religionem
1579 1180 1721 1247 minueret,
1745 1194 1796 1236 nec
1819 1180 1984 1253 111131111-

329 1258 380 1313 Dei
391 1258 480 1315 tenaci
490 1258 859 1331 commendabetmernotiee,
872 1260 1131 1331 irequcnseccleaisr
1183 1262 1409 1321 ministrationem
1425 1266 1578 1335 impediret.
1601 1267 1698 1323 tusani
1714 1268 1850 1340 siquidem
1865 1284 1900 1325 ea
1915 1280 1982 1339 pro·

329 1346 464 1414 uiscatos,
485 1347 533 1403 sed
548 1348 680 1411 buntiana:
704 1348 818 1405 timebat
832 1350 903 1405 enim
916 1358 1024 1421 patrem
1039 1366 1129 1420 suum,
1183 1353 1304 1408 motione
1325 1366 1379 1409 non
1401 1353 1539 1424 subrepsit
1563 1355 1656 1423 eletio,
1678 1370 1733 1411 non
1758 1358 1860 1413 ordinis
1888 1357 1983 1413 terror

330 1436 386 1493 otio
400 1443 427 1491 et
441 1435 547 1491 inertiae
570 1436 699 1492 virtutum
720 1437 856 1508 primitias
870 1445 1069 1511 assignantem.
1089 1442 1130 1497 lio
1182 1440 1316 1511 intepuit;
1342 1442 1471 1513 imposita
1495 1443 1519 1499 ei
1543 1443 1677 1516 dignitas,
1703 1444 1832 1501 virtutum
1856 1444 1978 1515 molaria,

329 1532 452 1596 tompore
475 1524 718 1583 Aniasiodurensis
742 1527 886 1603 episcopus
909 1530 990 1601 liugn
1013 1530 1052 1601 (Β)
1075 1545 1129 1587 no·
1183 1540 1238 1584 non
1259 1529 1430 1601 dispendium
1446 1528 1505 1586 iult.
1526 1530 1602 1588 liano
1617 1533 1690 1589 enim
1706 1534 1914 1589 mansuetudine
1930 1535 1983 1589 Pt-

329 1614 414 1681 mine,
445 1614 657 1675 (1111111111111
679 1628 789 1686 quoque
820 1616 991 1677 matularum
1020 1626 1129 1677 strenae
1182 1623 1253 1673 trem
1268 1618 1400 1687 attribuit,
1416 1620 1620 1677 hansaseritnte
1633 1621 1781 1691 doctorem,
1797 1624 1982 1679 utaduersum

327 1702 509 1775 gubsmabat.
530 1702 617 1772 ilajas
639 1716 724 1760 masa
743 1704 774 1759 11.
799 1706 880 1779 lluqo
902 1708 963 1773 ejus
980 1719 1128 1777 pronepos,
1181 1705 1360 1776 deliquentes,
1397 1722 1448 1763 nec
1482 1710 1597 1765 remissa
1631 1716 1752 1767 uteretur
1784 1711 1981 1778 misericordia,

327 1791 373 1849 rix
394 1804 411 1846 a
428 1797 506 1861 patre
528 1789 718 1862 proficiscendi
741 1790 904 1849 cabilonum
925 1792 1064 1850 licentium
1081 1802 1127 1850 et·
1180 1804 1233 1849 nso
1245 1796 1393 1851 excedente
1408 1796 1562 1867 disciplina.
1579 1797 1684 1853 Diilusa
1698 1798 1789 1869 itaque
1804 1796 1877 1853 bono
1896 1798 1982 1853 odore

327 1880 421 1936 torsit.
438 1878 617 1937 Prasiibatain
632 1880 960 1953 bsanrbegrammatics,
974 1898 1029 1956 quo
1043 1884 1128 1939 intro·
1180 1883 1298 1938 nominis
1318 1882 1397 1949 illius,
1424 1884 1512 1956 plebis
1532 1892 1557 1941 et
1572 1884 1725 1957 principum
1749 1886 1881 1954 iurarem,
1898 1900 1981 1957 quem

327 1968 474 2025 duceretur
494 1970 527 2023 ad
549 1968 705 2025 turmarum
725 1969 895 2027 silitudinem
913 1972 1126 2042 sumpturamm,
1180 1970 1293 2027 minime
1307 1972 1440 2043 quaesivit,
1457 1975 1611 2044 acquisierit.
1639 1975 1716 2031 Unde
1731 1982 1759 2029 et
1772 1974 1805 2029 ad
1820 1975 1985 2031 Teutonicos

322 2056 421 2137 iuraui
442 2055 581 2127 quoddam
603 2056 678 2113 velut
698 2058 799 2113 ostium
821 2060 938 2129 aparuit.
962 2059 1004 2115 lbi
1019 2059 1308 2153 teudsdeircctus,
1338 2061 1536 2117 Paterniaoensi
1560 2063 1687 2119 coerrobio
1712 2066 1768 2133 (11)
1797 2063 1913 2135 gratiam
1937 2076 1983 2117 re·

328 2144 445 2215 diruptis
457 2145 633 2201 esculentas
642 2146 819 2212 indumentis,
829 2146 915 2219 clegit
928 2148 1051 2219 abjectus
1066 2164 1128 2205 aare
1181 2146 1226 2220 gis
1247 2148 1314 2218 (13),
1340 2162 1423 2219 aqua
1442 2148 1593 2218 exciderat,
1615 2146 1785 2206 reformarit.
1807 2148 1923 2223 Cognito
1947 2148 1984 2205 tbi

325 2233 453 2291 indomo
471 2234 523 2289 ilai
535 2234 587 2298 sui,
601 2234 692 2307 magis
709 2250 792 2305 qnam
815 2236 1130 2295 babitareintabarns·
1182 2237 1294 2291 uansitu
1322 2236 1351 2291 Β.
1382 2234 1516 2306 Otiilonis,
1544 2238 1572 2292 in
1600 2240 1779 2293 amaritudine
1805 2239 1916 2309 spiritns
1944 2238 1978 2293 ad

326 2321 397 2379 aulis
408 2324 773 2394 manuteneamus,
789 2323 932 2396 tt).ltlnd
945 2325 1131 2397 inituriitang
1182 2326 1376 2381 monasterium
1398 2326 1553 2394 revortitur,
1578 2324 1655 2399 larga
1676 2340 1767 2383 secum
1783 2327 1911 2383 deierans
1925 2342 1984 2381 mu·

326 2411 444 2483 acinum
461 2424 590 2467 mutua:
606 2412 660 2480 Qut
676 2428 733 2468 aaa
748 2412 862 2483 baiatnt
873 2429 1083 2471 eructuassem
1100 2419 1130 2471 ct
1182 2428 1259 2479 nera,
1275 2426 1338 2485 quta
1356 2415 1483 2485 praeiatus
1497 2428 1676 2486 respersum
1692 2416 1727 2469 ad
1742 2416 1868 2471 decorem
1883 2416 1983 2471 domus

326 2501 455 2573 sequitat·
464 2514 521 2567 ms,
531 2500 809 2573 massmannum
819 2503 903 2572 (bac.
917 2517 980 2572 xrs,
990 2504 1130 2573 ti),pstrs
1182 2500 1292 2558 Domini
1307 2500 1466 2557 cluniacum
1488 2500 1637 2573 delegarit.
1654 2503 1805 2573 Susceptus
1819 2516 1852 2557 ea
1865 2516 1919 2573 qua
1934 2503 1984 2557 tia-

326 2588 475 2656 nesciaata,
490 2588 539 2661 qui
551 2587 699 2659 suspiranti
712 2589 749 2643 ad
761 2589 890 2659 patriam,
903 2599 931 2646 et
945 2590 1038 2647 verbis
1051 2591 1127 2647 obsi·
1182 2588 1242 2644 buit
1257 2590 1405 2645 reverantia
1420 2590 1530 2661 pienum
1546 2590 1671 2661 lacrymis
1686 2597 1850 2647 conventum
1864 2590 1979 2646 invenlt.

326 2675 416 2736 siebat
428 2683 457 2731 et
469 2676 615 2747 stampiis,
631 2676 790 2733 Cluuianum
798 2680 889 2746 sanit3
905 2679 936 2733 Β.
951 2678 1062 2735 Odilorn
1078 2680 1128 2749 (Β),
1182 2678 1311 2733 Hortatur
1328 2686 1357 2733 ut
1372 2685 1519 2748 temperent
1547 2678 1651 2745 allatu,
1667 2692 1729 2735 oum
1753 2692 1805 2735 nec
1818 2679 1877 2749 ipse
1892 2684 1984 2747 posset

327 2780 382 2837 quo
396 2773 461 2821 tuno
474 2765 606 2835 temporis
620 2764 720 2821 abbate
732 2765 878 2835 pransum
888 2766 1059 2838 moriebatur
1070 2782 1129 2823 ces·
1182 2782 1205 2823 a·
1214 2761 1277 2821 ictu
1293 2774 1453 2837 temperare.
1479 2767 1643 2823 Gonsoletur
1657 2775 1813 2832 maerentes,
1825 2766 1870 2837 qni
1886 2764 1984 2822 nulllus

329 2851 453 2922 nubium,
477 2852 544 2923 quid
567 2853 652 2907 animi
674 2862 784 2925 (1111111
804 2854 945 2910 indicarit.
967 2854 1072 2912 Dehinc
1094 2869 1129 2911 ex
1183 2854 1345 2911 admittebat
1372 2854 1511 2911 solatium.
1539 2856 1581 2911 11
1608 2856 1735 2912 omnibus
1764 2855 1885 2911 omniurn
1910 2855 1987 2910 Peter

331 2954 410 2997 mors
431 2941 580 3012 captatum
602 2940 752 3014 ingressus,
773 2958 837 2998 cam
851 2945 881 2997 in
894 2951 1031 2999 conrantu
1045 2942 1130 3014 adop
1183 2944 1350 3016 plorabatur,
1376 2944 1532 2999 etsiocatas
1546 2944 1692 3001 revocabat
1706 2943 1844 3013 lacrymas
1858 2948 1982 3013 pateram

330 3030 413 3087 nanu
425 3044 483 3085 arra
496 3028 620 3086 11111111
632 3028 691 3103 (tt)
706 3030 875 3101 petitionem,
890 3031 1003 3102 quddam
1016 3030 1129 3088 irruam
1181 3020 1300 3104 piatatis
1312 3033 1476 3088 recordatio.
1498 3032 1561 3103 lpse
1583 3032 1694 3103 quidem
1716 3033 1847 3104 magister
1861 3032 1984 3103 sepultus

328 3117 432 3191 Spiritu
445 3125 537 3173 sancta
551 3118 831 3186 mactasoialiaem,
844 3118 942 3191 inquit,
957 3120 1130 3190 cluniacum,
1182 3129 1232 3188 est,
1257 3119 1348 3175 sedin
1369 3119 1505 3177 mantibus
1524 3120 1725 3191 discipulorum
1748 3120 1845 3176 merita
1862 3118 1985 3191 magistri

330 3206 377 3279 qui
408 3206 559 3277 pmuosum
593 3207 669 3261 omni
700 3208 828 3263 tbasemo
860 3210 1015 3263 tbeaamum
1047 3208 1130 3265 bodie
1182 3208 1320 3279 insepulta
1344 3208 1481 3263 virebant.
1497 3206 1629 3265 lleiioiam
1650 3220 1763 3264 necesse
1776 3218 1831 3278 est,
1846 3208 1868 3261 si
1883 3214 1984 3263 teamm

326 3293 464 3368 sucepit!
490 3297 593 3353 Mutata
614 3294 697 3368 igitur
710 3310 773 3352 cam
788 3296 883 3355 babitu
906 3297 970 3368 rite,
985 3288 1130 3353 mennaei
1183 3296 1299 3353 vinctas
1322 3294 1611 3368 Odilonisexplioare,
1634 3298 1679 3369 qui
1702 3295 1828 3355 doctrine
1843 3296 1946 3368 pariter
1959 3302 1987 3351 et

325 3385 431 3442 ordinis
452 3384 672 3457 primuspredns
692 3386 792 3442 desole
812 3386 982 3455 wuscandit,
998 3386 1130 3442 obedien·
1182 3385 1324 3456 exempto,
1352 3391 1516 3442 conventum
1546 3383 1698 3452 ltomioum,
1725 3392 1890 3442 contortum
1920 3383 1984 3442 lenit

326 3474 393 3530 tum
408 3473 756 3545 sceleratissumum,
776 3487 839 3544 quc
858 3474 887 3529 n
901 3474 1054 3531 curuum
1067 3475 1130 3530 retr·
1143 3446 1168 3511 ὓ
1182 3489 1244 3530 esse
1258 3475 1402 3530 neruum.

325 3562 408 3636 picas
421 3577 532 3618 morum
559 3561 882 3633 muaentpnaaipaurm.
898 3563 948 3618 llis
961 3562 1009 3618 illa
1022 3563 1130 3619 scuris
1216 3559 1245 3616 t.
1261 3560 1360 3617 idmst
1375 3568 1481 3631 tompus
1494 3573 1548 3630 quc
1565 3561 1691 3617 desolato
1705 3561 1894 3617 consuleretur
1907 3555 1984 3615 arilli

324 3650 521 3722 praeminens,
543 3649 604 3706 sine
617 3650 728 3720 querela
748 3651 820 3721 tuit,
834 3651 969 3723 quidquid
983 3649 1128 3706 diffinutts·
1183 3649 1385 3720 praemissisque
1410 3647 1522 3718 jejuniis
1537 3657 1563 3704 et
1587 3649 1763 3716 orationibus,
1779 3659 1916 3702 asumma
1931 3659 1983 3718 pe-

326 3740 361 3796 tia
381 3746 519 3810 assumpta
538 3738 610 3811 parit
624 3737 771 3808 professio,
795 3753 828 3794 aa
841 3739 916 3797 salut
928 3738 964 3794 ad
977 3737 1129 3809 111111111-
1181 3745 1255 3793 stare
1270 3747 1363 3807 pastor
1377 3743 1553 3808 quaereretur.
1568 3735 1739 3794 Conveniunt
1753 3735 1802 3790 lilii
1817 3735 1986 3805 adoptionis,

327 3842 391 3884 nam
417 3827 507 3882 minae
541 3823 676 3882 auilicarat
712 3827 925 3884 momsticamm
956 3826 1130 3882 observantia
1183 3825 1218 3880 da
1239 3825 1326 3880 salute
1354 3833 1459 3880 tantum
1486 3831 1643 3897 nugantes
1674 3823 1834 3880 animamm.
1863 3823 1988 3893 Denique

326 3915 499 3989 regularum
514 3914 563 3970 ilei
577 3930 673 3971 111111
687 3915 794 3972 addidit
813 3916 847 3970 ad
862 3928 982 3986 panem.
997 3915 1130 3971 Dominus
1182 3913 1247 3970 durn
1262 3909 1372 3969 solliciti
1386 3925 1479 3970 secum
1489 3919 1640 3984 quaererent
1654 3925 1734 3984 quam
1749 3909 1880 3968 llcminns
1895 3919 1988 3982 paeto·

327 4003 364 4060 sd
376 4019 515 4062 aaronem
532 4003 617 4060 (11111
630 4003 705 4059 enirn
720 4003 790 4060 citra
802 4003 895 4077 legam
909 4004 1036 4060 monachi
1050 4019 1129 4060 sum·
1183 4001 1235 4058 ruli
1264 4001 1445 4058 solicitudine
1473 4001 1641 4073 dignaretur,
1669 4001 1835 4058 adalmarus
1862 3999 1984 4071 quidam,

326 4091 441 4162 praeite
459 4091 598 4162 1111111111
612 4091 695 4146 solvit
715 4099 745 4146 nt
758 4091 889 4147 1111111111
908 4091 1022 4150 minime
1034 4105 1130 4148 mmo·
1183 4091 1227 4147 atti
1256 4091 1389 4164 scipione
1403 4091 1484 4146 simul
1499 4101 1527 4145 et
1548 4097 1627 4146 atate
1644 4091 1734 4161 major
1757 4095 1816 4146 arat
1830 4089 1985 4156 nectarites,

327 4187 413 4236 reret
436 4180 509 4236 Satis
531 4187 663 4250 praterea
684 4179 815 4234 insistens
838 4179 949 4251 uigiliis,
976 4179 1131 4236 continuate
1183 4179 1329 4250 lingonem
1351 4179 1500 4236 nominarit
1532 4177 1672 4250 priorem:
1697 4184 1845 4234 conventus
1873 4189 1988 4232 assensu

326 4270 449 4325 cranone
461 4275 569 4326 oseam
580 4282 656 4339 serpe
670 4266 1043 4326 duxitiuaonsuam.l⁴'aliaea
1058 4268 1128 4324 sda-
1184 4279 1306 4324 consono
1333 4267 1506 4339 prosequitur
1533 4268 1729 4324 nominantem.
1759 4265 1862 4322 Dehinc
1899 4265 1988 4320 illum·

326 4365 390 4412 reat
402 4357 527 4426 comitas,
542 4355 612 4412 uber
623 4355 703 4412 ssatus
720 4356 866 4428 etjajunis
879 4355 1031 4412 eustatium
1044 4357 1132 4415 medi·
1183 4356 1344 4410 renitentem
1365 4363 1393 4410 et
1415 4369 1444 4410 sa
1463 4355 1677 4426 proclamantem
1695 4352 1849 4424 indignum,
1866 4365 1920 4426 qun
1942 4351 1988 4406 dia

328 4446 394 4502 tatio
408 4441 587 4518 pandoram.
616 4445 657 4500 ils
672 4445 809 4501 monasio
822 4443 891 4500 nibil
912 4444 1027 4502 ambitio
1040 4445 1131 4500 iurata
1185 4445 1215 4500 Β.
1247 4443 1316 4498 i’etri
1352 4442 1509 4500 cathedram
1538 4451 1633 4498 sancta
1661 4441 1816 4498 celebrabat
1851 4439 1983 4506 Ecclesia,

329 4542 380 4604 est,
395 4533 465 4591 nibil
478 4533 532 4589 arbi
545 4532 674 4603 voluptas
688 4533 854 4590 vendicavit.
869 4534 1039 4590 1111111111
1054 4547 1133 4590 arro·
1186 4531 1426 4602 chrysopolitanus
1450 4530 1673 4602 arnitiapiscopus
1697 4531 1755 4600 (tl)
1770 4528 1879 4584 abbatis
1900 4525 1987 4583 bene·

328 4624 443 4696 quoia,
457 4622 529 4679 nibil
550 4622 579 4677 in
592 4635 720 4680 sermons
741 4622 880 4691 vanitatis,
895 4631 967 4678 totus
979 4623 1131 4680 santumn-
1186 4620 1305 4677 dictione
1331 4617 1498 4676 sublimarit.
1521 4619 1659 4690 susceptis
1680 4618 1774 4689 itaque
1801 4613 1983 4688 pastoralibus

327 4712 413 4780 niam,
426 4719 500 4769 totus
512 4712 678 4766 monacnum
695 4710 870 4784 loquebatur.
894 4711 935 4766 iix
949 4711 1045 4768 babitu
1059 4725 1131 4782 quo·
1186 4709 1320 4776 excubiis,
1343 4708 1391 4764 Dei
1415 4721 1509 4764 wreus
1532 4721 1569 4763 ex
1584 4707 1755 4779 promotione
1776 4705 1879 4761 nullam
1906 4705 1985 4759 traxit

328 4817 381 4872 que
401 4799 538 4868 monaobi,
561 4807 635 4854 tanta
653 4815 735 4856 servo
756 4799 806 4856 ilci
819 4801 909 4873 graia
931 4801 1049 4856 accessit
1061 4809 1090 4855 ut
1103 4797 1171 4858 etD
1186 4797 1370 4866 insolentiam,
1387 4797 1490 4853 nullum
1505 4796 1576 4854 vitiis
1595 4809 1733 4852 accessum
1747 4793 1869 4860 indulsit,
1887 4792 1939 4848 sub
1953 4807 1987 4849 eo

328 4896 416 4960 petar,
430 4887 478 4961 qui
492 4887 581 4944 minus
595 4888 652 4956 (tt)
666 4903 741 4960 agre
765 4888 862 4944 tulerat
875 4903 985 4946 surum
997 4886 1050 4944 filii
1063 4903 1131 4960 pro-
1185 4889 1287 4960 quippe
1301 4889 1452 4944 animarum
1467 4885 1589 4953 custode,
1605 4897 1656 4940 nso
1669 4881 1920 4952 delietcjudictum,
1936 4895 1987 4936 nec

329 4976 460 5048 pontum,
474 4991 540 5033 curu
557 4975 639 5033 solito
652 4977 757 5034 dicuat
769 4977 963 5047 pulobrioram.
1184 4975 1313 5045 selinon
1332 4973 1420 5030 delent
1431 4973 1640 5031 incrementum.
1655 4973 1751 5026 lotam
1762 4969 1823 5039 ajune
1837 4971 1922 5026 vitam
1939 4969 1981 5027 rel

364 5068 391 5120 ³.
407 5065 574 5122 Praeluoabat
585 5065 645 5134 ism
664 5066 694 5120 in
712 5080 745 5122 eo
759 5065 905 5138 pastoleris
918 5065 1058 5136 plenitudo
1071 5066 1132 5122 sol·
1185 5064 1347 5130 1111111111,
1373 5064 1416 5118 tal
1432 5064 1538 5117 liat-tta
1559 5059 1725 5116 vendicavit.
1745 5059 1871 5114 Lectione
1881 5059 1988 5113 ineatis-

332 5153 482 5211 lieitutliaia
496 5153 540 5210 oui
554 5168 610 5210 non
623 5153 712 5210 minas
726 5156 889 5226 suppetebat
903 5170 998 5211 census
1011 5154 1048 5212 ad
1062 5169 1132 5211 son·
1184 5152 1259 5220 bilis,
1283 5150 1450 5207 orationibus
1474 5149 1608 5216 insistens,
1639 5147 1859 5217 omnitempore
1886 5145 1988 5220 pmibit

370 5275 408 5346 (8)
431 5273 511 5350 lingo
534 5274 677 5348 episcopus
704 5277 968 5344 Antimiodorensis,
991 5275 1131 5332 isamberti
1221 5275 1278 5346 (11)
1293 5275 1402 5330 Mallem
1417 5273 1519 5348 legere,
1536 5271 1628 5328 nimis.

333 5347 440 5430 ΜΨ*
453 5347 642 5428 mmmm?
655 5347 735 5414 mimi
754 5350 800 5428 (Ιώ
815 5351 931 5430 θοῦθῗιῖθ
944 5353 1062 5414 ⁴⁰²⁸¹¹⁰⁹
1079 5363 1127 5403 ¹¹⁰·
1213 5361 1278 5447 ’(11)
1292 5371 1496 5430 Pateutriucense
1505 5367 1670 5440 coenobtnm,
1687 5370 1823 5444 prioratus
1838 5371 1864 5426 in
1877 5373 1988 5428 dimensi

333 5421 405 5472 ibin
412 5419 570 5473 interfuisse
578 5418 687 5490 iegttur,
704 5426 731 5475 et
741 5420 851 5474 uidetur
863 5435 964 5475 sturme
979 5421 1016 5474 ed
1030 5433 1132 5473 annum
1185 5445 1362 5502 huwuensi·

332 5489 442 5544 circiter
462 5490 543 5544 toto.
565 5491 621 5545 Sed
642 5489 779 5559 quomodo
801 5491 860 5561 ejus
884 5504 1022 5563 pronepos
1039 5497 1133 5546 noster
1655 5538 1661 5552 ,

334 5559 440 5641 linqui
454 5559 588 5616 Fortassis
600 5576 635 5614 ax
649 5560 748 5615 sororis
771 5559 826 5616 filio
840 5569 886 5616 aut
900 5559 956 5616 iilis
967 5568 1055 5626 natus,
1068 5572 1132 5614 narn
1188 5617 1194 5627 ,
1221 5545 1277 5616 (13)
1293 5541 1427 5624 1111110111
1445 5539 1467 5596 ῙῙ
1483 5549 1599 5610 milii»
1616 5555 1662 5616 2¹¹¹
1678 5555 1748 5598 ³¹¹¹¹⁰
1764 5543 1832 5598 ¹⁰²⁶
1848 5547 1989 5597 ⁰⁰i⁰¹¹⁰¹¹¹⁸

332 5627 579 5686 Autissiodorensis
605 5630 761 5700 episcopus,
775 5629 872 5688 unicus
894 5630 963 5702 putri
987 5629 1037 5686 init
1050 5627 1131 5696 fiius.
1186 5623 1343 5687 ¹¹¹¹l³⁸ffi²⁰b
1361 5612 1429 5670 ΟΜ
1449 5613 1530 5669 ¹⁰5⁶·
1872 5697 1878 5710 .

334 5708 362 5756 11
384 5699 448 5756 1111
473 5699 555 5757 etiem
579 5698 668 5756 neres
690 5703 852 5766 nomlutns;
878 5701 923 5774 qui
945 5700 999 5770 111,
1024 5705 1053 5760 ut
1067 5700 1133 5758 alibi
1221 5706 1281 5774 (tt)
1308 5701 1366 5760 Fuit
1394 5701 1437 5758 llic
1451 5702 1534 5758 etiam
1558 5701 1635 5774 Huqo
1654 5700 1755 5768 dictus,
1771 5697 1989 5756 vesontionensis

335 5785 421 5864 saepe,
436 5769 598 5827 Consulatus
613 5771 778 5826 nominatur.
1186 5775 1268 5844 liujus
1282 5769 1398 5830 nominis
1420 5773 1565 5844 episcopus
1583 5771 1701 5844 primus,
1717 5769 1764 5844 qui
1779 5767 1813 5824 ab
1833 5784 1904 5824 anno
1920 5772 1985 5824 1031

372 5843 412 5913 ,9)
427 5841 461 5896 Β.
477 5839 600 5897 onltoms
615 5839 704 5897 l'rtsm
718 5843 843 5898 dedimus
865 5845 877 5896 t
893 5841 1024 5898 ianuarii.
1184 5847 1219 5901 ad
1237 5843 1303 5902 1110
1319 5841 1413 5900 sedent
1428 5845 1523 5900 tenmt.

373 5915 431 5985 (11)
446 5913 582 5983 impressa
595 5913 684 5968 minus
698 5922 772 5972 reate
791 5911 934 5971 edisceret.
1325 5951 1326 5956 κ
