4750 6725
315 630 369 684 '133
973 630 1054 689 VtTit
1073 630 1103 688 S.
1122 630 1300 690 wttttunt.
1917 640 1969 695 'ibi

314 767 368 810 nus
381 752 477 811 hastis.
493 752 615 824 Quorum
628 769 696 812 unus
716 755 763 829 qui
790 758 868 829 quasi
896 758 957 816 loco
984 758 1115 833 principis
1128 756 1156 819 Α
1170 774 1223 831 qaia
1239 758 1312 815 ioeda
1325 758 1484 830 garrulitate
1498 768 1524 817 ct
1539 760 1655 819 leminea
1670 762 1833 836 loquacitate
1848 762 1968 819 derisum
2008 826 2017 837 Ι

314 842 448 899 intereos
462 842 627 916 habebatur,
656 848 857 918 excussoquod
886 862 967 904 manu
995 854 1118 906 tenuerat
1170 846 1281 917 abjecit.
1298 849 1373 923 Ergo
1388 849 1697 923 inclytnsheros,sooiis
1712 853 1972 924 etopibusomniex

316 930 382 1005 telo,
398 931 477 988 militi
493 932 589 989 Christi
606 933 680 990 ioedo
694 950 741 991 ore
755 936 981 993 conviciabatur:
1001 962 1012 987 ι
1029 939 1116 995 Dela·
1170 945 1247 1008 parte
1261 938 1393 1009 privatus,
1408 939 1443 994 ad
1467 956 1540 1009 suos,
1556 949 1636 1011 prout
1651 942 1747 1013 potnit,
1777 943 1846 998 inter
1860 941 1970 1013 iniquo-

316 1029 370 1091 tor,
385 1021 520 1094 inquiens,
536 1022 633 1094 patriae
653 1023 780 1095 petulans
799 1033 826 1080 et
839 1024 1004 1083 moribunde
1018 1027 1116 1097 viator,
1171 1041 1233 1081 rum
1245 1042 1343 1083 manus
1358 1044 1418 1083 sese
1433 1030 1577 1100 convertit,
1592 1038 1674 1101 atque
1688 1031 1717 1086 in
1731 1030 1776 1085 his
1790 1030 1880 1087 verbis
1894 1029 1971 1086 brevi

315 1116 345 1167 tu
372 1110 483 1181 quidem
506 1111 663 1184 jampriden
691 1113 798 1171 Gallica
824 1122 929 1185 sceptra
956 1116 1074 1184 violasti,
1089 1125 1117 1173 tu
1171 1112 1207 1169 ad
1234 1130 1284 1171 eoa
1312 1116 1463 1173 orationem
1491 1117 1565 1174 lecit.
1581 1140 1592 1168 a
1609 1118 1971 1191 Nonvos,inquit,domini

317 1200 424 1256 Gallica
439 1216 503 1257 rura
515 1201 735 1273 pessumdedisti,
752 1210 780 1259 tn
804 1202 938 1260 Gallicam
966 1205 1117 1262 libertatem
1171 1202 1269 1259 tratres
1285 1212 1312 1260 et
1323 1202 1369 1259 lilii
1386 1205 1448 1274 mei,
1460 1222 1514 1261 non
1529 1222 1578 1263 vos
1602 1208 1661 1263 haec
1675 1222 1735 1279 quae
1763 1208 1841 1263 nobis
1867 1206 1972 1281 ingeri-

314 1289 346 1344 in
359 1289 515 1347 servitutem
531 1290 749 1364 madegaticum
779 1292 1047 1364 tyranuumanobis
1059 1295 1117 1366 jam
1171 1299 1215 1347 tur
1242 1292 1344 1362 injuria
1368 1294 1467 1363 turbet,
1496 1310 1547 1351 nec
1561 1310 1578 1350 a
1592 1296 1712 1352 ueritatis
1741 1296 1846 1353 tramite
1860 1310 1971 1369 quoquo

314 1378 383 1433 olim
397 1380 549 1434 exsiliatum
565 1386 609 1435 tna
624 1380 752 1437 instantia
773 1380 800 1436 in
814 1398 928 1454 regnum
942 1382 1116 1440 constituisti.
1171 1381 1253 1436 modo
1269 1382 1422 1453 proturbet.
1442 1384 1503 1438 Prae
1518 1384 1601 1439 oculis
1615 1400 1723 1457 semper
1735 1385 1834 1441 habete
1850 1384 1971 1441 :Omnes

313 1468 351 1523 At
363 1466 450 1539 ipsius
464 1467 728 1543 quidemcrndelitaa
741 1470 895 1542 justissima
909 1480 997 1528 morte
1012 1472 1116 1544 punita,
1170 1470 1219 1542 qut
1233 1471 1332 1527 colant
1347 1472 1494 1530 inchristo
1505 1474 1550 1545 pic
1567 1476 1666 1543 cincre,
1683 1473 1835 1531 necessario
1857 1472 1971 1528 tribula-

315 1563 344 1612 te
358 1572 466 1631 quoqne
478 1564 571 1628 utpote
585 1557 736 1613 maximum
757 1574 816 1615 sua
842 1558 940 1615 mortis
968 1568 1116 1630 auctorem,
1171 1556 1272 1613 tionem
1287 1560 1343 1630 pati
1358 1570 1482 1632 oportere
1497 1560 1535 1631 (tt
1557 1564 1625 1617 Tlm.
1642 1578 1684 1630 ru,
1700 1562 1753 1632 ta).
1786 1564 1883 1619 Verum
1909 1560 1973 1617 licat

318 1651 355 1715 te,
372 1643 493 1717 inquam,
505 1646 602 1703 eadem
616 1650 704 1703 morte
719 1647 957 1718 puniendumesse
971 1648 1116 1705 declamat.
1169 1645 1248 1716 impii
1277 1647 1311 1703 ad
1339 1655 1445 1719 tompus
1473 1649 1527 1721 piis
1543 1651 1692 1721 praevalere
1707 1649 1856 1720 rideantur,
1881 1658 1972 1705 tamea

314 1734 471 1791 Procumbo
484 1733 590 1807 igiitur‚
605 1735 728 1807 pestifer,
744 1738 904 1808 procumbe,
920 1746 947 1795 et
973 1737 1059 1813 digna
1071 1738 1117 1794 nl·
1170 1750 1224 1790 non
1253 1736 1292 1792 sio
1302 1752 1413 1807 semper
1440 1738 1499 1794 erit.
1516 1738 1574 1794 Erit
1588 1740 1660 1794 enim
1675 1742 1782 1810 tempus
1793 1754 1854 1795 cum
1865 1745 1891 1795 et
1905 1737 1968 1809 pin-

314 1822 390 1880 tione
404 1824 559 1892 mulctatus,
571 1823 661 1881 eidem
671 1840 752 1897 quam
767 1835 863 1882 contra
876 1842 925 1883 nos
936 1826 1024 1884 fovisti
1035 1832 1117 1887 morti
1170 1839 1230 1878 rum
1255 1825 1392 1881 tribulatio
1420 1826 1532 1895 perenni
1567 1828 1661 1884 laetitia
1679 1827 1905 1896 remunerabitur,
1943 1832 1971 1882 et

313 1912 473 1970 succumbe,
491 1914 550 1970 »Et
565 1913 753 1971 paternorum
768 1932 775 1969 :
794 1937 805 1964 ι
823 1916 851 1971 Si
866 1931 920 1972 non
932 1918 1002 1988 jure,
1018 1918 1116 1991 inquit,
1169 1912 1315 1984 impiorum
1330 1915 1446 1985 superba
1458 1916 1542 1974 elatio
1555 1918 1671 1989 perenni
1693 1916 1801 1972 tristitia
1828 1914 1965 1989 punietur.

314 1998 368 2058 leci
383 2018 445 2058 cum
458 2017 555 2075 regern
570 2018 657 2075 regno
671 2003 771 2075 injuste
785 2003 940 2076 depulsum,
949 2016 1078 2079 quantmn
1089 2009 1117 2064 in
1169 2000 1224 2057 Sed
1239 2016 1273 2058 ne
1287 2002 1426 2059 tribulatio
1441 2019 1490 2060 ros
1504 2006 1532 2059 in
1545 2004 1744 2076 impatientiam
1759 2012 1832 2076 agat,
1848 2002 1970 2059 animad-

310 2105 359 2145 me
372 2088 432 2159 tuit,
447 2090 627 2147 haereditariae
649 2092 775 2165 dignitati
801 2094 929 2164 praeseci,
945 2103 972 2151 et
998 2098 1050 2152 boc-
1075 2097 1114 2153 ita
1126 2112 1155 2179 B
1169 2090 1265 2147 vertite
1280 2106 1398 2164 quonam
1413 2092 1495 2148 modo
1518 2106 1586 2149 cana
1600 2093 1971 2165 patrumseriesmultasper·

310 2194 434 2251 penessa
444 2178 655 2253 essejustissimi
663 2180 765 2252 judicis
780 2182 894 2254 aequitas
909 2183 1000 2251 habet,
1016 2185 1113 2255 fateor,
1169 2194 1253 2250 pessa
1273 2179 1469 2249 tribulationes,
1486 2196 1537 2253 per
1551 2182 1711 2254 patientiam
1726 2183 1833 2251 meruit,
1849 2183 1907 2237 Deo
1919 2182 1969 2251 ju·

312 2265 514 2338 poenssjnstas
529 2268 992 2344 ultionispromptissimependam.
1008 2272 1116 2345 Quodsi
1169 2276 1260 2335 rante,
1290 2268 1397 2325 vincere
1425 2268 1589 2341 multiplices
1604 2271 1711 2327 hostes.
1741 2272 1799 2327 Neo
1824 2269 1852 2326 id
1871 2277 1967 2326 restrae

312 2370 488 2427 nequaquem
515 2356 569 2414 boo
596 2357 624 2414 in
651 2359 723 2415 tacto
746 2360 906 2433 contrarius,
921 2362 969 2417 sed
983 2379 1044 2419 eum
1053 2364 1115 2433 jur-0
1169 2356 1252 2411 manti
1282 2356 1415 2413 ullatenus
1437 2358 1501 2415 volo
1524 2360 1632 2429 abesse,
1655 2360 1792 2415 nemiuem
1819 2355 1968 2415 secundum

317 2444 384 2513 feci,
395 2444 536 2517 relutipss
545 2462 610 2502 mox
619 2445 778 2505 innocentia
791 2449 889 2504 mentis
911 2449 978 2505 mihi
992 2457 1114 2522 testatur,
1168 2444 1292 2515 Apostoli
1306 2444 1409 2502 dictam
1424 2462 1504 2519 posse
1519 2446 1654 2515 coronari,
1671 2448 1720 2503 nisi
1737 2448 1781 2518 qui
1796 2454 1890 2503 contra
1903 2446 1967 2502 dia·

309 2548 345 2589 eo
362 2532 503 2601 libentius,
518 2533 541 2589 si
556 2534 637 2592 vultis
650 2535 785 2606 occidere,
800 2536 870 2593 mori
898 2537 1036 2608 desidero,
1061 2556 1115 2612 quo
1168 2530 1263 2588 bolum
1277 2533 1406 2590 studuerit
1419 2534 1541 2608 legitime
1561 2537 1698 2593 decertare
1720 2536 1758 2609 (ll
1784 2536 1853 2593 Tim.
1882 2550 1913 2606 n,
1929 2534 1967 2605 b).

309 2636 356 2677 me
370 2636 419 2693 pro
432 2620 537 2693 justitia
550 2623 671 2681 occisum
685 2624 808 2697 martyrii
822 2625 912 2699 gloria
926 2628 1115 2683 coronandum
1167 2620 1204 2675 tn
1218 2622 1666 2697 certehujusternporiscertamina
1675 2624 1968 2697 parvipendenda,neo

311 2710 375 2766 lore
391 2710 550 2767 considero.
570 2735 583 2762 s
601 2712 705 2780 Quibus
719 2713 810 2783 dictis,
825 2714 871 2770 uhi
889 2714 1115 2771 videruntvirum
1167 2708 1283 2766 multum
1297 2711 1400 2767 diutina
1415 2730 1422 2767 r
1439 2728 1489 2783 per
1503 2714 1549 2768 illa
1565 2720 1655 2770 tamen
1669 2722 1769 2771 atoma
1798 2713 1912 2769 solicitas
1939 2718 1967 2767 et

309 2802 387 2854 muta
400 2799 500 2855 mantis
520 2801 670 2857 consuntia
696 2801 756 2871 niti,
770 2802 854 2859 nimio
882 2810 984 2859 terrore
998 2804 1115 2875 perculsi
1168 2794 1235 2853 felix
1248 2800 1385 2855 aetarnitas
1399 2800 1475 2872 regni
1490 2800 1539 2856 Dei
1550 2810 1734 2872 comparatur.
1763 2800 1850 2871 Quam
1875 2798 1965 2856 leiloi-

311 2902 391 2942 arma
413 2888 569 2959 projiciunt,
599 2896 676 2947 terras
702 2891 894 2963 procumbunt,
921 2892 972 2948 viri
998 2892 1115 2967 vestigia
1168 2893 1385 2958 talemquese,
1410 2888 1631 2960 iratres,amate‚
1648 2906 1708 2946 earn
1724 2889 1902 2959 desiderate;
1930 2888 1965 2944 ad

307 2975 411 3033 osculis
423 2981 528 3048 petunt,
545 2978 653 3033 neniam
669 2986 800 3050 quaemnt.
817 2979 1112 3050 Qnaeadsuumvotun
1167 2990 1228 3030 earn
1255 2976 1355 3033 tendite
1376 2984 1457 3049 atque
1472 2979 1507 3035 ad
1523 2992 1584 3035 eam
1612 2978 1756 3049 pervenire
1784 2986 1838 3035 tota
1866 2976 1965 3033 mentia

307 3063 418 3119 inventa
442 3065 501 3137 ejus
518 3065 709 3123 bencdictione
737 3066 826 3139 ditati,
855 3069 907 3125 viae
933 3070 1110 3142 prosperitati
1166 3062 1457 3138 intentionesategite.
1477 3066 1592 3135 Quodsi
1611 3067 1738 3137 leocritia,
1754 3066 1876 3138 prolecto
1897 3063 1966 3121 nihil

307 3152 466 3225 pontificem
494 3169 557 3211 cnm
585 3154 641 3211 suis
668 3156 794 3213 omnibus
814 3156 931 3213 reddunt
945 3178 953 3227 ;
968 3159 1022 3230 ipsi
1036 3167 1112 3217 cerro
1166 3153 1222 3209 erit
1235 3169 1317 3226 quare
1331 3155 1407 3211 istius
1418 3156 1481 3211 vita
1495 3157 1611 3213 adversa
1620 3155 1780 3213 formidetis.
1793 3178 1804 3205 ι
1822 3154 1872 3211 Vix
1882 3152 1968 3211 rerba

306 3240 406 3299 itinera
424 3250 552 3315 pergunt.
1166 3242 1361 3314 compleuerat,
1378 3260 1438 3300 cum
1454 3260 1516 3301 ecce
1531 3246 1559 3301 in
1586 3260 1702 3315 quonam
1727 3243 1853 3301 manibus
1880 3242 1966 3299 strin-

1165 3331 1289 3405 gebatur,
1306 3333 1404 3390 acriori
1420 3334 1511 3391 lurore
1522 3348 1557 3390 ex
1572 3332 1639 3405 ipsis
1651 3333 1743 3392 verbie
1757 3332 1875 3402 accensi,
1903 3346 1965 3390 eum

1164 3423 1194 3476 in
1210 3422 1353 3478 tenebrosa
1366 3437 1474 3480 carcere
1484 3424 1605 3480 vinetum
1619 3423 1795 3480 detruserunt.

344 3365 391 3422 38.
406 3368 574 3426 Perveniens
592 3370 698 3428 virbei
725 3371 893 3443 Brittaniam,
920 3373 980 3447 regi
1007 3373 1111 3432 litteras

306 3471 377 3528 quas
390 3456 425 3512 ab
438 3458 590 3528 apostolica
603 3459 668 3516 sede
682 3467 826 3533 acceperat
839 3460 945 3532 detulit,
955 3470 983 3518 et
997 3479 1109 3520 aarum·
1123 3467 1150 3532 c

307 3542 375 3600 dem
403 3543 552 3602 litterarum
578 3547 738 3605 anctoritate
750 3549 893 3619 subnixus,
917 3551 948 3604 in
974 3559 1111 3608 conventu
1200 3546 1249 3602 39.
1277 3545 1466 3604 Ooonstantia
1484 3548 1534 3602 viri
1551 3546 1557 3603 l
1574 3547 1613 3604 sic
1628 3549 1699 3604 enim
1715 3548 1752 3604 tui
1780 3547 1879 3615 cordis,
1895 3561 1963 3604 san-

306 3631 443 3691 nobilium
473 3649 551 3690 susm
573 3651 685 3693 cnumm
701 3636 764 3694 virs
777 3652 845 3694 voce
871 3637 1002 3707 defendit,
1029 3654 1112 3710 seque
1164 3633 1286 3692 ctissime
1301 3635 1390 3703 Pater,
1406 3635 1571 3694 hilaritatem
1585 3635 1615 3690 in
1639 3639 1715 3690 tanta
1729 3643 1773 3692 tua
1802 3635 1964 3692 adversitate

307 3719 377 3778 laiso
391 3731 593 3780 emusatutnac
606 3724 709 3796 injuria
737 3724 917 3799 degradatum
939 3724 1109 3798 liberapro-
1163 3723 1355 3791 santonensis
1369 3723 1511 3780 considero
1525 3725 1639 3780 hilarem
1655 3733 1680 3780 to
1694 3739 1755 3780 ease
1770 3724 1870 3791 sotere,
1900 3738 1962 3778 cuns

308 3809 454 3867 testatione
466 3811 596 3870 ostendit.
611 3812 671 3870 Rex
684 3821 776 3869 autem
792 3822 894 3886 quanto
921 3812 998 3870 illum
1012 3814 1110 3884 majori
1163 3812 1255 3868 omnia
1277 3827 1407 3884 prospera
1435 3813 1482 3870 tibi
1506 3813 1669 3869 videbantur
1687 3813 1818 3868 arridere.
1845 3811 1961 3868 Tumens

308 3897 435 3955 reritatss
462 3899 710 3958 rationevsllstum
724 3902 847 3974 agnovit,
866 3909 941 3959 tanto
964 3918 994 3959 se
1008 3901 1111 3960 minori
1164 3916 1199 3956 ne
1225 3899 1336 3971 pietatis
1364 3901 1470 3958 viscera
1492 3899 1582 3957 intais
1600 3901 1662 3958 liliis
1675 3901 1843 3972 aliquatenus
1866 3899 1961 3972 perdi-

308 3985 432 4043 ren'tatis
445 3987 549 4045 mdono
563 3987 702 4045 suffultum
722 3988 847 4060 indoluit,
876 4005 1033 4062 moremque
1059 4006 1111 4047 ne·
1164 3988 1237 4044 disse
1251 3989 1390 4059 videreris,
1423 4005 1517 4046 eorum
1545 3989 1635 4062 potius
1658 4006 1739 4062 qnam
1754 3989 1807 4046 tuis
1820 3987 1959 4057 erumnis,

311 4074 506 4146 annumerem
519 4075 653 4145 intutus,
667 4077 765 4134 maluit
778 4077 807 4134 in
820 4093 871 4134 sua
885 4079 1033 4150 pertinacia
1046 4095 1111 4137 con·
1163 4079 1223 4149 pias
1237 4077 1372 4150 lacrymas
1385 4078 1568 4151 impendebas
1583 4099 1590 4136 :
1606 4086 1634 4136 et
1648 4095 1710 4136 cum
1726 4086 1751 4134 te
1765 4093 1857 4134 carcer
1883 4086 1961 4134 tene-

309 4164 522 4235 trscequitatem
544 4165 704 4236 perdurare,
737 4182 818 4238 quam
846 4167 981 4238 aequitatis
1006 4168 1111 4224 ratione
1164 4165 1430 4238 hrosusinrolrerat‚
1447 4169 1535 4241 magis
1554 4166 1667 4224 dolebas
1694 4168 1838 4224 cbeorum
1853 4166 1964 4222 ansibus

310 4267 389 4310 susm
402 4253 579 4324 pertinaciam
593 4254 728 4328 mitigare.
756 4255 833 4312 Hanc
859 4271 926 4312 vero
953 4257 994 4312 sui
1020 4256 1110 4313 cordia
1165 4255 1229 4312 ritae
1243 4256 1328 4312 rerba
1342 4257 1470 4328 separari,
1486 4272 1570 4329 quern
1595 4265 1620 4312 te
1647 4255 1796 4328 praesentis
1822 4270 1963 4325 corporeas

311 4341 468 4398 socordiam
475 4343 830 4416 magnopereconfinnabat
843 4344 1015 4415 antiquorum
1031 4344 1108 4401 dela·
1164 4343 1233 4400 lucis
1246 4345 1367 4416 spoliari.
1383 4345 1486 4401 luterni
1500 4345 1717 4401 etenimluminis
1731 4342 1960 4416 fulgorenitebas,

310 4438 398 4486 torum
411 4430 563 4488 inaetmnta
577 4431 725 4500 discordia,
740 4432 806 4488 darn
822 4432 874 4503 ipsi
893 4449 963 4506 qnos
976 4433 1109 4505 ipsajam
1165 4447 1220 4503 quo
1246 4433 1398 4490 oarcmalcs
1425 4432 1552 4490 tenebras
1574 4447 1624 4504 pro
1653 4431 1737 4488 nihilo
1765 4429 1960 4488 contendebas.

308 4519 428 4590 repletos
440 4519 612 4592 possidebat,
634 4537 737 4578 venena
751 4537 807 4579 snae
821 4521 1000 4596 malignitatis
1027 4523 1109 4595 regiis
1164 4520 1255 4591 Quare
1277 4537 1337 4578 cunr
1364 4521 1463 4578 divina
1489 4521 1558 4576 iacis
1586 4519 1759 4593 splendorem
1795 4520 1868 4574 Deus
1894 4518 1922 4574 in
1937 4526 1962 4573 te

308 4606 422 4665 nuribus
431 4607 620 4666 intendebant.
637 4609 748 4682 Propria
757 4611 851 4682 itaque
865 4627 913 4666 rex
936 4611 979 4666 ira
992 4619 1110 4670 anemius
1163 4609 1257 4684 rigare
1270 4618 1461 4681 conspexerat,
1478 4610 1604 4666 humanis
1618 4608 1736 4666 tenebris
1750 4617 1777 4665 te
1790 4621 1960 4678 nequaquam

306 4703 336 4753 et
349 4694 535 4754 mdneenhum
547 4713 578 4754 se
593 4697 748 4755 adulatione
763 4715 780 4756 a
793 4715 861 4756 uero
875 4701 1029 4767 distraetus,
1040 4699 1110 4756 litte·
1163 4698 1209 4754 diu
1218 4697 1305 4771 premi
1314 4698 1437 4769 permisit
1452 4717 1458 4762 ;
1475 4699 1522 4754 scd
1536 4698 1638 4754 eisdem
1653 4697 1758 4769 iugatis
1772 4695 1876 4754 radium
1905 4709 1963 4752 sua

307 4785 509 4856 resspostolici
522 4801 603 4859 papae
617 4787 719 4844 tumido
748 4787 820 4844 tastu
848 4788 985 4859 despexit,
1010 4788 1106 4859 despi-
1159 4788 1231 4844 ‘lucis
1246 4787 1339 4846 domui
1359 4803 1439 4857 quarn
1466 4786 1636 4842 inhabitabas
1649 4785 1769 4842 immisit.
1798 4787 1837 4840 ilc
1851 4781 1960 4856 quidem

308 4870 406 4930 ciendo
420 4873 514 4943 irrisit,
528 4874 669 4932 irridendo
682 4891 699 4932 e
712 4891 744 4932 se
756 4877 852 4946 procul
864 4876 1017 4946 abjecit,ao
1030 4877 1058 4932 in
1069 4877 1108 4932 ia·
1162 4875 1268 4934 merito.
1279 4875 1350 4932 Nam
1365 4876 1428 4946 quia
1453 4874 1573 4948 peruigil
1582 4881 1691 4930 aeternae
1701 4874 1754 4930 luci
1771 4881 1825 4930 tam
1850 4871 1879 4928 in
1907 4886 1960 4928 no-

307 4961 413 5018 mnium
440 4962 492 5020 Dei
532 4964 693 5036 nequissimi
716 4964 848 5021 delatoris
876 4965 978 5024 crimen
1005 4965 1108 5037 injecit.
1161 4963 1212 5022 ctis
1235 4979 1320 5037 quam
1347 4965 1375 5020 in
1393 4964 1510 5020 carceris
1530 4966 1644 5020 horrore
1657 4960 1815 5032 assistebas,
1845 4960 1960 5032 dignurn

310 5049 397 5106 Tanta
423 5050 497 5124 regia
523 5051 712 5124 indignatione
724 5053 847 5109 nonnulli
862 5052 983 5123 clientes,
998 5053 1055 5110 imo
1082 5061 1110 5111 et
1162 5053 1240 5110 duxit
1254 5053 1296 5110 sni
1309 5052 1418 5110 luminis
1441 5051 1600 5108 effusionem
1616 5051 1734 5124 signare,
1764 5047 1893 5120 operibus
1908 5047 1962 5103 tuis

310 5137 411 5211 quique
437 5139 544 5196 nobiles
570 5139 673 5213 oppido
699 5143 826 5211 permoti,
855 5142 988 5197 unanime
1014 5158 1110 5200 omnes
1161 5149 1188 5199 et
1202 5140 1313 5215 caligini
1324 5141 1496 5198 tenebrarum
1524 5139 1591 5194 nihil
1620 5154 1679 5196 esse
1700 5152 1855 5195 commune.
1884 5136 1962 5193 Hanc

309 5235 406 5284 contm
430 5228 541 5286 beatum
567 5228 767 5300 conspiratione
793 5230 946 5302 insurgunt,
970 5247 1004 5287 ac
1018 5231 1110 5288 multis
1162 5230 1272 5288 luminis
1290 5229 1453 5288 effusionem
1481 5227 1623 5286 custodum
1652 5226 1749 5300 vigilia
1785 5233 1959 5299 protestatur,

309 5330 372 5370 eum
399 5315 711 5375 contumeliisnfficiunt
726 5335 733 5382 ;
749 5326 776 5374 ct
789 5333 843 5390 quo
863 5319 947 5391 regies
974 5317 1109 5388 majestati
1162 5319 1317 5391 qnaaciroaa
1340 5319 1438 5376 mediae
1452 5317 1538 5374 noctis
1552 5316 1647 5373 horam
1662 5331 1802 5374 carcerem
1818 5315 1886 5372 mire
1907 5314 1962 5371 lul-

309 5403 387 5460 sead
401 5403 514 5476 plenum
527 5403 622 5462 fideles
642 5405 763 5463 existere
790 5415 950 5476 monstrent,
978 5406 1108 5478 indigna·
1162 5417 1337 5482 gentemnoa
1353 5407 1456 5478 absone
1470 5406 1547 5478 gravi
1564 5405 1662 5464 timore
1675 5421 1735 5462 sese
1749 5403 1851 5462 vidisse
1877 5411 1961 5462 testa·

308 5492 376 5550 sioni
389 5492 539 5565 einsplene
557 5493 715 5552 mesfacere
728 5494 849 5566 cupiunt,
865 5503 892 5551 et
904 5494 955 5551 Dei
970 5495 1109 5552 hominem
1164 5505 1216 5556 tur,
1231 5496 1286 5554 Sed
1300 5497 1352 5552 hoc
1367 5493 1524 5552 testimonio
1536 5503 1560 5551 te
1589 5509 1644 5550 non
1672 5493 1780 5568 egnisse
1808 5493 1961 5566 perpendit,

308 5597 324 5636 a
339 5581 701 5656 regisconspectusrntsum
711 5583 828 5640 waaris
841 5584 898 5640 imo
910 5583 1109 5641 detrudendum
1162 5585 1210 5656 qui
1224 5581 1375 5642 sanctitatis
1390 5589 1443 5640 tua
1457 5583 1554 5640 merita
1567 5584 1646 5642 oculo
1661 5582 1735 5640 fideli
1756 5579 1963 5640 enecuissent

307 5669 452 5742 arripiant.
473 5671 682 5745 Ermsmburgis
704 5679 795 5729 sutem
822 5673 958 5730 bonorum
985 5673 1108 5730 oninium
1162 5671 1364 5745 Petriapostoli
1378 5688 1515 5730 carcerem
1543 5689 1605 5730 oum
1621 5681 1666 5729 tuo
1694 5671 1784 5745 potius
1810 5668 1962 5734 considero,

308 5761 491 5830 persecutrix,
512 5770 542 5818 et
550 5762 630 5832 bajus
642 5759 798 5820 schismatis
807 5760 982 5820 indomabilis
994 5762 1108 5832 sumna,
1161 5761 1423 5835 teqaesibiaocepta
1450 5760 1611 5819 liberatione
1624 5761 1781 5834 euangelica
1800 5759 1828 5816 in
1855 5755 1964 5826 laminis

307 5864 368 5906 sese
378 5848 408 5905 in
422 5849 574 5922 direptione
589 5850 666 5908 illius
680 5849 800 5908 mediam
809 5851 953 5920 immersit,
968 5852 1108 5924 capsulam
1162 5851 1317 5909 ostensione
1328 5849 1481 5926 comparari
1490 5853 1663 5908 vehementer
1672 5849 1787 5906 exsulto.
1803 5847 1963 5918 Quanquam

305 5936 480 6014 reliquiarum
495 5937 530 5999 de
543 5938 630 6012 ipsios
643 5939 715 6001 collo
729 5940 882 6016 procaciter
895 5941 1015 6012 abstulit,
1031 5956 1109 5999 cum·
1161 5949 1222 6018 post
1237 5940 1295 6000 haec
1322 5947 1347 5999 ct
1362 5940 1554 6018 archangelica
1567 5938 1708 5997 Michaelis
1722 5935 1877 5996 visitatione
1891 5933 1930 5999 sis
1944 5951 1960 5994 a
