4750 6725
362 478 416 537 tte

611 474 809 533 saliebant
828 473 1000 532 CANTUAR.
1020 472 1183 531 ARCHIEP.
1200 472 1277 534 OPP.
1293 474 1380 533 PARS
1395 476 1442 531 lll.
1458 506 1494 518 —
1515 474 1709 534 EPISTOLAE.

1963 476 2014 533 tls

364 620 437 672 sum,
449 611 479 659 ut
490 618 599 675 semper
613 603 648 657 ad
666 602 781 657 meliora
796 600 904 657 solliciti
932 599 991 655 sitis
1019 599 1163 671 prolicere,
1179 601 1209 667 Α
1225 610 1288 657 sunt
1301 600 1419 665 utilitati,
1431 618 1493 657 mea
1508 611 1580 671 sunt,
1597 607 1624 659 et
1639 618 1706 659 rneae
1726 602 2015 674 subjaceotpotestati;

367 693 555 754 etnultatenus
568 693 605 747 ah
616 692 657 747 his
670 690 706 747 ad
721 706 783 762 qnae
799 706 849 755 vos
866 690 914 745 Dei
928 690 1019 763 gratia
1030 690 1165 761 prorexit,

365 782 494 841 deficere.
510 781 683 839 adinvicem
697 780 845 837 secundum
861 780 948 835 Deum
962 778 1116 835 dilectionis
1139 786 1167 833 et

366 872 519 940 concordie
532 871 703 927 dulcedinem
717 879 835 936 serrata,
850 867 952 925 ordinis
966 868 1051 925 vestri
1073 867 1166 922 disci-

369 962 487 1018 ctionem
509 961 568 1016 sine
587 957 760 1015 simulatione
786 966 886 1026 amate,
915 959 999 1014 corda
1021 965 1109 1013 restra
1130 956 1168 1011 ad

367 1050 525 1110 societatem
540 1048 700 1121 angelorum
717 1042 759 1116 ⁸⁷⁰,
775 1054 980 1118 propterquam
994 1046 1065 1102 bene
1093 1047 1166 1103 vivi-

366 1139 412 1208 tis,
424 1140 484 1194 sine
496 1137 696 1195 intermissione
709 1137 799 1193 levate
815 1150 821 1189 :
836 1136 865 1191 iu
877 1137 951 1193 ornni
961 1133 1118 1191 difficultate
1141 1142 1167 1189 st

367 1227 532 1288 adversitate
547 1226 698 1297 temporali,
724 1229 750 1284 si
763 1219 794 1253 '⁷¹
821 1225 977 1295 contigerit,
1006 1241 1040 1280 ne
1062 1224 1165 1279 bonnm

367 1315 486 1373 studium
503 1324 623 1371 vestrum
638 1314 810 1387 aliquatenus
829 1312 861 1343 '⁷’
888 1314 1072 1386 perturbetur,
1100 1329 1165 1369 con·

368 1404 529 1465 adnionem
539 1405 589 1472 Rei
623 1406 727 1461 orando
750 1411 867 1476 sperate.
897 1403 1060 1475 Ubicunque
1087 1403 1164 1471 estis,

367 1494 428 1553 aire
439 1494 468 1549 in
481 1502 630 1564 conspectu
646 1493 797 1558 hominurn,
811 1493 869 1549 sire
878 1501 980 1551 tantum
990 1493 1018 1546 iu
1045 1507 1164 1562 conspe-

364 1583 477 1651 ctullei,
494 1599 579 1654 aquo
592 1599 730 1655 nnnqmm
745 1583 861 1650 abestis,
876 1582 906 1637 in
923 1582 1050 1640 omnibus
1077 1581 1165 1637 actio·

364 1671 447 1727 nibus
459 1671 567 1739 restris,
580 1672 687 1743 magnis
701 1671 745 1728 vel
759 1671 863 1742 parvis,
877 1671 961 1727 etiam
975 1671 1002 1725 iu
1015 1671 1164 1743 cogitatio-

363 1760 446 1829 nihus
460 1776 521 1815 curn
546 1761 692 1818 Psalmista
717 1761 825 1826 animas
851 1769 955 1816 vennas
980 1759 1010 1816 ia
1036 1761 1165 1817 mamhus

367 1848 470 1907 vestris
484 1864 591 1921 semper
606 1856 722 1920 portate.
747 1850 927 1920 Omnipotens
954 1849 1029 1907 Deus
1050 1849 1090 1905 sic
1117 1865 1165 1905 vos

364 1944 490 2011 protegat
504 1936 532 1991 in
542 1938 679 2007 omnibus,
695 1947 724 1994 at
736 1938 847 2010 dirigat,
864 1947 891 1993 ut
906 1938 942 1993 ad
956 1946 1086 1994 aeternam
1100 1938 1165 1993 bea-
1180 1958 1207 2023 Β

368 2025 510 2088 titudinem
530 2042 580 2097 per
594 2026 776 2096 temporalem
794 2026 1002 2098 prosperitatem
1029 2026 1166 2097 perducat.

327 2114 331 2123 '
362 2117 463 2171 Amen.
478 2115 611 2185 Nepotem
626 2131 716 2171 mcum
732 2116 893 2176 Anselmum
912 2115 1038 2172 charitati
1059 2124 1167 2190 vestrae,

369 2204 439 2259 sicut
455 2218 564 2259 caruero
581 2218 681 2267 meam.
696 2206 943 2269 commendo‚utet
954 2205 1166 2286 discereraleat

367 2300 394 2348 et
407 2293 493 2347 vitam
509 2308 587 2347 auam
597 2291 743 2349 custodiat.
758 2293 876 2348 Domino
891 2293 1021 2360 llobccto,
1048 2294 1095 2366 qui
1116 2308 1166 2348 cu-

364 2381 451 2438 stodit
475 2381 588 2437 domum
610 2390 731 2438 nostram
759 2383 888 2453 praecipio
910 2390 940 2437 ut
966 2390 1051 2438 toturn
1075 2383 1167 2438 vinum

365 2479 490 2527 nostrum
506 2472 579 2541 quod
594 2470 749 2532 Cantuariae
767 2470 871 2540 dimisi,
887 2487 938 2526 ros
953 2473 1062 2539 tribuat,
1073 2480 1100 2527 et
1119 2487 1168 2527 se-

365 2560 484 2623 cundum
494 2559 662 2618 voluntatem
671 2561 775 2627 domini
786 2560 924 2632 priocisiu
941 2568 1063 2617 restrum
1087 2578 1167 2618 usum

363 2647 507 2722 expetat

521 2738 605 2808 396
622 2755 794 2814 acrsrota
817 2758 955 2814 uxxrur
968 2754 1010 2815 ⁸³¹.

441 2860 567 2914 Ausllffll
592 2858 635 2901 Ab
650 2862 820 2903 mandarunt
833 2861 1089 2904 ascataerscoetrtt.

363 2955 463 3026 llepem
477 2969 537 3009 non
547 2953 679 3039 deberes
696 2954 844 3039 monachis
863 2958 915 3011 out
929 2956 1055 3013 Ecclesia
1078 2970 1167 3029 pecu·

459 3039 462 3043 ·
647 3042 727 3081 nram
746 3040 871 3097 carpere.

399 3130 1168 3207 arsamusarchiepiscopusreverendoepiscopoGorr-

364 3233 456 3279 norro
470 3222 599 3277 salutern.

1221 690 1278 747 etsi
1296 690 1347 761 ipsi
1362 691 1524 763 indigerent,
1539 691 1666 764 quidquid
1684 692 1823 761 haberem,
1841 707 1936 747 eorum
1964 692 2016 745 de·

1222 779 1314 835 berem
1343 781 1497 849 expendere
1525 782 1686 837 necessitati.
1711 782 1803 851 Quare
1825 798 1887 837 cum
1928 780 2015 837 omnis

1220 870 1356 925 mundana
1372 870 1522 928 adversitas
1531 886 1580 939 pro
1595 886 1645 925 suo
1661 872 1780 927 modoet
1795 871 1898 927 ratione
1924 876 2018 944 tangat

1221 959 1342 1016 animum
1356 956 1745 1031 meum,itta⁸'¹utiqnequae
1775 960 1836 1015 illos
1864 960 2015 1023 contristat,

1221 1048 1381 1118 pmluodius
1397 1046 1468 1102 laedit
1482 1062 1625 1103 cormeum
1644 1068 1651 1114 3
1667 1053 1694 1103 et
1709 1064 1757 1104 ros
1771 1047 1846 1103 scitis
1872 1048 1933 1117 quia
1964 1056 2016 1101 tarn

1220 1136 1350 1193 inauditae
1363 1137 1475 1193 insuete
1490 1138 1530 1191 rei
1544 1152 1685 1191 assensum
1702 1136 1825 1209 praebere
1840 1151 1895 1191 noa
1910 1134 2016 1197 debeo:

1220 1233 1248 1281 et
1261 1226 1388 1297 quoniam
1404 1242 1458 1281 non
1473 1225 1570 1291 debeo,
1588 1240 1642 1281 ooo
1653 1226 1751 1291 audeo,
1764 1234 1820 1281 uta
1835 1224 1975 1281 monachis
1984 1222 2018 1252 '⁸¹

1220 1316 1324 1387 absque
1335 1314 1446 1385 praelato
1460 1330 1520 1381 suo,
1535 1315 1650 1384 pecunia
1665 1318 1810 1389 exigatur:
1827 1322 1853 1371 et
1868 1314 1930 1369 ideo
1959 1329 2018 1369 oon

1219 1404 1286 1459 milri
1300 1419 1352 1459 nec
1366 1402 1447 1458 alieni
1458 1404 1567 1474 expedit
1581 1413 1608 1457 ut
1621 1404 1679 1459 haec
1693 1404 1863 1460 consuetudo
1878 1403 1905 1458 in
1919 1402 2018 1459 Eccle-

1219 1494 1287 1549 siam
1302 1492 1353 1549 Dei
1366 1492 1458 1565 aliquo
1472 1507 1586 1548 assensu
1602 1494 1800 1549 introducatur.

1435 1618 1606 1676 epistota
1633 1617 1748 1673 LXXIX
1760 1617 1802 1675 ⁸⁸⁸.

1307 1752 1427 1793 ausaaur
1441 1751 1478 1791 an
1497 1750 1640 1793 unsarana
1654 1748 1750 1791 ascari
1763 1748 1927 1791 manciani.

1294 1859 1437 1918 Hortatur
1455 1876 1546 1933 repent
1577 1864 1609 1916 at
1633 1860 1741 1919 coelesti
1764 1860 1829 1931 liepi
1847 1858 1966 1915 obediat.

1255 1986 1393 2051 llannico,
1411 1985 1521 2043 domino
1534 1984 1694 2053 reverando,
1709 1983 1832 2057 glorioso
1847 1982 1906 2055 regi
1916 1982 2024 2055 Angla·

1222 2090 1290 2141 rum,
1307 2080 1469 2143 Anaeticus,
1498 2074 1724 2145 archiepiscopus
1751 2073 1909 2129 cantuaria
1937 2070 2022 2129 fidele

1221 2166 1362 2223 servitium
1376 2180 1437 2219 cum
1452 2163 1627 2219 orationihus.

1256 2252 1366 2309 Gratias
1381 2254 1542 2327 egolisma
1558 2268 1612 2324 quo
1631 2260 1676 2309 ast
1703 2268 1783 2308 omne
1797 2250 1828 2279 '⁵‘
1840 2250 1957 2317 bonum,
1981 2249 2020 2307 de

1221 2350 1311 2397 restra
1338 2342 1520 2399 incolumitate
1548 2350 1575 2399 et
1603 2341 1749 2407 hilaritate,
1774 2350 1800 2397 et
1823 2340 1886 2413 quia
1914 2347 2018 2395 vestros

1221 2445 1361 2487 successus
1377 2432 1411 2487 acl
1432 2432 1536 2497 majora
1556 2436 1583 2484 et
1603 2430 1716 2485 meliora
1730 2426 1760 2456 ⁸⁸⁸
1781 2442 1846 2484 cnm
1874 2434 1964 2485 restra
1990 2434 2019 2483 et

1221 2529 1376 2576 vestrorum
1391 2519 1513 2575 fidelium
1528 2518 1619 2575 laetitia
1632 2518 1770 2590 provebit.
1799 2517 1907 2573 Gratias
1934 2516 2019 2573 etism

1220 2624 1274 2683 ago
1303 2617 1401 2665 restra
1424 2608 1586 2675 celsitudini,
1617 2607 1679 2677 quia
1701 2608 1760 2667 hmo
1787 2605 1853 2661 mihi
1888 2605 2020 2661 mandare

1203 2740 1207 2745 .
1222 2698 1328 2771 dignita
1343 2706 1392 2765 est,
1404 2698 1471 2755 sicin
1485 2695 1556 2753 fideli
1572 2712 1621 2753 auo
1636 2697 1670 2752 de
1682 2710 1736 2767 quo
1756 2695 1878 2760 conlidit,
1902 2696 1968 2766 quia
1991 2692 2021 2747 in

1221 2786 1349 2845 omnihus
1362 2788 1419 2843 auis
1432 2784 1663 2857 prosperitatibus
1679 2786 1846 2857 congaudet,
1863 2783 1945 2840 atilli
1968 2798 2020 2839 cu·

1218 2876 1264 2946 jus
1275 2876 1453 2947 dispositione
1469 2874 1545 2941 liunt,
1557 2875 1660 2946 gratias
1671 2873 1739 2946 agit.
1752 2874 1852 2927 l'erum
1878 2872 1952 2930 enim
1979 2878 2021 2929 est

1221 2966 1284 3037 qttia
1300 2964 1346 3022 hic
1361 2964 1741 3041 quotidieoratetdesidecat
1759 2978 1861 3029 meum,
1889 2969 1917 3017 ut
1945 2961 2020 3017 Deus

1221 3067 1270 3109 ros
1285 3058 1407 3107 etvestra
1418 3053 1460 3108 sic
1474 3061 1553 3123 ragat
1567 3062 1594 3107 et
1608 3058 1733 3123 protegat
1745 3050 1772 3105 in
1794 3049 1886 3123 gloria
1912 3056 2021 3118 ternpo-

1221 3139 1287 3195 ralis
1298 3141 1374 3211 regni
1389 3140 1597 3212 saporangtos,
1612 3147 1747 3211 quatenus
1765 3139 1793 3194 iu
1806 3147 1908 3195 aeterna
1929 3136 2023 3193 lelici·

1221 3236 1276 3285 tnta
1291 3244 1404 3301 regnare
1419 3228 1501 3285 iaciat
1516 3229 1585 3285 inter
1599 3229 1723 3300 angelos.
1740 3229 1798 3285 Hoc
1814 3227 1906 3299 utique
1921 3234 1975 3292 eat,
1987 3226 2023 3281 ad

402 3309 501 3367 audiri
516 3310 576 3383 quia
591 3309 719 3368 dominus
734 3318 825 3372 noster
839 3328 890 3368 rex
917 3309 949 3343 '¹‘
976 3330 996 3372 a
1020 3316 1116 3389 priore
1144 3319 1170 3377 el
1185 3307 1210 3372 C
1225 3318 1298 3392 quod
1309 3319 1430 3376 maxime
1445 3317 1523 3376 vohis
1538 3318 1641 3374 sarrire
1662 3317 1752 3389 cupio.
1774 3315 2025 3388 Quapropterquia

368 3401 513 3474 monachis
527 3408 629 3457 nostrae
657 3401 789 3460 Ecclesiae
815 3404 882 3474 petit
909 3407 1066 3475 pecuniam,
1087 3425 1170 3479 qnam

368 3485 423 3562 ipsi
438 3503 492 3545 non
503 3487 604 3555 habent
620 3505 670 3546 nec
684 3491 788 3548 habere
812 3508 941 3563 possunt,
953 3493 1170 3566 quorsumnam

373 3572 438 3634 mibi
453 3578 610 3646 mandatum
621 3580 868 3648 est,creditncibus
881 3598 937 3641 non
956 3585 1092 3643 uindicem
1120 3586 1171 3652 de-

372 3662 437 3735 beat
451 3667 608 3746 pecuniam,
622 3677 649 3724 et
667 3678 779 3742 propter
795 3669 971 3743 indigentiam
988 3673 1016 3728 in
1045 3675 1087 3730 bis
1113 3691 1173 3746 qnia

372 3757 425 3813 sibi
439 3753 635 3817 ⁸⁷‘necessan‘a
655 3767 728 3827 sunt,
754 3775 883 3831 magnam
907 3763 1042 3833 patiuntur
1067 3760 1098 3792 ”⁸
1126 3781 1174 3820 an·

372 3846 500 3920 gas-tiam.
511 3848 553 3902 Ad
568 3863 641 3919 opus
656 3849 738 3902 etiam
766 3848 890 3907 ecclesie
909 3852 1064 3921 incaeptum,
1092 3853 1176 3909 dimi·

1223 3410 1258 3464 ad
1275 3425 1318 3464 me
1334 3411 1457 3479 pertinet,
1474 3407 1571 3464 adhoc
1589 3409 1661 3462 enirn
1674 3408 1778 3478 positus
1792 3421 1863 3472 snm,
1880 3414 1909 3461 ut
1935 3404 2025 3464 tidelis

1226 3508 1252 3554 et
1266 3499 1413 3569 episcopus
1427 3499 1552 3562 consulo,
1566 3511 1676 3568 precor,
1690 3507 1717 3552 et
1731 3497 1800 3553 sicut
1822 3495 1952 3565 scriptum
1971 3502 2024 3559 est,

1226 3589 1340 3644 obsecro
1355 3596 1515 3657 opportune,
1531 3586 1696 3656 importuna,
1705 3586 1819 3652 sesicut
1828 3586 1900 3642 Deus
1909 3591 2026 3644 rosham

1227 3683 1309 3748 auget
1323 3677 1532 3746 prosperitatem
1547 3685 1573 3730 et
1587 3674 1692 3729 exaltat
1713 3679 1883 3744 potestatem,
1915 3672 1952 3726 ita
1976 3687 2031 3728 vos.

1229 3757 1351 3832 super·'¹⁶
1375 3758 1467 3815 omnia
1489 3775 1547 3828 epus
1575 3759 1672 3816 ametis
1694 3757 1720 3813 in
1744 3758 1871 3814 omnibus
1897 3757 2029 3827 operibus

1230 3849 1327 3904 vesnia
1340 3849 1637 3904 servareroluntatem.
1651 3845 1729 3916 Quod
1748 3847 1788 3901 sic
1807 3861 1857 3902 ros
1884 3846 1960 3902 Deua
1981 3844 2029 3900 diu

371 3935 446 3999 dium
461 3936 535 4006 quod
548 3936 741 3994 constitueram
757 3936 1060 4010 habereneqneunt;at
1082 3942 1108 3996 si
1131 3945 1177 3999 ha.
1232 3938 1259 3993 in
1290 3938 1341 3994 hac
1358 3938 1410 3992 rita
1436 3952 1528 3994 secum
1540 3937 1568 3990 in
1586 3931 1774 3992 aeternitatem
1783 3934 1916 4006 gauderet
1931 3933 2029 3989 iaciat.

374 4024 481 4093 herent,
497 4040 548 4080 nec
563 4041 655 4096 regern
667 4023 745 4081 decet
759 4027 794 4081 ab
811 4025 865 4082 illis
879 4026 982 4099 aliquid
995 4026 1027 4057 ⁸⁷⁷
1055 4031 1177 4104 exigere,
1234 4027 1366 4100 Ergtme.
1383 4025 1541 4097 Deigratta,
1556 4032 1797 4096 cunctsprospero
1815 4033 1902 4088 aunt;
1927 4028 2032 4079 etanta

379 4113 425 4183 qui
440 4112 509 4167 nihil
524 4129 574 4172 nec
584 4113 691 4184 seipsos
707 4113 818 4180 habent,
833 4114 903 4178 sicut
916 4119 1053 4186 monachi,
1070 4135 1120 4179 aaa
1145 4123 1180 4177 ad
1233 4113 1443 4184 lissumptioneu
1459 4120 1559 4169 sanctae
1573 4113 1664 4168 blaciae
1687 4112 1721 4167 da
1749 4112 1835 4168 becco
1862 4108 2029 4182 proiiciscar.

376 4199 439 4255 illos
453 4200 571 4272 pertinet
598 4202 701 4274 aliquid
727 4203 794 4258 dara
823 4203 867 4258 rel
896 4207 1084 4263 accomodare
1107 4211 1180 4282 quod
1233 4201 2032 4274 111,111111111111111ὓθ11111111111111ιΡ111111111111111111111

378 4303 474 4344 eorum
490 4305 545 4346 non
561 4298 616 4346 est.
636 4290 713 4346 Unde
728 4289 806 4346 robis
820 4293 920 4347 mando
935 4301 962 4348 et
973 4310 1070 4364 precor
1080 4281 1179 4370 utrepi
1236 4294 1309 4364 quod
1323 4293 1358 4347 de
1372 4292 1471 4364 anglia
1499 4307 1627 4364 egressus
1655 4306 1726 4345 snm.
1755 4290 1796 4345 De
1812 4288 1911 4346 uostris
1938 4287 2030 4356 rebus,

379 4375 520 4445 precando
534 4375 674 4431 suadeatis
688 4383 823 4447 quatenus
835 4377 930 4432 omnia
944 4387 1035 4434 nostra
1049 4380 1076 4436 in
1102 4398 1181 4453 paee,
1236 4380 1358 4454 quamvis
1372 4384 1423 4438 hoc
1436 4397 1497 4436 esso
1511 4380 1539 4434 in
1555 4387 1646 4434 vestra
1661 4380 1734 4436 bona
1757 4377 1893 4435 voluntate
1909 4375 1951 4442 ¹¹¹,
1963 4391 2032 4432 cou-

382 4464 472 4522 doncc
486 4464 606 4534 redeam,
618 4465 709 4536 quieta
724 4480 838 4521 manere
849 4465 954 4538 jubeat,
970 4468 1182 4541 sicutpromisit,
1235 4471 1327 4536 fidam,
1339 4486 1408 4539 rogo
1423 4478 1512 4524 tarnan
1527 4478 1613 4525 utcas
1627 4469 1654 4524 ia
1670 4469 1759 4540 quiete
1774 4482 1884 4523 manere
1903 4465 2033 4536 jubeatis,

381 4555 483 4628 quiesi
497 4550 582 4622 Deua,
599 4554 750 4610 secundum
765 4555 838 4626 quod
850 4557 991 4627 pmposui,
1021 4558 1087 4613 mihi
1115 4577 1181 4633 pro·
1236 4561 1327 4618 donec
1341 4559 1464 4615 redeam.

381 4659 461 4717 apere
476 4644 567 4700 redire
581 4645 757 4711 concesserit,
774 4647 889 4703 serviam
905 4645 930 4701 ai
941 4646 1008 4702 sicut
1021 4647 1111 4706 debeo
1135 4650 1182 4713 do·

570 4733 575 4744 .
797 4736 802 4744 .
888 4735 893 4744 ,
1475 4675 1645 4732 Ertstotn
1673 4675 1788 4730 lxxx.

381 4734 459 4790 m'ino
476 4741 503 4790 et
517 4750 577 4808 regi
592 4748 668 4790 meo·
687 4730 766 4802 Quot
779 4733 1115 4810 crsecentgcatiasnpam
1126 4739 1184 4796 Deo

383 4831 412 4886 οὗ
426 4822 465 4877 pp
481 4839 489 4883 t
505 4837 534 4878 ,e
549 4837 616 4879 ,em
631 4831 847 4893 precegnospm
859 4838 913 4879 Μ
926 4824 1053 4890 ,uppem
1080 4834 1108 4882 e,
1128 4827 1184 4882 m,
1239 4803 1361 4858 ansatur
1376 4813 1412 4854 an
1425 4810 1778 4854 annuaruitarirontcaos
1792 4805 2035 4851 canrunaransas.

383 4912 449 4984 qaid
463 4906 495 4940 ⁸⁷⁸
508 4910 581 4966 uode
592 4910 701 4966 doleam
716 4910 820 4968 laceret
843 4913 971 4980 voluerit,
997 4914 1089 4981 faciet,
1115 4915 1185 4972 sicut
1353 4897 1557 4952 1111111111111
1571 4895 1722 4950 1111111111
1737 4891 1916 4962 111111111111·

385 4999 522 5070 dminus,
537 5002 609 5072 quod
624 4999 666 5054 illi
680 5001 797 5069 placebit
810 4997 851 5073 m,
868 5003 917 5060 sed
932 5018 986 5060 uon
1002 5003 1067 5060 mibi
1082 5004 1185 5071 videbi·
1274 5007 1423 5062 arsamus
1439 5001 1670 5072 archiepiscopus,
1687 4999 1789 5056 domno
1803 4996 1890 5070 priori
1905 4996 2038 5054 Eunomo

386 5087 785 5163 1111111111111111.1111)θ111””
810 5091 872 5152 Non
893 5091 967 5151 enim
994 5108 1050 5165 ego.
1067 5097 1096 5148 et
1122 5109 1184 5150 mo·
1240 5103 1267 5150 et
1280 5095 1340 5148 atris
1354 5091 1484 5148 iratribus
1499 5089 1627 5146 Ecclesia
1641 5087 1738 5145 Christi
1754 5087 1969 5150 Cantauriensrs,
1992 5099 2039 5138 sa-

383 5180 667 5249 1³tehidiuisisnmus,
682 5177 833 5235 sadomnia
846 5197 908 5252 qam
927 5181 1040 5238 illoram
1067 5182 1186 5237 stabilita
1240 5179 1581 5239 lutamatbeoadictiouam
1598 5180 1658 5248 Dei,
1670 5187 1792 5243 stanam,
1805 5180 2039 5246 quantumpotaat.

1032 5280 1147 5337 VARIAE
1182 5277 1392 5346 LECTIONES.

423 5377 501 5435 'l'An
525 5381 612 5435 lorum
626 5376 874 5447 conductorum.
928 5376 1131 5437 ⁸⁷¹Adsersitate
1149 5380 1242 5436 sima.
1259 5378 1423 5434 adversitate
1450 5374 1593 5446 temporali
1620 5374 1652 5429 si.
1694 5371 1850 5432 ''¹Studium
1866 5368 2040 5452 aliquatenus

386 5467 442 5520 rat.
457 5397 576 5508 studium
591 5460 712 5513 restrum
727 5449 906 5520 aliquatenus,
944 5447 1048 5506 meram
1063 5459 1160 5508 codem
1173 5467 1226 5508 ms.
1242 5452 1363 5506 collatu.
1417 5447 1545 5502 '⁷‘llestec
1562 5462 1608 5501 ran
1637 5462 1691 5502 ms.
1707 5445 1800 5502 noster
1828 5457 1889 5498 ccx.
1923 5437 2039 5523 ''¹lndr-

394 5532 515 5596 peritiam
544 5539 604 5593 quce
632 5521 682 5576 sibi
704 5538 760 5576 ms.
781 5520 958 5591 indigentiam
984 5523 1013 5575 in
1038 5522 1080 5574 his
1103 5536 1163 5590 quar
1188 5521 1248 5576 sili.
1303 5519 1473 5572 ⁸⁷⁸l‘itiuntur
1499 5535 1552 5572 ms.
1582 5525 1721 5586 petuntur
1742 5517 1907 5587 augustiam.
1951 5512 2039 5568 aram„

387 5586 489 5666 aliquid
504 5611 557 5650 rns.
573 5593 635 5648 illos
650 5595 766 5663 pertinet
778 5592 894 5652 alicuid.
924 5588 988 5648 '⁷⁸Et
1002 5592 1075 5646 aliud
1089 5607 1141 5646 mr.
1157 5601 1184 5647 et
1198 5591 1314 5660 aliquid.
1330 5588 1441 5657 ⁸⁷'Quod
1457 5587 1571 5656 ptam-bit
1586 5605 1638 5643 ms.
1651 5587 1723 5658 quod
1734 5589 1772 5640 itti
1783 5587 1909 5666 placabit.
1929 5584 2039 5652 '⁸⁰Quod

386 5665 495 5735 decebit
509 5682 562 5722 ms.
579 5672 650 5734 quod
666 5663 786 5721 debebit.
826 5660 1099 5718 ¹⁸¹autmumittamc
1123 5663 1420 5718 animummcnmilla.
1453 5658 1690 5718 ¹⁸¹hlonachisms.
1714 5675 1729 5712 a
1750 5659 1897 5713 llonaalus.
1938 5655 2040 5712 ⁸⁸⁸Garnt

385 5739 480 5795 codem
494 5737 685 5804 macollotc.
714 5733 1245 5808 ⁸“dquoamnemaanuoestomna.
1274 5731 1469 5788 ”titatiorma
1496 5733 1616 5788 meliora.
1655 5727 1741 5786 ''⁰l'os
1776 5745 1885 5800 scrnpcr
1913 5743 1966 5784 ms.
1992 5743 2040 5784 ros

380 5823 479 5882 super.
511 5807 730 5867 '⁸⁷AEternitnern
753 5823 805 5864 ms.
822 5806 984 5862 aeternitate.
1004 5802 1132 5862 '⁸'llestra
1147 5806 1285 5862 rolrrntate
1299 5820 1357 5864 ms.
1375 5803 1548 5862 restrahona
1563 5801 1700 5860 voluntate
