4750 6725
402 537 456 596 aar
919 516 1076 586 eundern
1090 515 1367 584 sermasiensis
1381 516 1541 584 honneur
1995 536 2040 598 r„
2131 496 2132 519 ¹

403 672 542 732 memoriae
558 666 636 728 P'ater
648 663 814 724 Lanlrancus
827 681 876 721 sno
886 671 1009 734 ternpore
1024 659 1204 730 iecit,pancis
1216 678 1245 740 Α
1264 659 1391 718 monachi
1404 676 1455 732 per
1469 659 1570 716 bonum
1592 660 1749 719 anselmum
1764 662 1842 736 potiti
1856 676 1922 739 sunt,
1940 673 2039 730 multum

403 764 539 822 rationem
566 757 707 816 ostendere
739 756 769 810 in
795 761 912 810 mentem
954 751 1035 819 venit,
1072 757 1204 821 qnatenus
1257 767 1431 826 peromnem
1446 750 1558 807 modum
1573 751 1695 807 Ecclesia
1709 762 1787 808 aucta
1801 761 1850 822 est,
1864 755 1892 811 in
1905 775 2035 833 recupera·
2131 734 2132 789 ι

404 856 527 926 inspecta
550 847 651 922 negotii
666 844 804 916 qualitate,
819 860 854 899 ex
868 843 928 913 ipsa
954 840 1066 896 serinia
1081 854 1203 909 perpen-
1258 844 1330 899 tione
1346 840 1472 897 videlicet
1496 838 1674 910 plurimarum
1701 849 1843 912 terrarum,
1858 860 1921 914 quas
1943 850 2038 918 quidam

405 943 472 999 dant
486 957 520 995 an
534 937 633 993 amodo
652 935 685 989 sit
699 933 740 988 eis
755 931 889 987 silendum
904 945 988 1001 super
1004 931 1065 997 hoc,
1082 943 1117 982 an
1132 943 1199 983 non.
1257 930 1321 988 laici
1353 937 1474 986 tenentes
1501 928 1529 983 in
1557 929 1743 985 haereditatem
1759 931 1810 986 sibi
1833 931 2003 1005 vindicabant,
2019 941 2044 995 in
2131 948 2132 969 ι

441 1030 538 1099 urique
564 1041 624 1080 cum
648 1023 721 1077 idem
749 1019 891 1076 Anselrnns
913 1018 1003 1088 primo
1016 1015 1204 1086 pontificatum
1257 1018 1373 1076 dirersis
1388 1017 1565 1084 ornamentis,
1581 1016 1664 1090 inque
1676 1018 1751 1074 omni
1768 1019 1865 1076 decore
1879 1022 1970 1079 domus
1990 1026 2042 1098 liei,

405 1115 621 1174 cantuariensem
637 1123 733 1183 regere
760 1108 934 1178 suscepisset,
959 1106 997 1160 ita
1012 1120 1107 1161 omnes
1121 1111 1205 1159 terras
1256 1109 1295 1164 ita
1308 1114 1337 1163 ul
1350 1122 1437 1178 panca
1451 1114 1478 1162 et
1493 1105 1619 1161 indemne
1635 1106 1694 1163 visa
1718 1107 1818 1162 luerint
1832 1109 1954 1168 Ecclesiae
1967 1128 2041 1170 ornn-

404 1207 541 1277 adipsum
556 1203 687 1258 honorem
715 1197 880 1270 pertinentes
908 1201 1027 1250 vastatus
1050 1192 1162 1258 invenit,
1178 1199 1205 1247 et
1257 1205 1357 1262 menta,
1387 1195 1590 1266 comparatione
1618 1194 1724 1251 demtis
1752 1202 1780 1251 02
1795 1197 2039 1257 mullitudississilliffi

403 1310 499 1352 ornnes
514 1290 635 1348 redditus
649 1305 666 1343 a
679 1286 841 1343 Willhelmo
856 1283 911 1339 filiu
918 1282 1030 1353 majoris
1044 1279 1201 1338 Willhelmi
1258 1302 1318 1356 quae
1331 1285 1359 1340 in
1372 1284 1415 1340 bis
1429 1283 1526 1339 diebus
1539 1283 1670 1355 perducta
1690 1293 1763 1340 sunt.
1779 1285 1866 1356 Super
1878 1287 1942 1356 baee,
1957 1289 2039 1360 ipsum

403 1383 478 1458 regis
504 1380 621 1450 direpto,
651 1383 680 1432 ut
707 1375 779 1431 unde
806 1373 966 1430 subsisteret
992 1373 1068 1442 (nota
1095 1371 1204 1444 loquor)
1258 1373 1418 1441 oratorium,
1435 1373 1713 1444 quantnmamajure
1727 1373 1792 1428 turri
1806 1372 1834 1428 in
1848 1375 2042 1449 orientempor·
2131 1392 2132 1395 ’

402 1489 457 1530 non
472 1469 596 1526 baberet.
612 1464 798 1535 Quamobrem
809 1462 949 1518 fraudatus
971 1459 1133 1526 redditibus,
1150 1458 1205 1530 qni·
1257 1471 1366 1519 rectum
1378 1468 1429 1531 est,
1445 1461 1506 1534 ipso
1521 1461 1599 1517 Patre
1626 1462 1757 1517 anselmo
1767 1461 1935 1533 pmvidente,
1957 1464 2042 1536 dispo-

402 1561 456 1618 bns
476 1575 491 1614 n
516 1557 586 1614 sesto
614 1553 700 1610 suncti
716 1550 855 1608 llicbaelis
882 1552 957 1621 (nam
973 1549 1054 1620 paulo
1069 1555 1130 1604 ante
1152 1548 1205 1604 hoc
1257 1559 1336 1608 nante
1351 1559 1460 1606 auctum
1481 1557 1533 1619 est,
1562 1549 1595 1604 Ει
1621 1550 1681 1606 baec
1693 1549 1806 1620 puidam
1821 1550 1911 1606 omnia
1923 1551 1956 1606 de
1976 1552 2045 1609 rebus

403 1651 505 1706 festum
534 1644 705 1702 cantuariam
732 1643 855 1709 venerat)
884 1655 969 1710 usque
983 1638 1011 1692 in
1029 1636 1204 1694 Nativitatem
1257 1639 1380 1696 ecclesias
1395 1645 1539 1708 actasunt,
1566 1637 1637 1694 sieut
1650 1645 1678 1693 et
1695 1636 1780 1693 multa
1793 1655 1855 1709 quae
1869 1654 1918 1711 per
1931 1639 2047 1698 lanfran.
2131 1662 2132 1665 ¹

404 1734 514 1794 Domini
528 1734 634 1790 viveret
648 1729 752 1796 debuit,
777 1743 882 1784 summa
909 1727 1070 1783 necessitate
1084 1732 1204 1790 coactus,
1257 1744 1319 1786 eum
1334 1728 1406 1785 faeta
1423 1726 1544 1796 luerunt,
1558 1726 1686 1783 Ansetmo
1701 1726 1735 1783 de
1749 1727 1806 1783 suis
1820 1736 1919 1799 praeteq·
1932 1729 1974 1784 ipa
1990 1729 2046 1800 plu.

405 1827 440 1882 de
469 1825 502 1880 iis
517 1823 615 1896 quibus
629 1819 664 1876 ab
692 1819 751 1892 ipsa
773 1816 944 1874 solemnitate
958 1830 1044 1887 nsque
1059 1813 1086 1870 in
1101 1812 1204 1868 Pascha
1258 1818 1354 1874 rimam
1369 1817 1493 1889 pecunia
1507 1816 1683 1889 quantitatem
1702 1817 1730 1871 in
1758 1826 1932 1890 augmentum
1960 1817 2045 1874 doinus

402 1915 525 1971 sictnrns
540 1910 713 1977 erat,rietnm
728 1905 780 1962 sibi
796 1904 945 1961 ministrari
960 1902 1088 1958 iaciebat.
1105 1901 1203 1973 Sisque
1256 1907 1306 1963 liei
1330 1905 1500 1963 conferente.
1529 1907 1572 1962 lix
1594 1905 1636 1961 his
1652 1921 1719 1962 vero
1734 1922 1796 1978 quae
1823 1906 1852 1961 in
1874 1905 1989 1962 dominio
2001 1923 2044 1962 sno

400 1999 619 2076 subsequentium
634 1994 809 2053 terminorum
828 1993 959 2062 redditus,
984 1992 1012 2047 in
1041 1990 1201 2064 praeceden-
1258 1994 1424 2068 possidebat,
1440 1993 1627 2050 etofferendae
1642 1994 1757 2064 majoris
1776 1995 1869 2051 unns
1890 1993 2046 2052 medietatam

403 2093 475 2149 tibus
492 2088 612 2147 terminis
627 2085 755 2158 paulatim
770 2091 797 2139 ει
811 2082 927 2138 discreto
955 2079 1140 2136 moderamine
1154 2096 1202 2133 su-
1258 2085 1352 2158 (aliam
1381 2083 1555 2141 medietatem
1582 2086 1656 2139 enirn
1683 2085 1764 2139 Pater
1781 2084 1943 2140 lanfrancus
1960 2093 2046 2139 contu·

404 2197 491 2248 mens,
512 2179 555 2234 Vix
583 2175 660 2230 ²0l¹i⁰
687 2173 729 2228 ⁵¹¹³
757 2171 884 2227 issil⁰iiu⁵
913 2185 994 2236 ΜΗΘ.
1011 2169 1046 2224 hd
1075 2176 1203 2224 Sifllunla
1257 2175 1337 2245 larat)
1352 2181 1379 2229 ει
1390 2173 1520 2243 quasdam
1536 2183 1621 2228 terras
1649 2172 1685 2227 ad
1698 2172 1852 2228 subsidium
1864 2171 2045 2228 monachornm

402 2264 654 2341 praedecessoribus
681 2261 738 2316 suis
767 2267 899 2316 statutum
929 2258 955 2313 in
978 2257 1022 2312 bis
1047 2258 1204 2328 pertingere
1258 2263 1394 2335 antiquius
1408 2262 1582 2334 pertinentes,
1601 2269 1664 2316 tnnc
1688 2260 1821 2316 antemio
1840 2258 2045 2316 aliosusnsdis-

401 2355 498 2431 potnit.
515 2353 586 2424 Quid
602 2360 693 2408 antem
708 2349 904 2422 angustiarum,
920 2355 1021 2418 praeter
1045 2347 1094 2400 has
1108 2361 1124 2400 a
1138 2361 1205 2418 rege

403 2445 564 2502 Willhelmo
578 2449 604 2498 et
618 2440 675 2496 suis
689 2453 785 2510 passus
800 2437 835 2492 sit
846 2453 896 2507 per
909 2435 970 2491 illos
986 2443 1040 2490 tres
1054 2441 1080 2490 ει
1095 2441 1202 2504 quarto,

404 2537 450 2609 qui
466 2533 624 2590 subsecutus
639 2537 688 2596 est,
705 2542 787 2592 anno,
802 2526 829 2580 in
844 2526 931 2598 primo
946 2532 973 2579 et
986 2523 1105 2579 secundo
1121 2521 1206 2579 norni-

405 2631 474 2682 natae
489 2618 615 2686 Historia
643 2617 722 2685 libro,
747 2619 840 2686 utpote
855 2613 900 2686 qni
926 2613 966 2670 eis
979 2611 1116 2681 affuimus,
1133 2626 1204 2667 ncn-

405 2712 486 2769 nullis
500 2708 672 2784 digessimus.
688 2707 726 2760 lta
739 2703 824 2778 igitur
836 2703 863 2758 in
893 2700 1066 2758 tribulatione
1079 2707 1106 2756 et
1120 2699 1205 2756 atroci

404 2800 592 2876 persecutione
607 2803 702 2866 quator
716 2795 795 2850 annis
809 2792 837 2846 in
862 2789 965 2862 Anglii
979 2790 1094 2863 degens,
1111 2789 1205 2860 quinto

404 2891 502 2963 pulsus
516 2884 657 2944 abeodem
672 2897 738 2954 rege
752 2887 801 2950 est,
817 2888 845 2936 et
859 2886 930 2936 totus
957 2877 1207 2950 archiepiscopatus

403 2977 524 3044 invasus,
545 2990 577 3032 ac
591 2989 639 3044 per
655 2978 708 3026 tres
723 2969 866 3025 continuos
888 2982 983 3034 annos,
999 2968 1051 3022 hoc
1064 2975 1105 3022 est
1119 2965 1206 3023 donec

1259 2359 1352 2420 tracta,
1368 2358 1395 2406 ει
1408 2351 1488 2420 pallia
1504 2350 1583 2404 valde
1594 2349 1668 2405 bona
1693 2349 1902 2422 quamplurima,
1930 2364 1961 2406 ac
1982 2364 2044 2404 non·

1258 2439 1333 2494 nulla
1347 2439 1399 2495 elie
1412 2438 1502 2495 decori
1517 2437 1614 2494 domus
1629 2438 1679 2493 liei
1691 2439 1885 2510 competentia,
1896 2438 1948 2508 juri
1963 2435 2046 2492 liede-

1258 2529 1306 2584 siae
1312 2535 1443 2600 perpetuo
1451 2526 1618 2599 possidenda
1634 2527 1780 2583 concessit.
1790 2528 1909 2592 adhaec,
1918 2533 2047 2598 postquam

1259 2617 1293 2672 de
1307 2617 1428 2673 secundo
1443 2616 1541 2672 exsilio
1556 2623 1697 2672 revocatus
1725 2625 1775 2683 est,
1795 2625 1824 2672 nt
1850 2615 1965 2687 quedam
1991 2627 2049 2685 pace

1259 2706 1372 2778 potitus,
1388 2704 1463 2761 dedit
1476 2705 1506 2759 in
1519 2719 1604 2775 opera
1630 2704 1761 2760 Ecclesia
1780 2704 1917 2770 denarios,
1932 2703 1975 2774 qni
1999 2701 2050 2756 sin-

1260 2794 1334 2868 gulis
1348 2794 1428 2849 annia
1443 2793 1478 2850 de
1489 2793 1661 2866 parochianis
1672 2792 1802 2850 Ecclesiis
1816 2794 1846 2849 in
1863 2795 1959 2849 Pascha
1969 2789 2046 2845 matri.

1260 2883 1391 2940 ilcelesiae
1400 2883 1482 2955 pendi
1490 2881 1588 2940 solent.
1598 2883 1710 2955 AEquius
1725 2883 1797 2938 enim
1815 2878 2050 2952 essejudicariteos

1260 2971 1295 3028 ad
1310 2971 1433 3028 Ecclesia
1446 2971 1491 3028 cui
1506 2987 1555 3042 pro
1569 2971 1649 3044 signo
1664 2971 1763 3027 debitae
1777 2969 1954 3042 subjectionis
1966 2966 2049 3024 conie-
2131 3030 2132 3051 χ

403 3065 535 3123 residem
551 3061 650 3132 sagitta
665 3057 775 3125 interiit,
792 3073 880 3127 usqne
895 3055 922 3110 in
937 3055 1109 3120 immensum.
1119 3062 1207 3112 rusta—
1262 3069 1356 3116 runtur
1376 3059 1511 3132 possideri
1540 3075 1622 3130 qnam
1650 3076 1668 3116 a
1694 3060 1810 3117 seculari
1825 3066 1966 3131 potestate,
1981 3053 2049 3127 qnasi

404 3165 456 3214 tus.
471 3151 614 3209 hnsetmns
628 3162 694 3203 vero
708 3145 845 3202 interhaec
858 3145 947 3216 patria
956 3144 1121 3211 eliminatus,
1137 3143 1202 3198 dum
1258 3165 1333 3218 suos,
1349 3148 1465 3204 obeunte
1478 3148 1619 3220 episcopo,
1628 3148 1742 3218 auferri,
1754 3164 1786 3204 eo
1797 3149 1873 3219 quod
1882 3148 1945 3204 illos
1954 3159 2051 3218 quoque

411 3244 484 3302 nude
499 3257 530 3298 se
548 3252 667 3309 suosque
690 3241 849 3304 procuraret
863 3233 896 3288 de
911 3232 966 3288 suis
981 3232 1015 3288 ab
1029 3223 1127 3304 hn‘glia
1139 3230 1207 3288 nihil
1259 3235 1411 3309 pontifices,
1423 3252 1472 3308 pro
1486 3252 1534 3292 suo
1544 3236 1648 3303 allicio,
1660 3238 1782 3307 anmhac,
1793 3237 1848 3307 juri
1861 3231 2051 3308 propriorindi-

402 3335 504 3393 habere
524 3332 679 3391 mereretur,
709 3322 743 3378 ab
768 3323 888 3379 externis
901 3321 1054 3379 necessaria
1069 3328 1205 3377 mutuatus
1259 3325 1474 3383 cabant.Neceo
1489 3324 1616 3383 defuncto
1630 3325 1751 3383 aliterue
1766 3325 1824 3398 ipse
1839 3326 2014 3398 disposuerat,
2028 3319 2052 3375 in

403 3432 453 3495 est,
474 3420 568 3477 nolens
584 3414 691 3487 quidem
707 3412 801 3485 gravis
815 3428 875 3467 csse
890 3410 931 3466 liis
945 3412 1015 3466 inter
1030 3426 1098 3483 quos
1114 3427 1205 3466 mora·
1220 3385 1246 3450 C
1259 3416 1300 3471 his
1314 3431 1330 3470 ε
1344 3431 1409 3485 rege
1424 3423 1514 3471 actum
1529 3422 1580 3482 est,
1595 3416 1644 3471 sed
1659 3416 1688 3469 in
1702 3430 1736 3471 eo
1747 3423 1817 3470 statu
1833 3430 1891 3486 qno
1910 3410 2050 3469 Ecclesiam
2131 3417 2132 3488 j

402 3515 550 3581 batur,nec
561 3504 646 3579 pratis
658 3501 780 3573 accipere
793 3500 884 3557 omnia
899 3516 959 3571 qum
974 3499 1023 3555 sibi
1048 3498 1204 3556 offereben-
1259 3504 1338 3559 Peter
1351 3502 1410 3575 ipse
1425 3502 1544 3559 moriens
1555 3502 1675 3577 reliquit,
1692 3512 1747 3559 toto
1766 3503 1899 3576 temporis
1913 3501 2051 3573 spatioque

402 3612 457 3661 tur.
471 3596 606 3656 Deindere
618 3600 730 3649 vocatus
744 3605 761 3645 a
775 3606 841 3663 rega
856 3588 972 3646 ilenrico
988 3589 1033 3660 qni
1049 3588 1074 3643 in
1090 3605 1204 3662 regnum
1257 3598 1367 3665 pastore
1376 3591 1494 3661 carebat,
1505 3591 1565 3663 ejus
1575 3591 1684 3648 institua
1694 3600 1799 3648 mutare
1809 3591 1920 3648 consilii
1934 3606 1991 3647 esse
2004 3602 2051 3643 non
2131 3581 2132 3586 ’

401 3690 479 3749 fratri
494 3688 673 3751 successerat,
690 3687 716 3735 et
730 3696 774 3735 res
788 3678 889 3735 suasio
908 3692 1063 3749 supremam
1083 3694 1204 3750 pauper·
1257 3687 1410 3750 autumans,
1440 3696 1500 3736 eam
1524 3679 1713 3736 consecrabat.
1739 3681 1796 3736 Pax
1810 3679 1896 3753 igitur
1909 3696 1963 3753 qua
1974 3678 2051 3751 potita
2131 3675 2132 3736 l

403 3788 485 3837 tatem
499 3774 623 3832 redactas
637 3768 747 3841 reperit,
759 3776 785 3823 et
796 3775 937 3823 exactores
946 3767 1123 3838 pecuniarum
1134 3782 1204 3837 quas
1258 3777 1308 3836 est,
1324 3768 1369 3826 cui
1383 3769 1544 3841 postDeum
1567 3767 1730 3825 ascribenda
1745 3768 1779 3824 sit
1801 3770 1869 3825 satis
1884 3768 1982 3826 elucet.
2000 3766 2051 3820 De·
2131 3825 2132 3838 ¹

400 3875 494 3925 mutuo
509 3868 659 3933 acceperat,
687 3857 721 3913 de
749 3864 900 3913 transmare
924 3856 1043 3927 quotidie
1064 3856 1204 3913 venientes
1257 3865 1387 3914 tractores
1407 3858 1501 3931 itaque
1517 3856 1581 3913 nuti
1597 3857 1649 3914 riri
1671 3865 1699 3914 et
1722 3866 1777 3913 lam
1806 3856 1947 3931 magnifici
1975 3855 2051 3910 bene·
2131 3843 2132 3846 ’

400 3970 503 4015 uacuus
526 3964 588 4006 ase
616 3944 765 4010 dimittere,
789 3943 960 4001 considerata
988 3944 1126 4014 aequitate,
1150 3944 1204 4000 ho·
1258 3946 1369 4003 factoris
1391 3946 1521 4003 Ecclesiae
1544 3945 1642 4001 Christi
1664 3955 1787 4017 purcant,
1814 3946 1941 4015 obsecro,
1957 3944 2049 4015 lingua
2131 3979 2132 3984 ι

400 4050 507 4100 nestum
521 4048 648 4093 essenon
660 4032 808 4103 judicabat.
825 4032 853 4087 si
868 4032 894 4086 in
911 4032 970 4087 istis
988 4032 1203 4105 angustiabatur,
1257 4051 1322 4105 suae,
1337 4041 1459 4105 parcant,
1476 4034 1603 4104 obsecro,
1628 4034 1728 4090 animae
1742 4050 1811 4090 suar.
1825 4034 1899 4090 Nam
1914 4034 1937 4088 si
1952 4026 2052 4100 busqni
2131 4031 2132 4034 ’

401 4130 469 4189 nulli
484 4122 744 4194 mirandum.Super
761 4121 827 4187 hac,
840 4134 894 4189 pax
908 4120 962 4176 inte
973 4120 1049 4175 illurn
1063 4128 1090 4176 et
1108 4136 1202 4193 regern
1255 4131 1358 4181 secrete
1386 4123 1531 4180 detrahunt
1557 4122 1684 4194 proximo
1708 4139 1758 4179 suo
1778 4123 1953 4196 persequitur
1978 4121 2051 4198 Dens,
2131 4147 2132 4198 ,

400 4219 506 4278 diutim
523 4213 650 4269 firmitate
661 4226 717 4265 non
741 4208 857 4265 duravit.
885 4208 1002 4265 vexatus
1018 4210 1110 4282 itaque
1124 4210 1202 4283 gravi
1256 4212 1405 4269 timendum
1420 4211 1507 4268 fateor
1514 4226 1548 4267 ne
1562 4212 1624 4268 illos
1634 4210 1683 4283 qui
1688 4212 1798 4283 publice
1810 4220 1837 4268 ει
1844 4218 1940 4269 contra
1953 4218 2052 4280 aequum

399 4308 483 4367 modo
511 4318 561 4378 per
587 4300 726 4358 biennium
754 4306 806 4367 est,
822 4313 855 4354 ae
870 4296 980 4353 demum
1005 4306 1080 4355 extre
1104 4305 1201 4354 terram
1254 4302 1345 4372 pravis
1360 4301 1450 4358 verbis
1464 4302 1610 4357 corrodunt
1624 4301 1730 4357 Patrem
1739 4317 1819 4356 snum
1834 4300 1958 4357 destruat
1971 4299 2047 4354 bers.

401 4398 476 4455 exire
503 4393 638 4450 seductus.
667 4387 770 4455 Erisit,
787 4403 845 4455 nec,
861 4386 912 4441 nisi
935 4386 1099 4459 quartosuia
1114 4388 1203 4443 esitus
1255 4385 1303 4441 llis
1316 4387 1367 4443 boc
1381 4385 1464 4443 modo
1478 4401 1528 4456 pro
1542 4385 1645 4458 negotii
1660 4385 1824 4442 necessitate
1838 4386 1978 4441 succincta
1995 4396 2052 4452 pro·

400 4501 472 4545 auno
486 4496 556 4554 pene
570 4480 694 4551 peracto,
710 4477 797 4531 redire
814 4475 892 4545 (sicut
913 4474 1115 4547 descripsimus)
1129 4476 1202 4545 potis
1254 4475 1529 4545 positis,uccedamus
1543 4475 1578 4530 ad
1593 4490 1637 4531 res
1650 4478 1739 4547 qesta,
1754 4473 1858 4530 abillis
1874 4488 1937 4548 quoe
1956 4469 2051 4528 deseri·

399 4574 464 4631 luit.
494 4569 617 4627 Tandem
645 4580 769 4621 reuersus
798 4564 904 4619 duobus
935 4564 1014 4618 arinis
1041 4564 1201 4635 supervixit,
1253 4564 1359 4636 psimus
1373 4562 1500 4618 narrandi
1516 4562 1657 4619 exordium
1671 4570 1818 4620 sumentes.

399 4660 478 4719 tertio
493 4656 608 4724 transiit,
635 4652 734 4709 debitis
748 4650 845 4722 quibus
867 4667 896 4707 se
911 4651 937 4705 in
952 4651 1097 4725 peregrina
1112 4651 1200 4723 patria
1288 4652 1374 4725 Igitur
1384 4651 1428 4707 ubi
1440 4652 1534 4708 beatus
1544 4660 1570 4708 ει
1584 4651 1651 4709 lelix
1662 4651 2053 4723 praesulhnselmnsebaernm·

396 4753 593 4808 sustentaverat
606 4743 651 4800 cix
671 4741 778 4797 solutis.
796 4740 843 4795 llis
856 4740 895 4795 ita
908 4756 936 4795 se
946 4740 1119 4810 habentibus,
1132 4756 1196 4813 qua,
1212 4738 1239 4801 b
1253 4740 1295 4796 nis
1305 4743 1369 4797 vitre
1383 4740 1499 4797 labentis
1526 4741 1553 4795 in
1578 4741 1774 4797 beatitudinem
1799 4741 1862 4800 vitae
1876 4736 2052 4813 permanentis
2131 4723 2132 4728 ¹

397 4853 501 4913 mraeao,
529 4835 634 4891 ratione
653 4837 757 4903 poterat
787 4829 902 4884 terrenis
929 4826 1059 4900 operibus
1087 4844 1199 4901 operam
1254 4829 1397 4885 translatus
1412 4836 1462 4899 est,
1478 4829 1570 4885 omnia
1584 4830 1621 4884 ad
1645 4829 1837 4901 episcopatum
1859 4829 1970 4901 quidem
1986 4826 2052 4882 Can-
2131 4873 2132 4882 ,

396 4930 472 4997 dare,
501 4940 582 4997 quern
612 4930 666 4976 tarn
694 4916 813 4975 assidam
836 4917 1026 4989 oppressiones
1050 4924 1077 4973 et
1090 4932 1199 4973 suarum
1254 4918 1416 4974 tnariensem
1431 4915 1604 4989 pertinentia,
1620 4932 1723 4973 rnorem
1746 4917 1839 4974 fratris
1853 4912 2052 4972 auiWilihelmi

395 5030 489 5083 aarum
516 5008 711 5069 destructiones
738 5022 794 5063 non
821 5005 967 5063 cessabant
995 5005 1130 5079 inligare?
1158 5007 1199 5062 Ea
1252 5005 1326 5078 regis
1338 5013 1455 5076 secutus,
1467 5007 1496 5061 iu
1509 5022 1586 5062 suurn
1597 5006 1746 5062 dominium
1763 5024 1811 5064 rex
1823 5007 1960 5064 llenricus
1970 5002 2053 5075 redigi

398 5115 489 5170 teman
504 5116 565 5175 qnae
593 5114 644 5171 per
671 5112 702 5153 ee
729 5096 817 5166 ipsum
833 5111 887 5152 non
902 5095 1026 5164 valebat,
1041 5110 1091 5166 per
1104 5094 1200 5152 fideles
1252 5094 1386 5167 precipit,
1401 5094 1482 5151 rebus
1509 5094 1704 5153 monaehonnn
1719 5096 1748 5150 in
1762 5112 1795 5152 ea
1814 5111 1872 5167 qua
1900 5095 1963 5151 illas
1977 5094 2054 5148 Peter

395 5192 515 5255 liuterius
541 5204 596 5247 enas
623 5185 705 5257 lilios,
732 5184 818 5241 livore
845 5199 951 5253 carens,
981 5191 1008 5241 et
1030 5183 1098 5239 nihil
1112 5200 1199 5256 usqne
1251 5183 1396 5239 Anselmns
1427 5191 1555 5255 posuerat
1583 5182 1709 5240 libertate
1737 5192 1762 5239 et
1776 5183 1952 5256 previdentia
1966 5181 2053 5255 persi·

398 5276 536 5340 saecularis
559 5276 654 5349 glorta
679 5289 802 5345 qnaerens
821 5273 976 5330 exercebat.
991 5274 1062 5328 Nam
1077 5288 1120 5329 res
1134 5288 1197 5329 mo·
1250 5272 1391 5328 stantibus.
1405 5272 1484 5329 Unde
1505 5258 1543 5328 ει
1555 5279 1618 5329 tunc
1645 5273 1730 5328 multa
1756 5271 1784 5328 in
1812 5272 1944 5329 decorem
1959 5272 2053 5327 domus

396 5370 546 5428 uachomm
559 5364 649 5438 posuit
662 5363 691 5418 in
719 5362 896 5433 dispositione
910 5377 1014 5429 eorum,
1031 5359 1196 5417 constituens
1247 5360 1359 5417 Domim
1373 5360 1470 5417 Christi
1484 5361 1557 5417 laete
1571 5368 1645 5417 sunt.
1665 5360 1841 5434 Quapropter
1853 5376 1918 5419 cum
1942 5354 2053 5431 maligni

396 5458 438 5517 eis
451 5456 481 5513 in
497 5456 619 5530 priorem
634 5459 696 5525 post
721 5449 878 5507 llenricnm.
899 5449 1052 5519 Emulium,
1068 5457 1130 5522 post
1144 5450 1196 5505 Er·
1250 5450 1361 5523 quidam
1387 5450 1445 5522 regi
1467 5450 1666 5524 suggessissent
1689 5450 1837 5507 monachos
1867 5450 1998 5517 insanire,
2025 5453 2050 5501 et

395 5546 514 5618 nullum,
524 5543 678 5602 conradum
688 5538 844 5612 (ipsiusloci
859 5538 1020 5610 monachos)
1035 5536 1195 5613 adquorum
1250 5554 1311 5611 quae
1323 5538 1464 5612 regalibus
1488 5539 1615 5611 expensis
1642 5536 1788 5612 magnifice
1807 5547 1920 5613 possent
1934 5534 2053 5595 admini-

394 5644 488 5697 untnm
500 5632 612 5709 negotia
625 5628 757 5687 lieolesiae
771 5634 867 5685 cuncta
881 5627 1060 5695 reserrentur,
1076 5634 1103 5684 et
1115 5643 1196 5684 com·
1249 5628 1343 5698 calari,
1357 5627 1386 5683 in
1400 5627 1532 5701 superilos
1545 5644 1611 5684 usus
1638 5628 1674 5683 ab
1701 5628 1742 5684 eis
1767 5627 1888 5700 qoutidie
1900 5624 2050 5700 pmlligari,

394 5726 470 5784 muni
495 5722 609 5784 consilio
637 5720 747 5780 imtrunr
762 5724 947 5786 tractarentur,
972 5716 1193 5791 disponerentur,
1248 5717 1308 5790 ipse
1328 5717 1367 5789 (ut
1387 5716 1430 5773 sir
1456 5717 1584 5790 pmdenti
1607 5716 1728 5774 bonitate
1741 5716 1926 5789 conspicuus).
1942 5738 1955 5765 ι
1971 5712 2050 5784 Quid,

395 5815 611 5877 terrninareutur.
638 5810 680 5868 lix
707 5807 833 5867 liberante
854 5805 951 5882 igitur,
966 5821 1020 5881 qua
1033 5805 1061 5863 in
1075 5822 1120 5865 ree
1133 5822 1196 5865 sues
1247 5805 1346 5881 inquit,
1371 5805 1399 5864 in
1426 5815 1550 5865 externas
1578 5822 1725 5882 expensas,
1753 5805 1782 5864 in
1794 5806 1936 5867 molaria
1951 5804 2048 5880 alique,
