4750 6725
343 358 351 401 i

318 573 366 629 sn
610 519 617 522 ’
880 567 1332 636 ντενοντῖτνονοντνῖτν.
1353 573 1399 637 v1.
1917 592 1971 652 sas

316 698 475 770 prinsquam
489 695 517 753 iu
530 695 706 768 pontificatus
717 694 822 754 electus
836 699 920 762 esset,
937 695 1032 756 lacere
1045 699 1158 766 sols-A
1172 701 1321 762 inimicitiae
1347 704 1413 761 mibi
1437 721 1473 763 ex
1486 716 1575 764 vestra
1587 717 1664 780 parte
1678 725 1729 782 per
1742 726 1791 769 ecs
1802 729 1872 786 qnos
1890 716 1970 774 soliis

315 786 373 842 bat.
389 785 559 842 Carventum
574 785 773 842 monachorum
788 799 844 842 non
867 783 953 842 lacile
976 785 1114 857 deserens,
1169 791 1316 850 familiares
1334 810 1393 850 esse
1419 794 1549 867 sciebam,
1577 797 1792 869 intenderentur,
1825 802 1877 859 nisi
1904 805 1967 877 epi·

314 875 364 932 sed
379 873 586 932 marcellorum
601 889 663 930 sese
678 873 706 929 in
720 871 847 930 omnibus
862 873 980 930 babens.
1000 875 1116 932 Transiit
1168 881 1290 954 scopatui
1319 882 1441 940 lunditus
1467 884 1604 954 cederem,
1623 895 1651 943 et
1678 887 1720 944 his
1746 899 1837 948 vester
1850 891 1963 951 habitus

314 963 344 1020 in
359 963 418 1018 istis
433 977 531 1032 annus,
548 961 657 1034 integer
672 969 699 1018 et
725 960 819 1029 semis,
845 961 991 1019 Venientes
1015 964 1116 1020 interea
1168 970 1242 1030 eires
1256 987 1310 1040 mc,
1325 981 1352 1028 et
1362 972 1518 1042 dissaisitio,
1533 990 1587 1047 qus
1613 991 1659 1033 ms
1681 977 1724 1033 his
1746 979 1828 1035 rebus
1841 981 1877 1038 sd
1890 997 1966 1054 pon.

314 1050 488 1109 Csntuariam
516 1050 619 1107 diversi
644 1049 779 1122 episcopi,
808 1050 935 1118 abbatos,
962 1059 988 1107 οῖ
1015 1052 1116 1124 quique
1168 1059 1299 1117 tilicntum
1311 1061 1516 1132 pertinentibus,
1527 1063 1587 1120 sine
1599 1065 1663 1137 lege
1677 1073 1705 1122 οῖ
1715 1065 1820 1136 judicio
1829 1070 1965 1142 spoliasti,

315 1140 431 1207 nobiles,
441 1139 633 1212 quibominem
642 1155 677 1196 ex
687 1138 888 1197 cnlrbitatinne
896 1139 983 1196 Patris
994 1140 1116 1198 anselmi
1169 1155 1367 1220 attestarentur,
1382 1151 1535 1207 nssssssrio
1563 1151 1669 1208 dimissi
1696 1156 1771 1225 quod
1785 1156 1906 1213 spissum
1921 1176 1967 1215 m.

315 1229 453 1302 quondam
468 1237 562 1285 notum
572 1228 722 1284 habebant:
736 1229 771 1284 de
786 1229 896 1300 negotio
911 1228 985 1285 iilius
1000 1245 1119 1300 perenn·
1171 1237 1256 1294 lineis
1282 1253 1339 1294 nnn
1362 1239 1448 1309 potul,
1475 1239 1530 1296 εὰν
1557 1241 1592 1296 (10
1606 1239 1663 1297 {5113
1678 1243 1818 1312 epistolari
1833 1245 1964 1304 impu„

316 1317 468 1375 elabantur.
491 1317 527 1373 Et
553 1316 678 1372 ordinem
704 1315 744 1372 rei
767 1315 869 1386 edocti,
883 1332 944 1372 eum
962 1317 1117 1374 Ecclesiam
1171 1326 1285 1399 disquiri
1298 1328 1443 1384 commode
1456 1343 1512 1383 non
1525 1329 1607 1387 valet.
1635 1327 1830 1401 Quamobrem,
1860 1335 1969 1392 omissis

317 1421 400 1478 qnam
414 1405 549 1464 canonice
562 1405 665 1462 electus
682 1405 835 1478 regendam
858 1414 1025 1477 susceperat,
1041 1405 1119 1463 nulls
1170 1416 1244 1485 istis,
1258 1416 1379 1472 breviter
1391 1432 1510 1490 suggero
1525 1417 1589 1488 qnia
1602 1417 1625 1473 si
1638 1418 1667 1474 in
1693 1435 1760 1489 pace
1784 1430 1875 1479 vest-ra
1902 1439 1969 1494 per-

316 1495 422 1552 rstinne
432 1495 511 1567 juxta
525 1494 594 1551 scits
621 1507 757 1550 canonum
785 1492 969 1550 indemnatum
981 1493 1118 1552 dimittere
1172 1504 1285 1573 mittitis,
1301 1513 1330 1561 et
1339 1520 1421 1575 opem
1436 1506 1474 1578 (ul
1500 1513 1619 1562 vestram
1633 1509 1755 1579 regalem
1773 1510 1968 1569 sublimitatem

317 1597 402 1656 posse
419 1582 548 1639 concordi
561 1581 694 1638 sententia
707 1589 890 1652 asseruerunt,
903 1582 966 1640 lieet
979 1599 1118 1640 consecra-
1173 1594 1262 1664 decet)
1277 1592 1350 1649 sem
1365 1593 1515 1664 volueritis,
1528 1601 1559 1650 ui
1571 1596 1607 1650 „d
1620 1611 1672 1652 γρ,
1693 1597 1840 1655 honorifice
1863 1602 1973 1658 ,mm

317 1679 360 1728 tus
374 1686 430 1728 nnn
444 1670 537 1738 luerit,
568 1669 731 1726 electionem
760 1669 886 1726 videlicet
918 1669 1118 1741 quodammodo
1173 1682 1210 1740 ,τι
1223 1681 1387 1754 explendum
1401 1683 1475 1753 apud
1490 1698 1542 1740 vos
1568 1684 1710 1741 ,emplum
1733 1687 1783 1742 p„
1798 1695 1826 1744 02
1840 1697 1971 1759 mmm,

318 1757 518 1816 consecrationi
545 1764 674 1830 praestare
701 1763 895 1814 contestantes.
937 1759 1010 1815 Usus
1035 1757 1120 1830 igitur
1173 1773 1325 1830 mudum
1352 1771 1971 1850 estuantemDejwngbo,51„„,„„di„,

318 1847 429 1908 illorum
444 1854 471 1903 οῖ
485 1846 666 1920 quorumdam
679 1845 794 1902 aliorum
804 1845 930 1913 consilio,
946 1860 1033 1902 necne
1046 1845 1120 1902 beati
1173 1861 1202 1918 p„
1216 1861 1345 1918 omnibus
1358 1860 1490 1918 voluntati
1504 1850 1601 1918 vesun
1615 1877 1721 1934 parere,
1731 1863 1793 1933 nisi,
1803 1866 1876 1937 quod
1885 1866 1970 1936 absit,

317 1937 405 1992 Patris
418 1935 460 1992 sui
475 1932 607 2004 ametur,
623 1933 702 2004 cutus
731 1934 810 1990 occa
832 1935 1001 1991 conversatio
1015 1949 1077 1990 eum
1090 1934 1122 1988 ἰν
1174 1951 1300 2008 visatur
1325 1948 1458 2007 voruntas
1487 1950 1538 2008 ost
1565 1952 1696 2008 resistere.
1712 1953 1792 2022 Quor
1805 1953 1829 2010 s
1844 1955 1973 2028 amplecti

318 2023 411 2082 multis
425 2024 491 2082 olim
505 2023 709 2092 informaverat,
732 2023 858 2095 exemplo
878 2030 1058 2094 provocatus,
1074 2021 1119 2094 qui
1133 2053 1161 2115 B
1176 2039 1288 2096 menime
1299 2037 1389 2106 mltis,
1404 2037 1475 2094 ulem
1492 2053 1548 2094 „00
1562 2054 1682 2110 possum,
1698 2041 1757 2097 nso
1780 2056 1890 2098 causam
1919 2045 1975 2100 νο.

320 2113 387 2170 ΟῙῙΝ
402 2113 438 2170 (ὼ
452 2112 557 2186 Milli
574 2127 662 2183 a(lues
692 2112 827 2183 istil)seli
850 2111 952 2174 50οῑῑῆ
967 2126 1018 2184 1)ΐο
1033 2109 1119 2166 Simili
1172 2128 1264 2186 clasiae
1287 2143 1343 2184 sna
1365 2126 1596 2197 commississe
1623 2128 1724 2196 videat,
1742 2128 1802 2200 ipsc
1825 2131 1975 2202 dispenset,

323 2217 408 2258 causa
421 2201 588 2272 parinrdine
602 2200 695 2272 pulsus
710 2199 808 2268 iuerat,
823 2198 1121 2273 sieutlongcsoperius
1174 2218 1247 2290 im„
1260 2214 1334 2288 quod
1348 2215 1463 2286 mque
1485 2222 1612 2286 merem„
1651 2216 1680 2272 ᾗ,
1708 2217 1761 2275 ho,
1786 2234 1837 2275 ,uo
1864 2220 1976 2293 flegon„

325 2290 419 2347 118ῧὶῑῦ
438 2289 540 2349 ῐῐῖθῦῑίθ
554 2288 835 2362 ffiisffldisii‘lwfflffl
859 2287 1014 2360 flliswissffls
1039 2302 1121 2362 (lum
1175 2306 1275 2378 cuique
1295 2304 1401 2360 reddet.
1430 2305 1490 2376 Ego
1517 2304 1639 2373 liberavi,
1669 2310 1700 2361 ut
1724 2305 1841 2373 aestimo,
1855 2308 1976 2365 animem

317 2393 383 2436 ecce
396 2377 605 2446 subscribimus,
622 2375 755 2449 scriptam
771 2375 887 2432 direxit:
1175 2411 1285 2457 meam,
1301 2407 1365 2467 030,
1381 2393 1419 2449 ui,
1432 2393 1526 2461 debu„
1541 2409 1636 2450 ,mm
1663 2410 1697 2452 ω
1719 2395 1836 2467 ,xpm
1863 2411 1975 2453 “mm

356 2467 536 2523 sillesandro
551 2464 648 2522 illustri
678 2463 737 2538 regi
765 2465 919 2532 Scotorum,
958 2463 1121 2533 Endmerus,
1176 2498 1275 2550 mm,
1289 2482 1443 2554 pamm„
1457 2481 1586 2538 omnibu,
1598 2482 1680 2554 ,equi
1701 2484 1871 2542 ,opunmem
1884 2499 1974 2541 ,m

320 2556 460 2630 quondam
475 2554 577 2611 clectus
592 2553 737 2628 episcopus
749 2551 859 2620 Scotiee,
876 2551 991 2608 salutem
1015 2559 1042 2608 et
1060 2567 1123 2608 ser·
1176 2575 1219 2630 Ne
1239 2579 1332 2628 ,amen
1360 2569 1460 2642 puleii,
1473 2586 1518 2626 m,
1532 2570 1560 2626 jn
1574 2571 1665 2643 ,liquo
1678 2571 1750 2628 γρηῦ
1764 2572 1912 2645 quidqum
1924 2573 1979 2631 d„

320 2645 430 2704 imum·
1178 2676 1275 2734 rogare
1289 2658 1405 2714 libertati
1419 2656 1464 2714 rel
1478 2657 1607 2731 dignitati
1634 2658 1713 2732 regni
1727 2659 1879 2730 Scotnmm,
1896 2677 1978 2720 sccu-

360 2775 371 2804 s
385 2753 439 2808 Pro
454 2749 575 2824 benigna
589 2748 739 2820 voluntate,
756 2763 838 2820 sevam
851 2763 881 2804 se
896 2762 965 2822 erge
979 2763 1023 2802 me
1038 2755 1125 2804 vestm
1178 2765 1240 2806 rnrn
1252 2764 1302 2806 vos
1315 2763 1378 2804 esse
1390 2747 1464 2816 vclo,
1477 2747 1541 2819 quin
1554 2748 1627 2818 qnod
1642 2765 1659 2804 a
1672 2763 1715 2804 me
1741 2747 1865 2820 petiistis,
1882 2758 1909 2807 et
1922 2767 1978 2825 ego

319 2839 485 2898 excellentia
511 2837 580 2896 olim
595 2838 725 2894 habuisse
752 2840 905 2892 monstrare
931 2837 1045 2909 dignata
1071 2841 1124 2902 eet,
1179 2844 1245 2896 tunc
1273 2837 1384 2909 quidem
1411 2835 1594 2908 aecqniesoere
1620 2836 1706 2907 nolui,
1734 2838 1874 2895 aestimans
1900 2839 1979 2897 aliud

318 2929 431 3003 gratias,
458 2943 525 3000 quas
552 2941 674 2999 possum,
711 2924 791 2983 vobis
817 2924 942 2982 exsolvo.
961 2923 997 2980 Et
1016 2922 1125 2995 quidem
1179 2941 1261 2998 mam
1289 2925 1440 2982 secundum
1462 2922 1534 2995 qnod
1548 2924 1723 2994 postmodum
1736 2925 1829 2993 didici,
1843 2927 1979 2985 adunare

318 3017 493 3091 benignitatis
517 3024 614 3072 vestree
634 3029 687 3071 nnn
708 3013 868 3070 meritorum
895 3028 1017 3068 meorum
1041 3010 1126 3068 {nime
1179 3014 1326 3081 debebant,
1355 3013 1390 3069 de
1418 3029 1483 3086 rege
1506 3011 1608 3070 scilicet
1622 3011 1783 3085 Anglornm,
1798 3012 1980 3088 depontidca

319 3123 378 3165 nnn
404 3105 509 3176 nendo,
536 3103 609 3176 quod
637 3102 826 3176 pretermissis
847 3100 1005 3170 innumeris,
1019 3115 1127 3174 quossi
1181 3101 1396 3169 Cantumiorum,
1422 3100 1507 3158 etde
1533 3100 1723 3160 benedictione
1762 3103 1933 3172 sacerdotali,
1955 3105 1980 3161 si

319 3197 385 3253 vitm
399 3195 533 3268 probitas,
547 3201 574 3248 nt
588 3191 730 3264 sapientiae
744 3197 825 3261 atque
840 3189 1127 3261 prudenrtaeitlustrn-
1181 3193 1320 3266 bucusque
1346 3190 1491 3264 persistitis
1518 3189 1548 3245 in
1574 3190 1708 3247 sententis
1734 3200 1832 3260 vestra,
1853 3209 1897 3249 me
1918 3210 1980 3250 am·

324 3281 539 3352 betauctnritas,
553 3297 597 3338 me
613 3281 640 3335 in
656 3279 841 3354 episcopatum
858 3277 989 3352 elegistis,
1005 3285 1127 3350 etregno
1179 3282 1254 3354 plius
1282 3279 1507 3338 contradictorem
1529 3295 1585 3336 nnn
1613 3279 1729 3351 bebetis,
1757 3296 1808 3338 nec
1835 3281 1883 3338 illa
1902 3297 1980 3340 mes

319 3381 426 3440 vestro,
442 3370 519 3427 iniis
534 3386 595 3442 quae
609 3367 658 3425 bei
673 3377 745 3437 suot,
760 3384 879 3442 preaesse
897 3366 1032 3423 voluistis.
1047 3366 1122 3423 lted-
1137 3412 1162 3477 Ο
1180 3370 1291 3428 servitio
1319 3369 1367 3425 liei
1394 3376 1421 3425 et
1445 3384 1538 3426 amore
1552 3376 1655 3435 vestro,
1672 3369 1738 3440 quin
1751 3370 1825 3441 qnod
1838 3373 1979 3429 volueritis

318 3462 366 3518 dal
379 3461 458 3517 vobis
477 3459 649 3531 omnipotens
667 3459 741 3515 Deus
756 3473 807 3528 pm
828 3465 885 3512 tam
900 3456 1122 3513 bonevnluotate
1177 3459 1287 3526 lsciam,
1303 3458 1358 3515 ullo
1382 3458 1464 3515 modo
1478 3458 1620 3521 divellent,
1634 3459 1821 3516 tantummodo
1835 3458 1890 3517 alis
1917 3478 1979 3532 quae

317 3548 387 3606 illud
400 3548 544 3621 premium
558 3547 633 3619 qnod
647 3546 720 3603 bona
749 3545 873 3603 voluutas
897 3550 1018 3600 meretur
1047 3542 1120 3615 apud
1174 3546 1311 3619 pontilicis
1325 3546 1416 3603 Sancti
1431 3545 1548 3601 andrea
1560 3544 1615 3615 iuri
1629 3554 1797 3616 competunt,
1813 3547 1882 3603 mibi
1896 3548 1980 3607 liceat

318 3654 392 3695 eum.
420 3638 457 3694 Et
484 3637 536 3693 boc
563 3634 656 3707 ntique
695 3641 755 3691 orat
776 3632 898 3706 quotidie
924 3638 952 3689 οῖ
982 3631 1122 3689 desiderat
1175 3652 1236 3691 cum
1251 3643 1342 3691 vestra
1354 3634 1428 3690 bona
1441 3634 1580 3691 voluntate
1604 3632 1804 3691 administrare.
1827 3636 1892 3693 llaec
1906 3636 1974 3693 olim

317 3727 413 3784 anima
428 3740 499 3783 mea.
515 3723 595 3794 Quod
610 3729 700 3779 autem
714 3738 760 3778 res
774 3722 868 3790 elium,
893 3736 975 3794 quam
990 3719 1122 3793 propositi
1173 3723 1253 3780 vobis
1265 3722 1444 3779 insinuassem
1457 3739 1465 3784 ;
1488 3722 1538 3777 sed
1553 3721 1617 3794 qnia
1631 3736 1726 3778 rumor
1740 3737 1848 3795 quaque
1861 3723 1975 3781 discur-

317 3814 472 3875 communis
487 3822 565 3871 ῖοτοτ
579 3810 725 3879 exstiterit,
745 3818 873 3870 eventurn
887 3808 983 3865 sortita
997 3816 1049 3877 est,
1072 3807 1122 3865 llei
1174 3810 1254 3868 rebat
1267 3823 1316 3868 vos
1331 3811 1359 3866 in
1373 3808 1514 3883 angliam,
1527 3808 1682 3881 postposita
1694 3811 1770 3865 omni
1783 3810 1976 3884 ambignitate.

316 3904 503 3979 dispositioni,
519 3916 599 3973 quern
614 3908 758 3972 penetrare
778 3899 822 3955 vel
834 3898 1022 3971 subterfugere
1040 3912 1121 3952 nemo
1175 3915 1239 3966 inno
1253 3900 1297 3955 vel
1311 3904 1387 3968 tunc,
1408 3905 1454 3954 ant
1467 3905 1541 3954 certe
1569 3906 1634 3955 tnnc
1660 3906 1820 3970 ventorum,
1855 3901 1978 3961 scribere

315 3998 418 4065 potest,
433 3989 627 4047 ascribendum
642 3988 701 4045 iore
716 4000 771 4045 non
786 3984 890 4043 dubito.
901 3983 974 4055 Quid
989 3993 1121 4040 tamencx
1174 3988 1276 4059 distuli,
1299 3988 1372 4061 qnod
1392 3985 1482 4059 magis
1503 3985 1631 4059 optabam
1655 3995 1761 4044 secreto
1784 3988 1862 4045 vobis
1895 3990 1979 4047 allato

316 4082 519 4139 discessumeo
532 4094 549 4135 a
562 4072 1037 4150 pentilinatudidicerim‚silacultas
1051 4072 1120 4129 mihi
1174 4076 1322 4134 declarare.
1353 4076 1417 4135 Sive
1443 4073 1525 4148 igitur
1550 4074 1603 4131 ista
1625 4074 1789 4147 suscipiatis,
1804 4077 1862 4134 sire
1885 4077 1979 4137 altiori

315 4170 427 4227 daretur
435 4168 563 4226 secretins
571 4164 797 4237 vobislnqnendi,
813 4171 913 4221 sanctes
933 4159 1008 4219 liidci
1023 4169 1121 4219 vestras
1174 4166 1288 4224 consilio
1301 4164 1482 4239 postponatis,
1498 4179 1561 4238 ego,
1589 4163 1664 4236 quod
1677 4180 1739 4221 mea
1751 4164 1845 4234 reiert,
1860 4183 1932 4238 pnra
1952 4174 1980 4225 et

316 4258 498 4315 notificarem.
518 4256 673 4313 Licetenim
687 4268 802 4325 corpore
815 4266 833 4309 a
847 4250 1119 4318 vobisdiacesserim,
1174 4254 1294 4326 simplici
1308 4253 1475 4311 conscicntia
1490 4250 1552 4321 ieci,
1567 4251 1627 4323 ipso
1641 4257 1739 4310 cuneta
1749 4253 1919 4327 inspiciente
1949 4265 1978 4313 et

317 4346 448 4407 noveritis
461 4352 554 4402 tameo
579 4358 629 4415 prn
656 4350 729 4399 ceno
744 4340 817 4415 quod
838 4338 932 4407 iidem,
947 4355 1029 4411 qnam
1045 4338 1122 4395 vobis
1174 4341 1355 4411 examinante,
1371 4342 1418 4414 qni
1431 4340 1507 4398 novit
1520 4340 1586 4413 quid
1600 4340 1698 4411 cuique
1723 4342 1880 4399 redditurus
1893 4360 1976 4417 equo

314 4437 415 4505 doben,
430 4434 622 4506 Daojovsote,
651 4446 706 4487 non
733 4430 856 4487 violabo.
897 4427 974 4485 Unde
1002 4436 1122 4484 vestrum
1174 4430 1361 4487 moderamine
1374 4430 1420 4485 sit.
1436 4427 1569 4498 Quonism
1583 4444 1650 4501 ergo
1673 4429 1703 4484 in
1730 4446 1812 4485 manu
1836 4430 1898 4501 ejus
1913 4441 1975 4488 sunt

316 4533 344 4584 et
370 4524 450 4598 regni
476 4525 620 4589 bonoram,
649 4520 679 4575 in
711 4518 921 4592 quibuscunque
959 4524 1067 4588 potero,
1096 4515 1124 4572 si
1174 4519 1258 4577 οῖίοω
1272 4517 1357 4576 eorda
1370 4516 1493 4574 omnium
1506 4532 1614 4589 regom
1629 4516 1726 4573 intimo
1748 4518 1833 4574 carde
1855 4533 1926 4592 rapo
1949 4529 1979 4577 ut

316 4630 373 4671 nnn
399 4611 566 4685 spreveritis,
589 4606 708 4665 fideliter
729 4622 862 4680 queram,
888 4604 948 4676 ipso
975 4612 1054 4673 teste,
1074 4603 1120 4675 qui
1174 4608 1233 4681 ipse
1246 4622 1295 4665 cnr
1311 4610 1441 4676 vestrum,
1457 4612 1484 4662 οῖ
1498 4609 1577 4662 actos
1590 4610 1705 4676 vestros,
1718 4604 1754 4661 ad
1768 4622 1799 4662 se
1812 4622 1859 4663 sna
1884 4608 1976 4680 pratia

315 4699 492 4759 conscientiae
506 4713 577 4754 uraae
596 4694 670 4753 solus
685 4702 711 4752 et
725 4710 807 4752 vertis
833 4693 971 4765 inspector
991 4702 1046 4749 est.
1063 4692 1121 4749 Nec
1174 4696 1286 4770 dirigat,
1313 4702 1446 4768 qnamnus
1474 4701 1501 4751 et
1523 4692 1649 4751 Ecclesia
1672 4709 1732 4763 sua,
1755 4710 1817 4765 qnae
1840 4696 1869 4751 in
1888 4712 1975 4770 regno

314 4790 379 4847 hec
392 4788 454 4847 dien
469 4785 543 4861 quod
557 4784 671 4841 multum
698 4782 852 4840 desiderem
880 4783 910 4837 in
925 4796 1012 4855 reguo
1027 4787 1119 4839 vestro
1132 4766 1160 4829 D
1173 4793 1267 4845 restro
1280 4784 1480 4857 peregrinator,
1495 4792 1587 4841 νοοῖτο
1600 4797 1653 4853 ope
1679 4781 1707 4838 in
1731 4792 1826 4840 sanem
1853 4800 1976 4843 conver-

314 4876 479 4951 sltiwoltarb
498 4876 547 4933 ⁸⁰1¹
574 4880 667 4931 iatum
694 4870 807 4929 mallem
835 4870 998 4945 dissitam
1036 4874 1117 4927 terre
1172 4875 1279 4933 satione
1305 4874 1341 4931 ds
1367 4873 1414 4930 die
1441 4873 1470 4929 in
1482 4872 1557 4928 diem
1570 4870 1706 4943 proliciat,
1720 4880 1748 4928 et
1761 4872 1861 4931 aninam
1874 4883 1973 4932 vestris

313 4973 415 5025 vestre
442 4962 535 5039 superi
564 4976 646 5035 quam
673 4958 816 5017 minorari·
846 4959 980 5017 Praeterea
1014 4956 1120 5015 noverit
1171 4971 1235 5039 post
1261 4965 1313 5020 bac
1326 4962 1416 5018 vitam
1431 4958 1608 5017 beatitudinis
1621 4966 1732 5018 aeternae
1745 4975 1852 5019 merces
1875 4963 1977 5021 exinde

314 5054 457 5112 beatitudo
483 5058 576 5111 vestra
598 5048 671 5124 quod
699 5064 795 5106 omnes
817 5046 864 5121 <lui
878 5044 989 5102 audiani
1004 5045 1120 5120 qualiter
1171 5052 1323 5127 proveniat.
1339 5053 1434 5107 amen.
1450 5047 1523 5120 Quid
1549 5048 1584 5104 de
1611 5046 1670 5105 istis
1692 5048 1861 5108 excellentiae
1875 5060 1976 5111 vestrae

315 5144 435 5211 electos,
462 5147 605 5211 susceptus
632 5146 658 5195 et
684 5135 844 5209 pontificatu
871 5136 990 5205 saisitus,
1017 5142 1044 5191 et
1058 5133 1119 5191 loon
1171 5140 1291 5215 placeat,
1321 5137 1450 5211 benigna,
1474 5150 1579 5210 qoaeso,
1594 5136 1662 5193 milri
1675 5135 1750 5195 iideli
1763 5148 1854 5197 vestro
1876 5140 1977 5200 litteris

314 5230 456 5305 pontilicis
480 5227 640 5286 substitutus
667 5225 717 5295 ini,
738 5240 791 5281 nna
817 5224 953 5281 molentis
979 5228 1117 5293 asserunt,
1172 5228 1229 5287 suis
1242 5226 1380 5285 nodfiesrc
1393 5225 1534 5299 dignetur.
1554 5224 1650 5282 Vale..

315 5336 370 5378 nee
383 5334 429 5377 ms
448 5318 521 5390 inste
547 5316 668 5388 potuisse
695 5314 882 5388 episcopatum
907 5311 1054 5380 dimittere,
1069 5326 1120 5368 neo

314 5408 399 5465 alium
427 5424 471 5465 me
497 5406 606 5465 vivente
631 5402 712 5475 juxta
740 5401 833 5476 legem
857 5400 966 5458 Domini
993 5398 1119 5457 substitui

313 5513 407 5570 posse.
422 5496 480 5554 Nec
494 5495 566 5553 enim
581 5494 623 5549 vir
635 5506 749 5549 uxorem
764 5505 852 5558 suum,
868 5498 914 5545 sut
928 5504 997 5546 uxor
1015 5488 1118 5557 virum,

312 5595 342 5644 ut
355 5586 404 5642 alii
417 5585 512 5653 nnbat,
528 5582 665 5639 dimittere
676 5577 806 5653 regaliter
819 5585 920 5649 potest.
937 5576 992 5635 Sed
1003 5575 1120 5633 [οτῖοοοο

314 5674 423 5732 dicitis:
449 5676 489 5731 l'ss
515 5671 660 5729 dimisisti.
687 5666 784 5724 Dimisi
808 5666 931 5741 quidem,
963 5666 1024 5733 sed,
1045 5664 1119 5737 quod
1212 5662 1397 5721 «Alexandro
1428 5660 1526 5718 illustri
1548 5659 1609 5733 resti
1649 5661 1803 5735 Scotnmm,
1840 5667 1975 5725 manlius

311 5774 377 5822 cnm
390 5778 473 5835 posse
489 5768 582 5819 restra
595 5758 712 5823 dicatur,
729 5755 806 5812 illato
821 5754 858 5823 vi,
873 5754 916 5812 cui
930 5752 1063 5813 contraire
1076 5769 1121 5811 ne·
1174 5750 1375 5812 cantuariensis
1389 5748 1525 5808 Ecclesia
1552 5748 1685 5820 minister,
1713 5760 1741 5808 et
1768 5752 1879 5811 lratmm
1903 5771 1973 5814 eon.

313 5851 403 5927 quivi.
422 5850 493 5909 Cum
508 5847 581 5907 enim
594 5838 693 5921 perpes
704 5842 851 5917 discordia,
863 5851 890 5901 et
903 5840 1120 5905 interminabiles
1173 5849 1270 5901 ventos
1288 5841 1409 5898 Domino
1424 5838 1530 5897 Christo
1544 5836 1575 5895 in
1589 5851 1623 5898 ea
1640 5838 1813 5905 deservierat
1830 5843 1971 5915 perillum

1208 5352 1280 5411 llisit
1293 5352 1388 5421 etiarn,
1412 5348 1478 5422 ipsis
1491 5346 1598 5418 diebus,
1610 5349 1769 5424 lladulpbns
1781 5353 1974 5429 archiepisco.

1173 5459 1226 5516 pus
1249 5446 1278 5498 et
1302 5440 1403 5497 iratres
1438 5437 1569 5495 &clasis
1604 5438 1802 5499 cantuariensis
1827 5446 1973 5517 epistolam

1174 5530 1226 5603 ipsi
1240 5529 1310 5604 regi,
1331 5530 1390 5585 herc
1404 5526 1475 5584 inter
1486 5526 1542 5584 alia
1555 5526 1759 5587 continentem:

459 6003 586 6097 Parnes,
602 5999 692 6057 cotx.
1813 5994 1847 6049 ti
