4750 6725
428 583 483 639 'll'l
943 566 1103 625 subsitat
1126 560 1403 621 CdNTUfflENSIS
1416 559 1576 617 HONAOEl
2035 556 2095 611 'ild

427 702 483 762 lari
504 702 662 774 coepissent,
684 697 767 770 jussit
787 694 910 769 pontiies
935 700 1048 751 caeteros
1068 690 1104 747 ad
1125 691 1221 746 boram
1234 688 1264 751 Α
1277 686 1380 743 minem
1393 686 1533 758 cognorit.
1556 692 1633 743 tanto
1645 684 1786 743 sollicitius
1803 684 1932 754 instabat,
1947 688 1981 741 nt
1996 684 2094 741 ulen-
2168 754 2169 763 ἵ

430 791 537 865 egredi.
558 790 664 847 Debiuc
683 787 719 843 ad
737 789 837 842 neam
861 781 1052 855 presbyterum
1069 794 1228 847 conversus,
1281 782 1344 831 tum
1356 774 1410 831 sibi
1430 773 1563 829 creditum
1586 773 1706 833 nomiae
1719 790 1770 831 suo
1793 774 1888 831 iecore
1901 773 2093 845 multiplicato
2168 764 2169 837 l

432 895 549 957 queque
561 878 668 934 viderat
680 875 779 933 ordine
792 872 894 941 retulit,
909 870 1052 927 cernenda
1063 867 1142 924 illurn
1155 866 1232 937 adju·
1282 870 1447 937 reportaret.
2168 852 2169 859 ’

428 971 533 1027 ratione
546 968 746 1037 counrinqens,
769 978 804 1019 ue
823 961 888 1018 dum
901 958 966 1017 boio
988 959 1052 1013 ritae
1065 964 1228 1029 superasset,
1318 955 1366 1007 ⁶⁰.
1385 952 1422 1007 Et
1433 952 1491 1023 J'am
1512 959 1620 1023 tempus
1634 952 1760 1026 angelica
1780 950 1949 1009 revelatione
1962 954 2093 1023 pronam·

430 1059 557 1129 cuiquam
572 1054 676 1111 bomini
689 1052 821 1111 visionem
835 1050 924 1123 ipsam
937 1046 1072 1105 ediceret.
1283 1057 1346 1097 sum
1373 1040 1474 1097 instare
1503 1042 1654 1113 praestit,
1679 1056 1742 1099 curn
1765 1056 1831 1097 ecce
1856 1042 1937 1113 pravi
1963 1043 2096 1113 corporis

464 1149 510 1201 59.
537 1142 683 1201 Coordmt
704 1140 788 1215 igitur
810 1153 957 1212 episcopus
975 1134 1082 1193 cincus
1103 1132 1231 1206 qauden·
1283 1129 1422 1201 languore
1436 1130 1582 1199 invaditur,
1603 1138 1631 1187 et
1645 1130 1777 1205 fatigatus
1789 1128 1860 1187 lecto
1874 1130 2017 1202 recipitur.
2038 1132 2096 1188 Ve-

431 1236 514 1303 tibos,
534 1240 678 1305 ereptoque
701 1229 796 1287 idnere
816 1226 974 1285 numnam
988 1224 1075 1281 seuit.
1101 1220 1232 1293 Epistolis
1285 1218 1407 1275 nemnda
1434 1218 1550 1277 fratrum
1577 1220 1700 1292 munina,
1727 1233 1780 1275 nec
1804 1234 1859 1275 aon
1882 1228 1909 1275 st
1922 1219 2016 1291 plebis
2030 1235 2097 1277 cnm

430 1328 521 1381 saleru
536 1338 645 1395 quas.a
667 1321 798 1377 Romanae
810 1317 886 1373 sedis
906 1314 1027 1370 antistite
1039 1319 1187 1384 acceperat
1203 1310 1231 1365 in
1285 1306 1343 1361 suis
1370 1306 1536 1377 primatibus
1563 1323 1627 1381 pars
1655 1308 1776 1363 maairna
1799 1312 1829 1363 in
1855 1324 1943 1363 unuin
1965 1308 2097 1378 confluit,
2168 1326 2169 1363 ι

429 1419 566 1469 musceto
584 1408 717 1467 nobilium
731 1405 818 1475 lectis,
838 1402 994 1463 birtualdus
1006 1400 1233 1473 archiepiscopus
1284 1394 1386 1451 lectam
1402 1394 1518 1465 jacentis
1532 1394 1663 1453 debiliter
1684 1394 1780 1465 ambit,
1795 1394 1880 1468 litque
1907 1412 1997 1467 paror
2009 1414 2097 1470 gran
2168 1420 2169 1431 2

430 1513 459 1563 et
480 1499 615 1559 AEilredus
637 1494 775 1568 quondam
797 1499 939 1562 re1,tnnc
961 1498 1053 1547 autem
1071 1488 1168 1558 abbas,
1192 1490 1232 1545 eis
1285 1482 1339 1549 dis,
1352 1499 1386 1539 ne
1412 1484 1483 1541 torte
1498 1485 1609 1542 recedat
1622 1484 1658 1541 sb
1680 1484 1746 1551 illis.
1770 1487 1806 1541 tt
1832 1484 1925 1542 ibose
1943 1485 2096 1543 delabere

431 1589 611 1651 libentissime
633 1587 770 1643 iurarunt.
785 1580 981 1648 Quividelicet
1002 1577 1137 1633 AEilredus
1154 1578 1230 1634 acci·
1284 1572 1463 1643 adreqoiem,
1478 1572 1514 1629 da
1529 1573 1637 1629 miseria
1656 1572 1692 1631 ad
1705 1571 1915 1643 beatitudinem,
1929 1573 1965 1631 dc
1981 1575 2098 1631 tristitia

432 1692 489 1739 tum
503 1679 540 1735 ad
552 1692 584 1733 se
597 1673 780 1738 coenredum,
794 1686 875 1743 quan
889 1676 951 1741 post
963 1683 994 1723 se
1006 1683 1100 1739 regem
1114 1666 1229 1735 iecerat,
1283 1662 1320 1718 ad
1333 1677 1482 1733 pomum
1509 1662 1632 1719 tendam
1652 1662 1775 1735 migrare
1787 1663 1974 1735 perpendens,
2002 1666 2096 1721 tristia
2168 1656 2169 1723 l

430 1770 557 1826 hortatus
580 1772 621 1819 eat
633 1769 664 1817 ot
689 1775 799 1817 ursum
822 1755 932 1815 mussini
951 1772 987 1813 cx
1010 1756 1101 1811 animo
1120 1770 1231 1825 temper
1282 1750 1367 1807 corda
1379 1750 1613 1807 nrmmsunbnns
1636 1750 1734 1822 quibus
1755 1759 1861 1821 poterat
1876 1751 1971 1809 verbis
1984 1768 2094 1811 conso.
2168 1728 2169 1797 ἶ

432 1857 548 1923 coleret,
563 1852 691 1925 eligeret,
706 1849 812 1905 foveret
829 1854 858 1903 et
871 1852 968 1903 contra
985 1859 1082 1901 omnes
1103 1843 1230 1899 adversa·
1282 1837 1398 1905 labatur,
1415 1839 1567 1895 dicenseos
1580 1839 1676 1913 lugere
1690 1854 1742 1910 pro
1755 1839 1870 1896 senullo
1880 1840 1964 1897 modo
1974 1842 2095 1915 debere,

433 1948 488 2003 rios
501 1941 654 1999 indefessus
665 1937 692 1994 ei
704 1944 894 2009 propugnator
904 1935 1041 1991 existeret.
1052 1932 1113 1989 Rex
1122 1932 1227 1988 anuuit.
1283 1942 1364 1998 wem
1378 1942 1433 1983 non
1457 1926 1584 1997 ludibria,
1609 1927 1659 1983 scd
1677 1943 1784 1984 summe
1794 1927 1920 1998 jucunda
1937 1938 2001 2001 post
2013 1947 2095 1987 snor-

431 2032 557 2091 ttiridus
568 2044 635 2087 vero
657 2042 706 2083 rex
726 2024 1025 2090 Nordanlsumbromm,
1048 2023 1121 2079 sicut
1139 2020 1228 2094 regui,
1242 2043 1271 2107 B
1285 2023 1340 2073 tem
1354 2015 1432 2073 adire
1445 2016 1630 2073 ccrbmimum
1643 2024 1755 2088 possent
1773 2015 1889 2073 babere.
1908 2018 2002 2089 ipsam
2026 2036 2096 2077 rere

432 2123 473 2180 sic
487 2129 514 2178 et
528 2115 723 2191 indignationis
742 2114 869 2170 baumes
883 2113 989 2169 malens
1007 2124 1229 2177 mccessoresse,
1284 2104 1384 2161 seriem
1407 2104 1555 2161 verboram
1582 2120 1644 2178 qnae
1677 2104 1707 2159 in
1733 2120 1828 2161 eornm
1863 2106 2093 2179 consolationem,

431 2226 513 2285 quam
533 2206 651 2281 jussioni
672 2202 829 2276 apostolice
851 2201 976 2273 deposito
998 2214 1113 2256 mucore
1132 2198 1233 2255 menna
1285 2192 1369 2249 simut
1396 2199 1425 2249 et
1451 2193 1480 2249 in
1506 2200 1608 2251 sanctie
1629 2193 1693 2253 rite
1724 2193 1897 2265 propositum
1922 2197 2093 2255 eumdum

431 2312 574 2358 mseusum
595 2293 729 2367 prebere,
753 2289 918 2363 ambagibus
940 2287 1103 2361 quibusdam
1116 2286 1233 2358 objectis
1284 2282 1452 2339 esbernum
1467 2284 1570 2339 locutus
1585 2291 1638 2350 est,
1653 2281 1714 2354 quia
1727 2282 1873 2353 explicet?
1898 2284 1970 2339 Nam
1985 2296 2093 2357 quanto

430 2386 565 2445 nitebatur
587 2382 744 2447 ostendere,
757 2379 810 2435 sibi
829 2379 938 2450 penitus
950 2392 1007 2433 non
1024 2392 1085 2432 esse
1098 2375 1231 2447 possibile
1284 2370 1373 2444 magis
1406 2370 1671 2429 incommutabilitati
1713 2387 1786 2429 veras
1826 2373 2021 2431 consolationis
2066 2384 2094 2433 et
2168 2374 2169 2379 ’

429 2470 504 2547 quod
520 2466 729 2543 precipiebatur
741 2463 985 2535 exploraremus
999 2461 1122 2517 omnium
1135 2474 1231 2517 secre-
1282 2468 1391 2517 aterne
1417 2460 1481 2516 riter
1509 2459 1754 2532 appropinquabat,
1793 2468 1869 2517 tanto
1896 2461 2005 2533 plenius
2031 2466 2094 2535 ejus

429 2570 458 2619 ta
479 2558 604 2617 cordium
624 2562 752 2612 semlans
772 2552 908 2624 capientia
928 2550 981 2607 Dei
1002 2550 1151 2622 nequitiam
1170 2550 1232 2620 eJ'us
1283 2547 1459 2607 dulcedinem
1484 2549 1635 2619 hauriebat,
1650 2556 1678 2605 et
1691 2549 1816 2605 bausbm
1829 2564 2000 2623 qoornmqnc
2012 2556 2091 2609 assi-
2168 2512 2169 2555 ¹

425 2648 550 2717 mandit,
572 2642 716 2703 attendens
737 2639 912 2708 examinavit,
933 2639 1095 2696 examinans
1116 2638 1231 2695 damna·
1282 2637 1411 2693 standum
1426 2637 1538 2693 auribus
1552 2636 1715 2695 infundebat
1729 2654 1736 2693 r
1762 2645 1789 2694 at
1804 2644 1832 2694 ot
1846 2640 1908 2709 ejns
1921 2654 2000 2695 sacra
2013 2641 2091 2699 inlu-

426 2739 476 2809 rit,
490 2752 524 2795 ac
537 2750 637 2807 corpus
649 2732 723 2789 illios
735 2730 792 2787 acri
808 2729 910 2786 doloris
917 2728 1071 2786 invectione
1081 2727 1122 2783 sic
1133 2726 1231 2783 debili·
1282 2726 1367 2781 sionis
1391 2727 1525 2783 virtutem
1539 2726 1708 2783 audientium
1723 2726 1810 2783 corda
1822 2726 2009 2799 couciparent,
2026 2747 2093 2803 qum

425 2828 504 2895 tarit,
528 2833 559 2881 ut
584 2822 707 2897 protinus
733 2820 803 2877 lecto
816 2818 994 2889 reciperetur,
1016 2823 1044 2873 et
1065 2816 1141 2872 omni
1157 2830 1230 2887 pene
1282 2814 1372 2871 verbis
1387 2815 1506 2885 dicebat,
1535 2813 1656 2871 mirabili
1671 2815 1812 2888 signorum
1828 2813 1948 2873 efficacia
1962 2817 1992 2873 in
2006 2818 2091 2891 ipso·

423 2916 609 2973 membrorum
630 2909 722 2968 officio
741 2907 943 2965 destitueretur.
967 2904 1020 2975 Qui
1038 2920 1145 2962 cumae
1159 2902 1230 2961 mori
1281 2918 1342 2959 rum
1357 2902 1442 2959 oculis
1470 2903 1512 2961 sic
1525 2918 1588 2961 esse
1615 2902 1823 2975 comprobabat.
1847 2902 1915 2973 Quae
1938 2906 2089 2980 equorum

428 3008 618 3075 cognosceret,
642 2996 773 3054 adhibitis
801 2996 913 3052 testibus
938 2993 1075 3066 promisit,
1104 2992 1177 3066 quod
1205 2991 1229 3051 si
1280 2989 1402 3049 efficacia
1428 3008 1462 3051 eo
1490 2994 1579 3067 magis
1606 2992 1695 3049 vimm
1731 2991 1919 3064 comitabatur,
1945 3011 2001 3067 quo
2019 2999 2089 3055 vitre

423 3092 499 3149 Deru
524 3090 608 3147 vitam
643 3086 696 3142 sibi
717 3083 888 3151 concederet,
916 3091 941 3139 ct
960 3082 1045 3151 jussis
1072 3080 1228 3152 apostolicis
1279 3080 1361 3152 hujus
1375 3082 1530 3139 numitoris
1544 3082 1695 3155 fragilitate
1708 3080 1855 3151 decedens,
1879 3099 1993 3141 mmmm
2008 3086 2090 3143 Veri-
2168 3062 2169 3077 ¹

424 3180 509 3238 vellet
522 3176 644 3241 obedire,
660 3183 688 3231 et
701 3172 831 3230 wilfrido
851 3172 926 3227 omui
940 3178 1065 3241 tempore
1078 3169 1226 3226 inclinatos
1280 3169 1328 3225 tati
1354 3170 1520 3229 eternaliter
1552 3170 1743 3243 copulabatur.
1787 3170 1865 3228 Unde
1879 3170 1966 3229 lateor
1992 3174 2091 3233 dicere

427 3269 561 3325 exuere.
579 3263 634 3321 Sed
653 3263 712 3333 ἣρω
727 3261 838 3334 quidem
852 3260 913 3317 sine
926 3258 1122 3316 mancatione
1140 3259 1227 3317 avite
1278 3272 1370 3313 meum
1397 3274 1452 3317 nou
1471 3275 1544 3327 esse,
1571 3267 1638 3331 quot
1654 3258 1754 3315 infirmi
1781 3274 1834 3331 per
1858 3275 1920 3317 eom
1942 3260 2087 3321 ἰιιίὶπιιιιω

425 3356 546 3425 recessit,
562 3351 725 3412 etAEdulios
744 3349 855 3422 quidam
869 3348 938 3406 eiin
952 3347 1223 3422 remansissent,
1277 3344 1332 3402 sint
1359 3346 1394 3404 ab
1409 3347 1483 3405 omni
1510 3346 1670 3406 infirmitate
1697 3346 1797 3420 sanati,
1826 3356 1894 3422 quot
1920 3348 2090 3412 temoubci

423 3446 655 3520 predecessorem
675 3456 755 3498 suum
770 3436 931 3496 crudelitate
952 3446 980 3493 et
997 3436 1087 3494 cordis
1099 3437 1224 3494 obstina-
1239 3394 1264 3458 C
1277 3436 1395 3504 liberati,
1425 3446 1490 3508 quot
1504 3437 1647 3508 paralytici
1673 3437 1794 3506 solidati,
1809 3447 1876 3511 quot
1888 3440 1953 3497 ossei
1977 3441 2089 3498 illumi-

420 3536 497 3592 tione
517 3531 687 3606 praecedens.
717 3530 788 3584 Nam
815 3533 927 3585 sanctim
940 3526 1139 3582 Willridosad
1165 3527 1223 3596 ejus
1277 3521 1344 3591 nati,
1360 3527 1427 3594 quot
1441 3523 1517 3578 surdi
1531 3523 1758 3596 mutiquecnrati,
1774 3532 1840 3594 quot
1853 3523 1914 3580 aliis
1936 3525 2087 3584 mumin-

423 3622 529 3681 curism
542 3621 578 3677 de
592 3619 670 3691 liipis
683 3616 794 3676 veniens
807 3632 857 3689 per
869 3615 979 3672 nuntios
993 3631 1028 3672 an
1041 3614 1101 3687 paci
1114 3615 1224 3688 sequie-
1277 3609 1348 3667 tibus
1361 3609 1464 3682 afflicti,
1480 3620 1611 3683 operante
1633 3611 1703 3680 Deo,
1731 3627 1781 3682 per
1795 3626 1858 3668 euru
1872 3612 2019 3687 magnifice
2033 3633 2086 3674 re·

421 3719 510 3770 sceret
534 3707 685 3782 inquisivit.
708 3705 814 3776 Quibus
833 3704 892 3776 ipse
905 3719 955 3776 pro
977 3704 1088 3776 antiqua
1101 3712 1128 3760 et
1141 3703 1223 3760 insita
1275 3697 1370 3756 creati
1398 3699 1447 3754 ilis
1472 3699 1588 3771 aliisque
1606 3699 1641 3756 de
1669 3699 1759 3756 causis
1788 3700 1909 3758 maxima
1935 3703 2084 3762 bominum
2168 3733 2169 3736 ¹

421 3802 473 3858 sibi
487 3799 610 3871 nequitis
623 3797 691 3854 dure
702 3794 870 3867 respondens
885 3811 892 3848 ε
910 3815 922 3841 ι
940 3794 993 3849 Per
1005 3808 1106 3861 meam,
1121 3791 1220 3864 iuquit,
1275 3787 1419 3843 multitudo
1429 3788 1465 3844 de
1479 3787 1630 3862 lonqinquo
1643 3788 1816 3862 properabat,
1828 3790 1907 3862 eique
1921 3806 1951 3848 se
1963 3807 1996 3848 ac
2007 3809 2083 3852 snos

420 3886 623 3957 salutemjoro,
638 3883 705 3955 quia
719 3882 771 3938 uisi
785 3880 858 3937 inira
871 3879 959 3952 spatis
972 3896 1022 3936 sea
1035 3880 1143 3936 dierum
1158 3895 1221 3937 meo
1273 3874 1415 3945 prosimos
1441 3877 1489 3946 pio
1516 3877 1606 3934 studio
1633 3877 1843 3934 commendabat
1871 3895 1879 3933 :
1917 3894 1986 3952 quos
2012 3881 2081 3954 ipse

421 3991 508 4050 regno
534 3972 692 4039 decesserit,
707 3985 885 4042 quoscunque
904 3969 940 4026 de
961 3968 1019 4025 suis
1032 3969 1153 4026 invenire
1165 3985 1219 4040 po·
1273 3969 1370 4020 sancto
1391 3965 1491 4020 mentis
1505 3964 1603 4022 affectu
1626 3966 1685 4022 Deo
1699 3967 1896 4023 commendans
1914 3970 2082 4030 bombatur
2168 4003 2169 4010 κ

420 4072 490 4131 ιω),
505 4063 561 4120 vim
574 4059 724 4132 privabo.s
741 4059 806 4116 ttae
816 4067 935 4130 prepter,
945 4057 1017 4115 iaetu
1030 4059 1220 4130 conjuratione
1273 4053 1324 4110 Dei
1339 4053 1469 4109 mandata
1492 4053 1602 4111 sincera
1615 4054 1748 4111 charitate
1764 4056 1900 4128 amplecti,
1916 4057 2011 4130 eisque
2028 4077 2084 4133 per

419 4158 514 4209 scobs
541 4165 615 4217 eum,
644 4161 731 4221 regno
758 4147 833 4218 qnod
846 4147 953 4202 duobus
980 4147 1121 4204 mensibus
1135 4149 1220 4205 enuit
1273 4141 1368 4198 omnia
1390 4140 1510 4198 debitam
1537 4142 1723 4200 obedientiam
1751 4158 1814 4200 oum
1832 4147 2083 4208 reverentiaexbi-

419 4239 549 4312 depulsus
562 4245 616 4296 est.
633 4237 696 4294 Post
705 4249 787 4307 quem
803 4243 936 4309 sequente
951 4234 1055 4292 Osredo
1068 4233 1124 4293 lilio
1137 4233 1218 4293 attri-
1273 4229 1351 4288 bere.

418 4329 457 4399 di,
472 4325 856 4400 cumspnodosessetcoacta
868 4323 1139 4394 iustoiluviumNid,
1155 4335 1221 4396 post
1308 4323 1353 4375 dl.
1368 4321 1488 4378 instabat
1511 4319 1593 4395 igitur
1615 4329 1721 4393 tempus
1744 4327 1771 4380 et
1790 4322 1867 4394 bora,
1882 4339 1975 4396 quasa
1997 4328 2083 4387 nullo
2168 4371 2169 4374 η

417 4417 586 4489 aliquantum
614 4413 752 4486 utriusque
792 4414 877 4486 partis
903 4413 1073 4485 condictum,
1109 4414 1218 4470 undem
1272 4409 1428 4466 mortalium
1473 4416 1562 4482 potest
1607 4409 1750 4482 preteriri,
1791 4414 1901 4484 totaque
1932 4412 2083 4473 infirmitas

418 4506 526 4563 cuncus
539 4504 693 4564 iaveudbus
718 4501 815 4559 beatus
827 4502 975 4559 wilfridus
992 4503 1021 4558 in
1047 4502 1142 4560 mdem
1160 4518 1219 4561 sne
1272 4513 1333 4568 ques
1346 4497 1442 4554 famuli
1456 4498 1505 4555 Dei
1520 4513 1619 4570 corpus
1639 4498 1790 4570 premebat,
1807 4499 1902 4556 vitalia
1915 4499 2081 4578 subitAg-
2168 4503 2169 4546 ἒ

418 4595 541 4652 ecclesie
555 4599 681 4665 receptus
707 4598 752 4648 est
766 4591 821 4662 (8).
846 4591 933 4662 Cujus
954 4591 1081 4648 lambiari
1099 4593 1219 4650 amicitia
1272 4586 1346 4643 mint
1359 4585 1458 4644 diversi
1473 4587 1576 4644 ordinis
1594 4594 1695 4656 dalmi,
1711 4596 1738 4644 et
1765 4594 1828 4645 ivit
1844 4587 1932 4645 ltud'ss
1948 4590 2006 4646 Deo
2022 4609 2081 4664 pro

416 4698 464 4739 rex
479 4681 722 4752 osredus-,magno
745 4678 841 4734 affectu
863 4679 1015 4749 copulatus,
1043 4697 1094 4752 per
1120 4697 1218 4738 omnes
1271 4673 1343 4731 illius
1357 4675 1448 4732 obitus
1471 4675 1676 4748 exspectatione
1704 4675 1866 4748 persolvunt
1880 4695 1888 4732 ε
1904 4692 1937 4735 ac
1950 4677 2016 4734 licet
2037 4683 2081 4738 ob

415 4771 524 4843 imperii
538 4771 579 4827 sni
608 4777 695 4825 terras
708 4767 848 4839 praecepit,
869 4776 1001 4838 qnatenus
1025 4783 1107 4826 nomo
1121 4769 1160 4826 illi
1187 4771 1217 4827 io
1230 4737 1257 4800 ὓ
1270 4763 1465 4820 desolationem
1488 4764 1530 4820 sui
1544 4779 1716 4837 nequequam
1746 4763 1840 4838 lugere
1863 4781 1919 4822 non
1945 4781 2080 4842 possent,

416 4859 539 4932 quolibet
548 4857 659 4930 negotio
673 4856 829 4926 contrairet,
839 4857 888 4912 sed
902 4856 972 4912 sicut
986 4856 1089 4913 famulo
1104 4858 1154 4912 bei
1167 4875 1219 4930 per
1270 4867 1319 4923 spe
1335 4859 1424 4908 tamen
1435 4852 1555 4908 maxima
1569 4852 1757 4924 consolantur,
1783 4853 1847 4926 quia
1873 4870 1903 4911 se
1929 4855 2076 4928 spirituali

414 4948 508 5005 omnis
522 4963 617 5004 ornnes
630 4944 783 5003 obedirent.
796 4943 876 5013 Quod
891 4946 992 5000 facturn
1006 4954 1059 5001 est.
1075 4945 1216 5018 Siquidem
1270 4939 1332 5010 ejus
1352 4940 1499 5012 presentia
1526 4955 1665 5012 nunquam
1693 4939 1883 4998 destituendos
1908 4941 1966 5000 lore
1979 4947 2081 5003 conli-

416 5045 534 5108 quatuor
557 5035 637 5092 annis
655 5034 755 5106 quibus
777 5033 838 5105 ipse
859 5035 939 5090 Pater
961 5033 1119 5106 supervixit,
1135 5051 1216 5094 nemo
1269 5028 1348 5085 dunt.
1368 5030 1505 5101 lpsevcro
1520 5029 1601 5086 Pater
1614 5028 1973 5088 circumstantiumfiliornm
1985 5032 2083 5094 nimia
2168 5087 2169 5100 ,

415 5125 463 5195 qui
477 5124 531 5179 sibi
545 5123 747 5182 contradiceret
766 5122 827 5191 luit,
851 5138 906 5179 non
921 5122 1065 5196 qnisquam
1079 5138 1130 5179 sus
1144 5123 1220 5182 diets
1269 5116 1399 5174 charitate
1413 5117 1527 5174 tenuiter
1552 5116 1700 5188 respirans,
1728 5117 1864 5176 defessum
1885 5127 1964 5191 capnt
1977 5123 2081 5192 panli-
2168 5101 2169 5150 l

413 5227 556 5284 spernere,
571 5227 627 5270 non
641 5212 748 5268 sinistre
770 5211 815 5268 rel
830 5212 926 5268 leviter
943 5211 1058 5268 audebat
1076 5203 1225 5285 interpre-‘
1268 5221 1332 5277 sper
1353 5206 1451 5274 erexit,
1467 5215 1549 5277 etque
1577 5205 1604 5262 in
1620 5206 1664 5262 hia
1678 5207 1769 5264 verbis
1787 5222 1835 5264 ⁰⁰⁵
1848 5207 1949 5282 alloqui
1963 5213 2054 5284 ooepit
2070 5235 2077 5272 ε

412 5300 474 5356 tari.
491 5299 587 5356 Omnis
601 5301 676 5356 enim
697 5301 801 5357 invidie
821 5315 1041 5373 quaquaversum
1061 5310 1119 5358 tum
1133 5317 1213 5359 amo.
1270 5293 1393 5352 «Gratia
1408 5294 1493 5352 divini
1506 5295 1607 5352 amoris
1620 5304 1649 5351 ut
1665 5295 1696 5350 in
1717 5296 1796 5354 iobis
1819 5296 1922 5370 jugilet'
1947 5311 2076 5374 meai,

413 5405 455 5459 re,
473 5396 529 5445 turn
550 5387 645 5446 bosora
672 5389 782 5461 jacebat
806 5405 947 5462 oppresse.
970 5391 1032 5463 lpse
1047 5392 1127 5448 Pater
1139 5393 1214 5466 qnod
1267 5382 1365 5441 sitiret
1378 5381 1539 5453 dulcissimi,
1568 5391 1624 5440 iola
1638 5381 1861 5456 villuleopsrans
1889 5385 1962 5444 dalea
1977 5385 2076 5456 Quam

414 5477 458 5534 sui
472 5477 616 5535 ministerii
634 5493 698 5535 cura
713 5477 832 5550 petebat,
856 5479 1068 5551 circumquaque
1093 5479 1214 5538 tidelitar
1266 5474 1383 5544 erilium
1408 5480 1438 5529 ⁰2
1451 5471 1567 5529 feliciter
1587 5472 1747 5530 mereamini
1775 5475 1971 5548 pflrptiutliler
1993 5476 2076 5536 obti-
2168 5501 2169 5548 1

412 5581 578 5641 exsequens,
602 5566 808 5641 quantomagis
833 5565 906 5624 dem
921 5583 979 5624 suae
992 5567 1142 5626 semitonia
1155 5569 1211 5627 im.
1264 5577 1339 5632 nere,
1356 5560 1467 5618 iratcrni
1481 5560 1583 5620 amoris
1611 5559 1702 5618 officis
1716 5561 1839 5620 studiose
1859 5562 1977 5621 invicem
1990 5580 2073 5625 exer-
2168 5565 2169 5576 *

445 5709 647 5794 (tildnitente
669 5708 842 5792 potissimum
866 5708 971 5793 llldede
987 5725 1080 5768 sorore
1095 5711 1209 5794 alfridi,
1262 5705 1374 5778 prioipe
1399 5705 1525 5766 secundo
1554 5721 1572 5764 s
1599 5720 1679 5780 repo,
1708 5719 1744 5764 ea
1778 5705 1929 5768 llonrstico
1964 5709 2071 5782 lnqli-

406 5779 994 5926 :ebrietatisstillet
1011 5792 1210 5924 bibliis?
1263 5789 1343 5834 ⁰¹²⁰·
