4750 6725
418 528 421 538 ’
449 563 500 623 stt
947 556 1104 619 neonem
1121 561 1280 621 1101111111
1300 564 1587 630 aaaruaarnnsrs.
2040 585 2091 641 sss
2161 644 2162 659 ,

434 694 509 749 dum.
540 691 588 747 Sic
615 688 869 753 enimlacile,Deo
888 686 1072 756 subveniente,
1094 688 1941 768 (1111111111111111111111111111111111111111111111
1970 716 2090 788 quisquis
2161 708 2162 713 ¹

434 777 853 852 semperpoteritfflsuperare.
1289 778 1353 835 illuc
1376 783 1538 852 escenderit,
1568 788 1636 845 nolit
1665 792 1729 848 inde
1756 812 1873 868 unquam
1904 800 2003 859 redire.
2027 806 2090 863 llaec

711 866 821 921 CAPUT
839 865 950 921 txxv.
1288 877 1377 923 sutem
1406 872 1498 927 omnia
1523 888 1568 930 rex
1597 876 1669 933 idem
1699 882 1774 938 Dans
1797 885 1878 942 habet
1902 888 1929 943 in
1955 900 2089 961 potestate

472 956 633 1015 Similitudo
648 955 828 1010 interdicam
843 958 871 1009 et
885 955 1037 1026 quemlibet
1047 970 1138 1025 repens
1154 953 1195 1009 ⁶⁸¹.
1287 970 1336 1011 sua
1352 975 1358 1019 ;
1376 958 1503 1016 inimicus
1526 978 1592 1021 vero
1606 967 1675 1036 ejus,
1689 969 1716 1023 id
1733 980 1775 1027 est
1789 973 1923 1044 diabolus,
1941 988 2022 1037 tantae
2037 999 2089 1054 po-

465 1050 536 1103 Deus
551 1047 613 1116 ipse
629 1042 659 1072 '⁸'
674 1044 713 1097 sic
741 1042 898 1098 inimicitias
919 1051 1027 1099 exercet
1036 1042 1231 1098 adversusdia·
1287 1044 1388 1101 testatis
1416 1052 1547 1121 estquod
1571 1069 1667 1111 omnes
1679 1056 1832 1135 fflwtudaeas
1847 1072 1926 1137 atque
1952 1084 2086 1142 paganos,

429 1139 521 1192 bolum
538 1132 676 1207 quomodo
691 1147 739 1186 rex
749 1130 862 1201 quidam
877 1132 1231 1202 eontraprincipamqnem·
1287 1148 1357 1205 qnos
1369 1144 1445 1191 extra
1459 1138 1694 1201 Christianismum
1710 1150 1820 1220 reperit,
1836 1153 1911 1209 nullo
1935 1156 2085 1217 obsistente

434 1228 500 1283 dam
515 1222 655 1278 inimicum
683 1236 772 1275 suum.
788 1220 838 1275 llic
853 1228 942 1275 autem
958 1236 1003 1275 rex
1014 1219 1131 1275 hebetia
1145 1234 1231 1291 regno
1286 1221 1382 1292 rapiat,
1398 1233 1424 1279 et
1434 1226 1461 1281 in
1475 1226 1612 1287 infernum
1627 1234 1768 1309 demergat
1780 1237 1821 1295 ⁶⁰⁰.
1838 1242 2083 1323 lnipsurnquoque

430 1332 479 1371 sun
496 1313 589 1371 villam
602 1310 750 1366 admodum
765 1308 892 1380 amplam.
1287 1309 1522 1371 Christianismum
1547 1320 1647 1390 saepius
1675 1323 1766 1397 intrat,
1784 1336 1809 1383 et
1823 1346 1871 1385 eos
1889 1350 1958 1403 quos
1980 1338 2083 1397 debiles

697 1396 807 1453 CAPUT
839 1397 964 1453 LXXVI.
1284 1398 1384 1455 invenit
1413 1408 1541 1463 tentando
1571 1409 1663 1481 violat,
1686 1414 1844 1489 animasque
1871 1419 1902 1451 ‘⁹¹
1926 1433 2084 1499 corporibus

481 1496 518 1549 lle
530 1504 626 1563 regna,
637 1488 751 1554 rivilla,
763 1490 790 1540 el
801 1486 928 1554 castello,
939 1490 968 1541 et
978 1486 1123 1556 dungeone
1134 1484 1174 1541 aa·
1284 1485 1467 1547 inhabitantes
1482 1497 1603 1565 captives
1618 1510 1749 1571 asportat.
1770 1506 1834 1562 lllos
1848 1526 1922 1580 vero,
1940 1518 1987 1587 qui
2003 1519 2083 1578 fortes

459 1586 490 1637 ln
507 1580 573 1636 villa
594 1592 658 1633 vero
671 1590 717 1630 rex
730 1574 813 1629 habet
827 1574 968 1629 castellum
983 1573 1131 1644 quoddam,
1148 1589 1229 1643 supra
1284 1587 1349 1633 sunt
1363 1587 1390 1634 et
1404 1580 1473 1637 bene
1495 1584 1601 1651 muniti,
1617 1597 1760 1660 postquam
1772 1592 1805 1623 '⁰’
1818 1612 1865 1654 eos
1881 1616 2011 1672 superare
2036 1626 2081 1666 ne-

424 1670 572 1727 cestellum
602 1673 691 1720 autem
719 1678 803 1717 unum
832 1662 1009 1734 dungeonem
1037 1660 1079 1718 ⁸⁸¹.
1106 1662 1227 1722 turillae,
1284 1667 1350 1735 quit,
1368 1668 1485 1741 tandem,
1502 1672 1671 1747 liceltristis,
1689 1678 1809 1739 dimittit.
1833 1687 1863 1741 ln
1890 1696 2080 1756 monachatum

425 1759 552 1830 quaedam
582 1755 683 1810 domus
709 1759 771 1805 sunt
789 1750 898 1817 validae,
928 1750 1167 1822 pluresinvalidae.
1198 1754 1229 1806 ln
1282 1770 1390 1827 qnoque
1413 1774 1466 1815 non
1483 1761 1554 1817 valet
1578 1763 1736 1838 irrumpere,
1750 1787 1800 1828 nec
1823 1774 1866 1830 his
1881 1780 1927 1849 qui
1956 1791 2078 1844 monachi

423 1846 537 1903 castello
563 1847 655 1899 entem
677 1839 792 1894 lirmiles
818 1847 858 1894 est
885 1846 960 1894 tenta
983 1846 1023 1906 ut,
1038 1838 1060 1893 si
1078 1839 1139 1909 quis
1162 1838 1227 1894 illua
1281 1842 1709 1923 effectisuntquidquamlacere
1720 1860 1795 1927 mali,
1822 1863 1872 1919 nisi
1886 1868 1919 1922 ad
1950 1876 2078 1931 sarculum

425 1932 590 2005 contugerit,
609 1930 660 1985 nisi
684 1928 748 1984 inde
770 1928 889 1996 redierit,
919 1928 954 1983 ab
972 1927 1063 1997 aliquo
1078 1927 1142 1982 laedi
1171 1943 1225 1983 non
1279 1932 1409 1989 redierint
1437 1952 1564 2010 corpore,
1589 1943 1631 1997 vel
1647 1945 1737 2015 corde,
1755 1950 1796 2005 vel
1825 1952 1914 2024 aliqua
1939 1973 2078 2027 parentum

425 2025 518 2095 possit.
547 2020 632 2074 Tanta
647 2032 713 2072 vero
737 2015 869 2070 securitas
883 2016 966 2071 estin
983 2016 1129 2088 dungeone
1138 2013 1170 2044 ‘⁸’
1183 2023 1223 2083 nt,
1236 2036 1265 2098 Β
1280 2019 1473 2081 allectionem.

426 2113 446 2165 si
462 2110 523 2182 quis
540 2107 604 2161 illuc
614 2105 695 2160 semel
711 2105 810 2175 poterit
823 2103 981 2169 ascendere,
1010 2119 1148 2174 nunqnam
1162 2120 1224 2160 eum
1546 2118 1657 2177 CAPUT
1675 2123 1809 2181 Lxxvfl,

428 2200 491 2253 inde
506 2196 588 2252 libeat
603 2195 700 2249 redire.
717 2194 782 2248 llaec
795 2201 886 2247 autem
900 2190 991 2248 omnia
1004 2192 1051 2247 illa
1068 2209 1114 2248 rex
1144 2192 1226 2249 habat
1278 2198 1441 2259 Similitudo
1451 2206 1741 2268 intermonaclramet
1751 2218 1941 2291 patiensme!
1949 2226 2075 2289 abbatem

426 2288 453 2342 in
468 2290 602 2357 potestate
618 2298 675 2337 sua.
691 2282 822 2335 inimicus
835 2295 901 2335 vero
915 2279 975 2349 ejus
986 2288 1027 2335 est
1041 2280 1093 2335 ista
1107 2280 1185 2336 tortis
1196 2289 1224 2337 nl
1580 2283 1609 2335 η
1622 2284 1773 2341 medicum·

426 2356 663 2447 quidquia'extrn
690 2368 782 2422 villam
811 2368 924 2435 invenit,
940 2367 1222 2426 sineulloobslatttlo
1313 2360 1380 2432 Sed,
1409 2364 1736 2439 quiahocsaepiussotet
1754 2378 1862 2435 evenire
1887 2386 2008 2458 novitiis,
2035 2398 2073 2447 at-

421 2464 648 2532 comprehensum
663 2457 780 2513 abducat
794 2454 838 2511 ‘'⁸.
857 2457 887 2510 ln
903 2458 989 2527 ipsam
1005 2472 1113 2531 quoqne
1127 2456 1221 2514 viltam
1277 2450 1387 2507 tendant
1401 2452 1467 2523 quia
1477 2452 1509 2481 ⁰⁰⁴
1519 2454 1557 2510 sic
1572 2458 1629 2528 agit
1642 2460 1688 2529 qui
1698 2466 1876 2525 monachatus
1891 2475 1986 2547 arripit
2002 2480 2071 2535 dilii-

422 2552 520 2622 saepius
534 2550 628 2615 intrat,
644 2554 672 2601 et
685 2547 782 2601 domas
796 2561 863 2614 quas
877 2544 978 2600 invenit
1007 2544 1221 2602 invalidosvio-
1276 2538 1403 2595 cultatem
1426 2540 1466 2609 ⁸⁰⁸,
1480 2545 1618 2614 quomodo
1630 2546 1751 2607 infirmus
1766 2555 1812 2623 qni
1838 2575 1950 2630 gravem
1979 2568 2073 2640 accipit

423 2642 470 2708 lat,
487 2653 587 2709 eosque
601 2636 646 2707 qni
661 2635 810 2689 inhabitant
832 2635 956 2704 captivos
970 2650 1032 2689 cum
1045 2633 1101 2689 suis
1127 2651 1222 2706 espor.
1275 2627 1425 2697 potionem.
1442 2632 1604 2706 Plerumque
1625 2638 1726 2695 etenim
1753 2646 1887 2719 contingit
1922 2660 1951 2706 ul
1966 2656 2012 2725 qni
2026 2659 2073 2711 ali-

420 2738 456 2784 111
472 2727 512 2781 ⁵⁹⁴.
529 2727 593 2781 llles
607 2740 672 2779 vero
698 2740 766 2795 quas
781 2722 873 2777 firmas
888 2724 1000 2790 invenit,
1016 2731 1158 2793 postquam
1174 2740 1220 2781 eas
1275 2732 1356 2787 quarn
1370 2719 1471 2790 patitur
1490 2720 1670 2781 infirmitatem
1686 2732 1818 2801 corporis,
1833 2739 1975 2805 potionem
1998 2762 2074 2818 qnae.

420 2820 575 2887 irrumpere
590 2814 693 2883 nequit,
709 2812 744 2867 ad
760 2820 912 2867 extremum
928 2812 1027 2866 inritus
1042 2812 1162 2868 dimittit.
1189 2812 1220 2869 ln
1273 2813 1315 2860 rai
1343 2822 1396 2876 que
1419 2808 1453 2862 ab
1480 2810 1526 2865 llll
1545 2811 1702 2872 lflfilmilflle
1717 2821 1803 2875 curari
1831 2826 1930 2883 valeat·
1953 2830 2072 2906 Curaque
2161 2854 2162 2883 1

418 2905 561 2964 castellum
587 2917 695 2974 quoque
720 2916 775 2954 non
800 2904 889 2970 potest
903 2899 1059 2968 ascendere,
1091 2916 1140 2956 nec
1154 2901 1220 2958 illuc
1274 2894 1437 2951 medicus'n
1452 2898 1477 2952 ei
1492 2898 1557 2956 dicit
1567 2910 1594 2955 nt
1609 2902 1684 2959 illam
1699 2906 1742 2961 vel
1757 2908 1829 2965 illam
1845 2914 1984 2983 potionem
2000 2924 2072 2979 acci·

420 2991 641 3064 confugientibus
655 2990 802 3059 quidquam
813 2987 876 3041 mali
892 2988 993 3057 lacere,
1008 2988 1061 3043 nisi
1090 2989 1219 3046 redierint
1273 2982 1339 3052 liiii,
1370 2992 1397 3038 0²
1425 2986 1694 3061 Sissiflsslfipfflelih
1711 2996 1918 3063 miletum!
1935 3009 2071 3078 gratisne-

419 3084 453 3137 ad
469 3080 592 3152 praelium
607 3077 690 3131 villae.
708 3077 762 3130 Sed
777 3075 800 3129 si
816 3091 907 3129 amore
936 3091 1045 3130 suorum
1075 3087 1217 3146 parentum
1272 3070 1336 3140 cipit
1365 3071 1457 3128 daiam
1485 3073 1526 3129 Μ.
1542 3078 1598 3133 Sed
1617 3096 1678 3137 cum
1707 3084 1942 3160 potiolartisejus
1971 3098 2071 3155 viscera
2161 3122 2162 3137 ¹

417 3168 554 3234 redierint,
579 3166 643 3235 quia
665 3180 713 3219 eos
738 3162 851 3217 audiunt
866 3163 952 3218 occidi
969 3171 994 3217 ct
1009 3163 1081 3217 male
1110 3166 1217 3219 tractari
1271 3160 1396 3225 1111111111,
1426 3164 1653 3224 membrnomnia
1677 3176 1823 3243 percurrit,
1840 3180 2068 3245 maloshumores

415 3256 456 3326 ⁶⁹⁶,
473 3266 499 3311 et
513 3272 565 3327 per
579 3254 702 3308 levamen
716 3251 760 3307 vel
783 3250 930 3305 lenestmm
956 3250 1062 3307 cumeae
1089 3268 1217 3322 11111111-
1271 3249 1499 3313 contrahil.vires
1514 3254 1593 3323 tollit,
1619 3272 1717 3329 corpus
1739 3261 1872 3336 dissolvit,
1895 3278 1976 3328 terrae
2003 3294 2068 3348 pm.

414 3347 480 3415 rinl,
505 3352 568 3400 tuuc
591 3359 638 3398 eos
649 3340 728 3396 lacile
742 3339 866 3396 occidere
881 3346 927 3395 aut
944 3338 1090 3396 vulnerare
1104 3341 1213 3412 poterit.
1228 3389 1253 3454 C
1270 3338 1365 3393 sternit
1378 3336 1420 3409 ⁸⁶¹,
1437 3340 1600 3399 desiderium
1620 3348 1769 3405 maximum
1798 3352 1909 3412 bibendi
1925 3359 1952 3415 in
1968 3379 2001 3420 eo
2029 3383 2068 3422 ac-

415 3435 588 3506 Quapropter
601 3436 764 3486 necesseest
777 3428 816 3483 eis
830 3436 859 3482 ut
872 3428 1051 3499 nunquamad
1067 3428 1213 3486 clamorem
1268 3427 1367 3495 cendit,
1384 3429 1425 3485 vel
1440 3431 1601 3502 dormiendi,
1618 3436 1660 3490 vel
1677 3437 1747 3493 laras
1757 3441 1790 3494 ed
1804 3453 1912 3501 ventum
1940 3457 2055 3512 exeundi
2161 3497 2162 3510 ,

412 3532 561 3595 parentum
588 3520 735 3587 attendant,
758 3515 1210 3588 necedbettnm⁶··rerertanmr,
1268 3516 1345 3586 eique
1374 3518 1493 3576 medicus
1521 3522 1776 3598 lrmointcrdicitm,
1805 3537 1977 3594 comminans
2002 3545 2062 3613 quin

412 3622 458 3668 ant
487 3610 640 3682 respiciant,
670 3608 718 3662 sed
741 3621 858 3676 semper,
874 3612 904 3659 ut
926 3616 1076 3674 cmperunt,
1106 3605 1213 3679 fugiant
1268 3606 1404 3672 morietur,
1433 3608 1527 3664 sibaec
1544 3610 1648 3668 lecerit.
1672 3615 1731 3670 ileu
1743 3633 1796 3688 me,
1824 3621 1951 3682 inlirmns
1966 3629 2060 3702 inquit,

412 3702 500 3757 denec
524 3700 560 3755 ad
580 3697 764 3754 summitatem
788 3694 942 3766 dungeonis
969 3691 1001 3722 ”⁷
1028 3695 1209 3766 pervenerint.
1266 3709 1314 3750 rur
1336 3695 1475 3764 potionem
1503 3701 1570 3754 hanc
1597 3703 1799 3774 accepilblale
1813 3710 1878 3765 mihi
1906 3717 1983 3784 prins
1997 3731 2060 3788 arat,

412 3792 557 3860 Postquam
584 3787 656 3842 euim
684 3785 749 3840 illuc
776 3784 958 3854 pervenerint,
988 3788 1066 3839 erunt
1097 3785 1210 3840 omnino
1266 3784 1374 3839 elmolo
1387 3793 1428 3840 est
1440 3787 1528 3856 pejus.
1544 3788 1746 3862 Heulquantu
1762 3809 1825 3852 meo
1838 3800 1912 3856 malo
1926 3802 1990 3861 illos
2005 3809 2057 3865 vidi
2161 3817 2162 3824 ’

409 3879 508 3933 securri.
542 3877 636 3946 ltaque
664 3889 712 3927 rex
739 3871 785 3926 ille
810 3873 884 3927 Deus
908 3880 951 3927 est
972 3873 1209 3944 quicumdiabolo
1263 3871 1309 3942 qui
1325 3872 1531 3930 hocconsilium
1547 3877 1771 3950 mihidederunt,
1787 3901 1836 3941 nee
1855 3889 1921 3945 mihi
1938 3897 2058 3964 quiahoc
2161 3849 2162 3916 Τ

409 3965 512 4018 bellurn
544 3962 636 4016 habet.
666 3961 717 4015 Hie
744 3960 772 4012 in
799 3975 848 4014 suo
877 3975 961 4032 regno
989 3960 1209 4017 lrabetChristis·
1263 3961 1354 4016 ethoc
1382 3968 1842 4039 meoporteretqnipraedixernnt.
1859 3977 1890 4033 Si
1909 3983 1981 4038 enim
2010 3987 2057 4042 hoe
2161 3987 2162 3990 ’

406 4047 794 4113 nismurn;inChristianismo
817 4063 891 4116 vero,
909 4051 1207 4121 monachatum;snpra
1261 4048 1413 4120 scivissem,
1439 4067 1576 4124 nunquam
1605 4059 1744 4126 polionem
1774 4066 1956 4137 accepissem.
1982 4074 2056 4132 sices
2161 4137 2162 4144 ἵ

403 4140 605 4205 monachatum,
622 4137 857 4192 conversationem
872 4137 1062 4192 tantummodo
1072 4135 1103 4165 ”¹
1117 4155 1206 4212 ange·
1262 4137 1302 4194 sic
1315 4137 1364 4192 iste
1380 4142 1562 4210 conqueritur,
1576 4143 1640 4199 dum
1656 4149 1793 4217 potionem
1812 4164 1975 4216 coarctatur.
1989 4162 2052 4219 Cum

402 4230 502 4285 lorum.
518 4227 549 4281 ln
565 4225 785 4291 Christianismo,
811 4224 922 4294 quidam
939 4223 1121 4280 invirtutibus
1144 4244 1207 4300 sunt
1260 4242 1325 4283 vero
1350 4228 1417 4284 mali
1444 4231 1570 4288 humores
1597 4233 1716 4292 delinere
1748 4241 1888 4312 coeperint,
1919 4255 2055 4322 totumque

403 4317 496 4387 validi,
522 4315 613 4388 plures
644 4329 710 4370 vero
740 4313 862 4367 invalidi.
878 4313 908 4366 ln
931 4315 1095 4369 monachatu
1115 4323 1205 4372 autem
1260 4330 1358 4386 carpus
1383 4319 1512 4389 paulatim
1541 4320 1649 4388 leviari,
1678 4326 1779 4396 gaudet
1801 4338 1828 4385 et
1848 4336 1965 4392 exsultat
1994 4345 2054 4410 qnia

406 4406 517 4461 firmitas
532 4413 572 4460 est
585 4413 658 4461 tanta
673 4411 702 4458 ut
717 4402 740 4456 si
750 4403 821 4475 quis,
849 4401 915 4457 illuc
942 4403 1112 4475 confugiens,
1142 4421 1204 4460 mo·
1260 4403 1340 4460 talem
1354 4405 1492 4476 potionem
1508 4411 1613 4481 accepit
1626 4427 1676 4482 per
1690 4418 1815 4486 quemad
1834 4421 1980 4492 pristinam
2009 4446 2054 4486 sq.

403 4493 633 4551 nachuseliectus
657 4491 747 4560 siverit,
764 4491 816 4546 nisi
832 4491 897 4546 inde
912 4491 1202 4561 poenitendoredierit,
1258 4492 1369 4549 nitatem
1396 4494 1487 4552 redire
1509 4513 1538 4552 se
1559 4501 1651 4567 sentit,
1681 4509 1707 4556 et
1734 4503 1858 4564 homines
1880 4513 1926 4584 qni
1948 4511 1980 4543 ⁸¹·
2004 4521 2052 4576 hoe

402 4584 542 4640 adiabola
570 4581 632 4637 ledi
648 4596 701 4635 non
716 4579 815 4649 possit.
833 4578 863 4632 ln
877 4580 1036 4650 angelorum
1053 4597 1119 4638 vero
1133 4597 1203 4638 con·
1258 4583 1398 4638 consilium
1432 4584 1455 4639 ei
1493 4585 1626 4643 dederunt
1660 4588 1809 4650 benedicit.
1829 4597 1961 4659 Similiter
1988 4623 2050 4666 vem

1057 4757 1172 4815 VARIAE
1186 4757 1394 4817 ascalonus,

433 4907 610 4968 ⁸⁸⁷Diabolum
624 4907 723 5008 poterit
736 4921 790 4964 me.
805 4912 837 4963 A.
854 4909 866 4960 1
885 4905 1024 4962 diabolum
1034 4908 1258 4978 semperpoterit.
1274 4907 1338 4966 ‘¹⁸Et
1354 4913 1472 4984 aliquem
1487 4915 1662 4987 Regemmrs.
1675 4925 1704 4978 et
1714 4923 1786 4980 Edit.
1802 4927 1931 4987 detonet
1946 4951 2043 5007 qnam-

398 4982 585 5054 libetllegem.
605 4980 625 5009 ‘⁸
636 4982 710 5036 Deus
723 4980 780 5049 ipsa
795 4993 848 5034 ms.
863 4983 897 5033 A.
915 4981 927 5032 1
945 4978 1019 5033 Deus
1033 4979 1105 5032 enim
1116 4980 1186 5048 ipse.
1203 4978 1269 5036 ’Ἢ
1282 4981 1426 5054 dungeone
1438 4985 1511 5042 Edit.
1536 4986 1592 5044 Col.
1605 4997 1631 5045 et
1645 4991 1794 5066 divigioue.
1819 4997 1940 5058 murum
1969 5006 2041 5064 don.

398 5069 514 5125 gennem
528 5070 581 5110 mr.
598 5057 631 5105 Δ.
642 5056 655 5106 1
668 5067 751 5106 unum
766 5048 932 5129 dangionem
948 5049 1023 5104 Edit.
1041 5047 1097 5105 Col.
1110 5066 1192 5131 unum
1204 5051 1381 5136 divigioncm.
1402 5055 1464 5110 ⁵”ln
1480 5055 1623 5130 dungeone
1633 5079 1685 5118 ms.
1702 5073 1735 5120 A.
1752 5069 1804 5122 lin
1817 5070 1957 5144 dangione
1966 5078 2043 5134 Edit.

401 5125 459 5179 t'ol.
471 5126 497 5179 in
513 5123 661 5194 divigione.
682 5119 905 5176 ‘’⁸Abducrtmas.
917 5118 1044 5174 abducat.
1074 5118 1306 5189 ”¹Capttvoscum
1318 5134 1566 5193 snrsasportatms.
1583 5132 1617 5186 A.
1634 5139 1644 5187 1
1659 5136 1783 5204 captivos
1807 5151 1936 5212 asportat.
1976 5147 2042 5205 seg,

400 5195 469 5249 male
484 5195 591 5248 tractari
601 5209 653 5248 ms.
665 5194 700 5245 A.
718 5192 786 5246 ivel
801 5192 872 5245 nrale
884 5191 1002 5245 tractari.
1018 5188 1106 5246 ''⁸Nec
1115 5193 1149 5246 ab
1163 5192 1263 5248 bellum
1279 5194 1356 5249 Edit.
1374 5197 1430 5251 Col.
1448 5197 1548 5254 Neead
1558 5200 1723 5264 bellandum.
1739 5205 1922 5284 '‘⁷Dongionis
1939 5233 1991 5273 rna.
2002 5224 2036 5275 A.

401 5269 413 5320 1
431 5264 577 5333 dangionis
592 5263 739 5318 11111011.
762 5260 918 5333 divigionis.
957 5260 1229 5318 ‘''Coriversationem
1253 5267 1503 5324 tantummodoms.
1520 5275 1574 5326 A.l
1592 5275 1673 5330 omit.
1693 5285 1892 5341 tantummodo.
1926 5286 2039 5358 ⁸”Quod

399 5351 495 5392 omnes
512 5351 564 5390 mr.
593 5336 624 5385 A.
655 5337 667 5386 1
691 5340 719 5386 ut
748 5347 852 5387 amnes.
896 5329 1030 5403 ⁸⁰⁹llapit..
1047 5333 1182 5406 demergit
1200 5351 1271 5391 mss.
1289 5337 1570 5411 rapiat..demergut.
1616 5341 2035 5425 ⁸⁰¹ltnimasquoquems.A.l

398 5408 568 5475 animasque.
606 5401 702 5458 ⁶⁰’lllos
726 5417 798 5467 vero,
819 5403 864 5472 qui
884 5400 966 5458 lortes
984 5411 1057 5472 snut,
1069 5412 1096 5458 et
1110 5403 1179 5458 bene
1194 5405 1299 5475 muniti,
1311 5416 1454 5478 postquam
1469 5427 1521 5466 ms.
1534 5417 1569 5468 A.
1587 5417 1598 5468 1
1616 5415 1681 5472 illos
1696 5435 1771 5490 vero,
1789 5439 1856 5495 quoa
1867 5426 1952 5484 lortes
1962 5429 2039 5488 inve.

396 5477 445 5542 nit,
462 5483 616 5546 postquam.
649 5472 729 5528 ‘avet
746 5474 833 5543 aliqua
845 5482 987 5542 parentum
1001 5473 1144 5555 allectione
1159 5493 1212 5532 ma.
1234 5489 1261 5532 a.
1279 5480 1291 5531 1
1308 5479 1351 5534 vel
1367 5479 1448 5538 corde
1459 5487 1645 5558 manuscript.
1677 5489 1723 5544 Vel
1752 5496 1847 5563 carde,
1875 5499 1918 5553 vel
1947 5499 2039 5572 aliqua

393 5555 535 5616 parentum
546 5544 698 5601 allectione.
714 5541 1170 5615 Μ111111111111111111111111111111.
1187 5547 1234 5604 sed
1246 5549 1308 5618 quia
1324 5551 1375 5605 hoe
1384 5553 1482 5622 saepius
1491 5557 1561 5608 solet
1571 5557 1662 5613 venire
1671 5563 1788 5628 novitiis
1805 5568 1946 5624 attendant
1960 5573 2032 5644 quia.

392 5618 530 5689 ιο’11111111
555 5614 741 5672 difficultatem
769 5630 822 5671 ms.
850 5616 885 5667 A.
917 5617 929 5670 l
960 5615 1424 5685 1111111111111111111111111111011.
1448 5624 1573 5694 arriperit
1595 5626 1789 5690 difficultatem.
1835 5636 1940 5696 ⁰“Cum
1965 5645 2037 5700 enim

392 5691 516 5748 medicus
529 5704 596 5744 mar.
613 5691 642 5744 rt
658 5684 929 5766 tollentemque
944 5687 1074 5742 medieas.
1113 5685 1195 5744 ‘ever
1205 5689 1308 5772 gratias
1321 5692 1421 5773 accipit
1431 5693 1521 5749 datam
1534 5713 1591 5753 mr.
1611 5701 1644 5755 A.
1660 5705 1670 5756 1
1686 5703 1728 5758 111
1741 5703 1820 5761 datur
1834 5709 1870 5778 ei,
1883 5719 1910 5766 et
1919 5713 2028 5800 accipit.

393 5760 516 5819 ω’111111
531 5759 666 5818 internum
680 5763 888 5860 gmstemrtms.
903 5760 938 5811 A.
956 5761 969 5812 1
987 5757 1244 5828 Terraeprosternrt.
1271 5758 1424 5822 ⁰·'ttedreus
1434 5763 1567 5825 interdicit
1580 5785 1648 5828 mas.
1677 5777 1707 5832 et
1728 5774 1801 5835 Edit.
1822 5777 1879 5840 dol.
1916 5783 2036 5846 bladinus

396 5832 457 5892 haec
466 5831 614 5891 interdicit.
657 5827 679 5860 ‘¹
690 5829 724 5888 nt
737 5828 863 5887 homines
877 5823 922 5900 qui
933 5843 988 5886 mr.
1002 5831 1038 5885 A.
1051 5833 1064 5884 1
1079 5838 1223 5902 stomnes,
1233 5830 1288 5906 qui.
