4750 6725
274 623 325 682 lid
823 611 987 673 HISTORIA
999 609 1301 670 novenum-tta.
1316 609 1365 667 lV.
1876 607 1928 664 lid

280 755 336 804 tum
357 743 499 818 mnqrriila
521 758 591 817 pace
615 741 760 802 tenendum
784 747 810 798 et
833 737 1074 807 corroborandum,
1090 736 1283 808 Aqusmlibet
1309 735 1410 794 laicum
1433 751 1543 792 manum
1571 733 1743 793 investiretur
1764 733 1792 791 iu
1816 733 1926 810 tugis,

281 843 310 892 ut
324 835 424 893 amodo
446 833 533 892 libera
547 835 630 903 vivat,
645 841 673 890 et
686 831 760 890 nulla
783 829 951 889 concutiatur
973 835 1078 899 tempe·
1133 826 1299 883 concedente
1313 842 1420 898 quoque
1435 826 1564 882 Anselmo
1578 835 1608 882 ut
1626 826 1717 881 nullus
1740 824 1769 880 in
1791 823 1931 895 pretatio-

281 933 349 981 state
362 924 508 982 bellorum.
528 947 539 974 s
1134 931 1197 972 nem
1211 915 1312 972 electus
1325 932 1374 986 pro
1389 913 1520 984 hominio,
1536 915 1609 987 qrtod
1623 914 1684 987 regi
1699 915 1810 982 iaceret,
1827 927 1927 970 cousc-

320 1014 409 1086 igitur
421 1013 457 1070 ub
471 1029 566 1085 pacem
587 1027 669 1084 quatu
690 1027 738 1068 rex
762 1011 862 1068 fecerat
875 1025 936 1066 cum
951 1007 1079 1065 dunelmo
1133 1003 1253 1060 eratione
1280 1004 1399 1076 suscepti
1426 1003 1538 1060 honoris
1563 1004 1729 1075 privaretur.
1762 1002 1867 1073 Quibus
1891 1001 1931 1057 ite.

284 1103 339 1161 hac
352 1103 468 1160 victoria
482 1118 545 1158 eum
559 1102 676 1174 potitum
690 1100 768 1156 multi
784 1099 871 1156 testati
885 1107 956 1154 sunt.
1133 1091 1282 1165 disponitis,
1292 1109 1362 1165 pene
1376 1093 1504 1149 omnibus
1514 1093 1645 1149 Eccleaiis
1656 1092 1777 1165 Angliae,
1794 1107 1857 1164 quta
1871 1090 1929 1147 suis

317 1191 518 1250 Northmannia
543 1206 610 1263 ergo
634 1189 685 1246 sub
707 1189 783 1263 regia
803 1205 870 1259 pecs
894 1187 1036 1258 disposita,
1052 1190 1081 1242 ut
1133 1189 1209 1239 erant
1223 1182 1377 1255 pastoribus
1392 1182 1438 1238 din
1452 1182 1580 1251 viduare,
1591 1198 1641 1252 pcr
1654 1180 1797 1239 consilium
1809 1179 1928 1237 anselmi

282 1281 354 1338 duce
370 1280 488 1339 liuberto
503 1295 564 1336 cum
580 1279 679 1335 comite
693 1277 830 1334 lloritouii
842 1279 871 1332 in
883 1275 1016 1349 Angliam
1030 1275 1081 1331 sub
1133 1287 1167 1329 ac
1181 1288 1323 1344 procerum
1338 1272 1424 1344 regni,
1441 1271 1499 1328 sine
1512 1271 1586 1328 omni
1609 1271 1695 1344 virgoe
1718 1270 1865 1342 pastoralis
1882 1277 1930 1324 aut

282 1370 411 1441 captione
423 1369 584 1442 praemissis,
596 1384 644 1424 rex
659 1367 715 1440 ipse
730 1368 756 1422 in
771 1381 883 1439 regnum
899 1381 975 1421 suurn
992 1379 1081 1422 rever·
1134 1361 1228 1416 annuli
1243 1361 1403 1418 investitura
1416 1362 1540 1416 Patresa
1555 1375 1622 1432 rege
1635 1368 1697 1415 sunt
1708 1359 1832 1415 instituti.
1849 1359 1929 1415 lusti·

281 1475 330 1514 sus
345 1467 395 1514 est.
412 1449 546 1515 Adnuntia
570 1464 659 1513 autem
684 1456 718 1512 ad
742 1456 844 1513 curiam
860 1455 918 1526 ejus
933 1455 960 1510 iu
974 1453 1081 1510 Pascha
1135 1451 1184 1506 tuti
1198 1467 1308 1524 qnoque
1322 1458 1384 1506 sunt
1398 1451 1500 1505 ibidem
1524 1453 1552 1505 et
1572 1451 1669 1505 eodem
1683 1457 1806 1520 tempore
1821 1449 1857 1503 ab
1870 1449 1928 1519 ipso

283 1555 367 1605 terrae
382 1547 563 1620 principibus,
578 1545 661 1601 dilata
684 1552 726 1601 est
747 1543 924 1602 ecclesiarum
944 1543 1080 1599 ordinatio
1135 1557 1201 1614 rege
1215 1540 1325 1613 quidam
1347 1540 1384 1595 ad
1407 1540 1528 1612 regimen
1551 1537 1728 1610 quarumdam
1749 1535 1929 1593 Ecclesiamm

283 1653 367 1708 quam
382 1653 432 1694 rex
442 1653 472 1692 se
486 1636 621 1692 iacturum
636 1635 813 1706 disposuerat,
824 1648 857 1689 eu
872 1633 944 1704 quod
959 1649 1082 1688 summus
1135 1629 1351 1697 Northmaaaire,
1367 1643 1429 1700 quac
1442 1627 1567 1685 similiter
1577 1627 1634 1682 suis
1647 1633 1724 1683 erant
1737 1624 1868 1682 Patribus
1880 1625 1930 1681 de·

283 1725 361 1781 sedis
376 1725 533 1797 apostolicae
547 1723 670 1795 pontifex
685 1722 825 1778 l’sschalis
841 1722 982 1778 Franciam
996 1735 1082 1776 vene·
1136 1718 1245 1775 stitutae.

279 1823 323 1871 rat
339 1815 390 1886 (a),
409 1822 436 1870 et
458 1811 511 1868 sihi
532 1811 566 1868 ad
586 1811 731 1869 concilium
754 1809 792 1882 (h)
817 1809 889 1882 quod
912 1809 1003 1866 ‘irecis
1025 1817 1083 1866 erat
1172 1812 1246 1866 lnter
1259 1810 1310 1866 ista
1325 1811 1407 1881 carpit
1427 1808 1572 1865 luselrnus
1594 1821 1687 1863 coram
1711 1820 1777 1878 rege
1800 1805 1933 1878 regnique

282 1903 484 1971 celebraturus,
501 1917 595 1976 arege
609 1899 727 1957 ilenrico
743 1906 769 1956 et
782 1901 818 1956 ab
828 1901 958 1956 dnselmo
973 1898 1082 1956 archie-
1136 1900 1272 1972 episcopis
1286 1906 1366 1970 atque
1379 1896 1551 1969 principibus
1561 1895 1672 1968 exigere
1681 1909 1698 1950 tt
1708 1893 1831 1952 Gerardo
1845 1894 1934 1950 arohi-

282 1993 412 2065 piscopo,
429 2007 503 2063 saepe
517 2005 598 2061 supra
616 1997 782 2045 memoratos
793 1988 877 2056 viros,
892 1987 1084 2044 willhelmum
1137 1989 1268 2061 episcopo
1276 1987 1452 2053 Eboracensi,
1463 1983 1662 2057 professionem
1671 1983 1706 2040 de
1716 1999 1766 2040 sua
1776 1983 1935 2040 obedientia

281 2091 308 2137 et
326 2079 497 2136 baldwinum
511 2078 581 2136 mitti
602 2079 788 2135 mandaverat.
815 2079 899 2135 liatus
921 2077 1012 2150 itaque
1035 2093 1085 2134 rex
1100 2085 1164 2164 Bet
1178 2078 1357 2150 subjectione,
1369 2091 1451 2149 qnam
1465 2090 1521 2131 nou
1531 2074 1634 2130 lecerat
1647 2088 1681 2128 ex
1696 2089 1750 2145 quo
1765 2075 1800 2129 de
1814 2072 1936 2145 espisco-

284 2170 392 2242 ahquid
407 2168 471 2226 novi
485 2184 516 2225 se
529 2168 557 2224 in
571 2168 657 2224 reditu
668 2167 775 2224 illorum
786 2175 972 2239 accepturum,
985 2166 1011 2222 in
1022 2166 1085 2222 sub·
1138 2173 1205 2239 patu
1227 2165 1420 2222 lierelordeusi
1441 2163 1469 2218 in
1491 2163 1755 2234 archiepiscopatum
1774 2162 1935 2219 Eboracen-

286 2273 409 2330 sequeus
426 2257 525 2313 testum
536 2256 806 2312 Pentecostesomuia
817 2256 930 2327 distulit,
941 2262 1084 2327 quatenus,
1139 2271 1208 2325 sem,
1232 2262 1363 2327 utsupra
1378 2252 1563 2322 meminimus,
1588 2251 1746 2307 translatum
1771 2251 1868 2306 iuerat.
1892 2251 1936 2307 Ad

285 2349 327 2404 eis
342 2345 466 2414 reversis,
483 2345 603 2402 securius
617 2361 741 2418 qumque,
765 2345 857 2418 agnita
879 2343 1018 2416 pontificis
1032 2360 1084 2400 vo·
1140 2359 1277 2417 quaecum
1292 2361 1341 2400 rex
1355 2343 1412 2416 ipse
1436 2341 1541 2398 diceret
1562 2340 1615 2397 sibi
1639 2339 1749 2414 quidem
1771 2353 1827 2395 non
1850 2337 1937 2395 rideri

285 2436 402 2507 lunmtc,
418 2435 588 2508 disponeret.
1140 2451 1254 2492 necesse
1267 2450 1327 2490 esse
1346 2441 1375 2489 ut
1390 2429 1551 2505 professioni
1574 2445 1654 2502 quarn
1678 2427 1856 2485 ordinationis
1879 2442 1936 2484 suae

320 2525 417 2583 Soluta
432 2523 515 2598 igitur
526 2523 605 2582 curin
618 2523 761 2582 dussimus
785 2523 820 2578 ad
843 2522 981 2578 abbatiam
1000 2522 1085 2579 sancti
1141 2529 1262 2595 ternpore
1277 2521 1416 2578 Gerardus
1430 2521 1534 2576 lecerat
1547 2519 1629 2576 eliam
1645 2517 1853 2590 superadderet,
1869 2532 1938 2589 prte-

281 2614 441 2672 Eadmundi
456 2614 534 2668 vadit
546 2627 655 2668 crucem
670 2627 798 2684 maguam
813 2611 850 2667 ihi
866 2619 1080 2680 consecraturus,
1139 2615 1244 2680 sertim,
1258 2627 1319 2668 eum
1335 2611 1400 2666 licet
1413 2609 1564 2666 Ecclesiam
1578 2607 1732 2673 mutaverit,
1747 2607 1822 2663 idem
1846 2615 1937 2664 tamen

283 2711 311 2762 et
326 2703 380 2760 alis
395 2703 520 2773 quadarn
541 2699 706 2774 episcopalia
727 2699 815 2757 officia
836 2700 1080 2758 administraturus.
1141 2702 1188 2774 qui
1212 2701 1299 2757 iuerat
1322 2701 1351 2754 in
1376 2713 1492 2771 persona
1515 2696 1710 2769 permanserit,
1736 2711 1787 2752 nec
1808 2710 1826 2752 a
1848 2696 1938 2768 prima

283 2791 392 2862 Quibus
407 2789 532 2863 expletis,
545 2805 606 2846 cum
614 2789 673 2860 jam
685 2789 832 2846 rediturum
843 2805 873 2846 se
884 2797 989 2863 putaret
1003 2787 1082 2862 gravi
1139 2789 1317 2862 professione
1331 2788 1474 2844 absolutus
1489 2785 1632 2852 exstiterit,
1649 2783 1806 2852 dussimus,
1819 2791 1849 2840 ut
1861 2800 1936 2857 prae-

286 2879 411 2954 corporis
444 2877 600 2936 infirmitate
632 2877 787 2950 corripitur,
821 2887 848 2934 et
878 2878 1085 2950 ingravescente
1139 2879 1223 2936 sentis
1237 2878 1348 2950 quidem
1363 2876 1440 2950 regis
1454 2874 1546 2931 verbis
1569 2873 1705 2946 acquievit
1726 2891 1758 2930 ea
1782 2874 1937 2932 conditione

287 2972 423 3044 languore
437 2968 474 3025 ad
488 2971 610 3024 extrema
623 2967 679 3024 tere
695 2967 865 3040 perducitur.
890 2968 1021 3024 Detentus
1035 2984 1086 3024 au·
1139 2977 1168 3024 ut
1181 2967 1320 3024 Gemrdus
1334 2965 1361 3020 in
1375 2981 1487 3020 manum
1500 2963 1552 3020 sibi
1567 2964 1646 3019 daret
1668 2979 1698 3019 se
1720 2963 1846 3019 eamdem
1867 2962 1937 3018 sub·

286 3069 343 3115 tem
363 3064 404 3114 est
427 3056 465 3112 ihi
489 3063 601 3129 propter
622 3057 711 3128 ipsam
734 3055 918 3112 infirmitatem
941 3072 1028 3128 usque
1052 3056 1085 3112 ad
1137 3057 1284 3130 jectionem
1305 3055 1332 3110 in
1355 3053 1592 3126 archiepiscopatu
1617 3052 1642 3107 ei
1663 3057 1834 3109 servaturum
1853 3066 1936 3125 quam

284 3155 400 3204 octavas
414 3147 601 3216 Pentecosten,
619 3152 645 3201 et
660 3145 804 3201 concilium
819 3145 901 3218 quod,
920 3145 989 3203 sicut
1011 3145 1086 3201 dixi·
1139 3147 1167 3204 iu
1181 3145 1341 3219 episcopatu
1356 3143 1498 3215 professus
1516 3142 1616 3198 luerat.
1632 3139 1734 3197 Annuit
1746 3139 1894 3210 Gerendus,
1910 3147 1938 3196 et

283 3253 358 3304 mus,
375 3235 489 3290 dilatum
502 3241 568 3307 orat,
585 3249 668 3290 causa
683 3231 844 3290 infirmitatis
867 3233 939 3307 ejus,
963 3233 1086 3292 inducias
1138 3252 1190 3294 sua
1214 3251 1297 3292 manu
1319 3232 1448 3305 imposita
1462 3230 1554 3286 manui
1567 3229 1696 3298 Anselmi,
1712 3229 1869 3302 interposita
1882 3227 1937 3285 sule

284 3323 315 3378 in
332 3319 453 3377 Kalend.
468 3319 582 3393 Augusti
596 3319 711 3391 accepit.
1138 3340 1197 3395 aus,
1213 3323 1350 3398 pollicitus
1363 3326 1447 3379 estse
1461 3319 1585 3378 eamdem
1599 3319 1797 3392 subjectionem
1818 3326 1845 3376 et
1866 3319 1935 3376 obe·

322 3412 397 3468 luter
410 3410 482 3479 haec,
497 3424 531 3465 ex
545 3417 624 3482 parte
645 3408 787 3480 apostolici
805 3408 886 3465 allata
900 3416 942 3466 est
955 3411 1085 3468 lnselrno
1139 3414 1266 3473 dieutiam
1279 3413 1331 3485 ipsi
1355 3418 1381 3469 et
1404 3410 1604 3469 successoribus
1617 3411 1676 3466 suis
1699 3410 1727 3465 in
1750 3409 1935 3481 archiepisco·

277 3499 398 3574 epistole
412 3499 488 3554 ista:
1099 3460 1204 3577 Cpatu
1219 3503 1399 3560 exhibiturum
1421 3516 1503 3573 quarn
1527 3499 1721 3557 ll‘eretordensi
1745 3498 1875 3556 Ecclesiae
1898 3497 1934 3555 ab

320 3612 331 3637 .
353 3586 494 3643 Paschalis
505 3586 664 3659 episcopus,
675 3602 774 3645 servus
784 3602 924 3645 servorum
933 3588 993 3659 liei,
1005 3604 1084 3646 vene·
1138 3609 1171 3651 eo
1186 3592 1333 3649 sacrandus
1347 3590 1460 3647 antistes
1473 3588 1643 3662 promiserat.

279 3676 365 3735 rabili
380 3677 457 3732 fratri
468 3677 606 3745 dnselmo,
618 3676 802 3733 cantuariensi
817 3678 957 3750 episcopo,
968 3678 1083 3735 salutem
1175 3681 1245 3737 lirin
1258 3687 1384 3736 statutum
1399 3686 1441 3734 est
1463 3686 1492 3733 ut
1516 3678 1562 3751 qui
1585 3678 1620 3733 ad
1641 3676 1829 3749 episcopatum
1852 3675 1933 3734 electi

280 3776 306 3823 et
324 3763 508 3837 apostolicam
523 3764 751 3821 benedictionem·
1137 3778 1214 3828 erant
1242 3769 1414 3825 Cantuariam
1443 3768 1527 3836 irent,
1557 3772 1583 3822 et
1610 3765 1647 3821 ibi
1676 3764 1818 3837 diguitatis
1845 3763 1933 3835 ipsius

320 3854 397 3911 «De
426 3853 643 3927 presbyterorum
667 3852 746 3922 liliis,
775 3864 860 3913 veto.
888 3856 951 3915 Vide
973 3860 1005 3915 in
1026 3861 1082 3915 Pu·
1137 3858 1354 3915 benedictionem
1382 3872 1417 3913 ex
1445 3869 1527 3912 more
1551 3854 1731 3926 susciperent.
1755 3852 1932 3910 Willhelmua

277 3944 374 4003 Sodali
390 3942 427 3999 Η·
1135 3948 1226 4019 itaque
1240 3944 1449 4012 wintoniensis,
1474 3951 1500 3999 ct
1522 3942 1660 4015 Rogetius
1682 3942 1875 4011 serberiensis,
1899 3958 1933 4000 ac

317 4034 351 4089 ln
362 4030 496 4088 liniendis
507 4046 575 4104 ergo
585 4032 712 4104 Augusti,
721 4040 870 4090 conventus
879 4035 1080 4107 episcoporum,
1135 4036 1293 4095 liciuelmus
1308 4042 1372 4091 tunc
1385 4048 1473 4105 nuper
1481 4031 1611 4090 Ecclesiae
1620 4031 1814 4090 llereiordeusi
1822 4032 1930 4089 restitu-

277 4122 412 4177 abhatum
423 4160 432 4189 ,
457 4134 601 4191 procerum
624 4121 703 4193 regni
726 4122 877 4179 lundoniae
900 4123 928 4179 in
951 4125 1081 4198 palatium
1120 4133 1177 4183 'tus
1191 4126 1349 4198 episcopus,
1364 4139 1481 4197 quorum
1502 4138 1584 4194 supra
1604 4121 1790 4193 meminimus,
1807 4138 1857 4179 nec
1874 4136 1930 4178 uon

277 4208 362 4283 regis
377 4208 467 4265 iactus
482 4214 533 4263 est.
550 4208 583 4265 Et
596 4224 646 4281 per
660 4220 716 4267 tres
730 4210 875 4269 continuos
890 4212 959 4283 dies,
970 4215 1081 4271 ahsente
1135 4214 1310 4271 willhelmus
1324 4212 1370 4284 qui
1385 4211 1523 4285 legatione
1536 4210 1610 4285 regis
1633 4211 1711 4285 iungi
1734 4211 1849 4279 solebat,
1865 4217 1930 4269 tunc

280 4298 414 4355 nnselmu
438 4296 624 4371 interregem
648 4303 676 4355 et
699 4298 1081 4371 episcopossatisiactumde
1133 4311 1224 4363 autem
1254 4300 1442 4359 lixecestrensi
1476 4298 1608 4357 Ecclesiae
1640 4299 1741 4357 electus
1775 4299 1927 4371 episcopus,

280 4385 470 4443 Ecclesiamm
485 4385 663 4453 investituris,
680 4387 841 4458 quibusdam
864 4390 899 4445 sd
924 4392 974 4447 hoc
988 4391 1080 4447 nilen-
1133 4393 1261 4451 Urbanus
1276 4404 1386 4464 quoque
1394 4387 1612 4461 Glemorgatensi
1621 4388 1753 4445 Ecclesiae
1762 4388 1810 4460 (c),
1826 4403 1888 4459 quae
1901 4388 1929 4444 in

281 4476 358 4532 tibus
372 4480 401 4530 ut
414 4488 463 4531 rex
478 4488 526 4530 css
540 4472 642 4531 iecerat
655 4490 731 4532 more
754 4478 839 4549 patris
860 4493 891 4535 ac
915 4479 1005 4535 fratris
1027 4480 1078 4547 sui,
1134 4480 1228 4540 Gualis
1242 4487 1292 4548 est,
1308 4477 1432 4535 similiter
1452 4478 1552 4534 electus
1576 4476 1730 4549 episcopus,
1751 4475 1833 4532 simul
1856 4476 1928 4533 Can·

279 4580 337 4621 non
348 4562 425 4633 juxta
436 4569 601 4636 preceptum
612 4572 638 4619 et
648 4564 833 4622 obedientiam
844 4567 998 4640 apostolici.
1008 4570 1079 4625 Nam
1133 4571 1248 4627 turriam
1262 4574 1404 4636 venerunt,
1420 4576 1446 4622 et
1461 4566 1489 4621 in
1502 4565 1646 4622 Dominicis
1660 4564 1713 4635 die,
1729 4582 1791 4638 quar
1806 4565 1856 4621 luit
1870 4573 1926 4622 ter-

279 4668 368 4726 papa,
384 4652 411 4707 in
426 4653 558 4709 sententie
582 4668 643 4725 quae
667 4654 766 4710 exinde
788 4658 961 4729 promulgata
981 4658 1077 4728 lueret,
1133 4660 1169 4716 tio
1184 4660 1252 4714 ldus
1267 4656 1382 4729 Augusti
1397 4656 1435 4725 (d)
1451 4654 1553 4727 pariter
1567 4654 1602 4709 ab
1615 4655 1745 4711 Anselmo
1772 4655 1926 4711 consecrati

279 4742 376 4797 avinus
403 4748 499 4810 stans,
526 4750 701 4799 concesserat
727 4743 846 4800 hominia
870 4762 931 4817 quae
955 4746 1079 4803 Urbanus
1132 4756 1203 4816 sunt,
1226 4744 1442 4803 ministrantibus
1464 4752 1492 4800 et
1512 4742 1723 4814 cooperantibus
1745 4742 1799 4798 sibi
1823 4743 1851 4799 in
1874 4744 1928 4800 hoc

278 4844 358 4902 papa
372 4844 451 4903 aeque
464 4836 493 4885 ut
507 4830 680 4886 investituras
695 4831 880 4904 interdixerat,
900 4849 932 4892 ac
955 4852 1005 4906 per
1026 4837 1077 4892 hoc
1091 4826 1118 4887 ὓ
1132 4836 1221 4893 officio
1242 4834 1424 4907 suffraganeis
1445 4832 1529 4905 ipsius
1551 4832 1634 4903 sedis,
1658 4830 1779 4888 Gerardo
1801 4831 1928 4889 videlicet

277 4934 378 4991 regem
395 4917 447 4973 sibi
461 4916 496 4975 de
510 4917 675 4977 investituris
693 4928 904 4979 consentancum
926 4923 1036 4993 lecerat,
1051 4931 1081 4981 ut
1133 4925 1344 4996 archiepiscopo
1359 4922 1535 4991 Eboraceasi,
1549 4920 1666 4977 lieberto
1680 4919 1842 4976 lincoliensi
1864 4922 1927 4994 epi-

277 5024 315 5065 οι
332 5005 448 5078 epistola
462 5022 543 5078 quarn
559 5022 642 5079 supra
656 5008 848 5081 descripsimus
867 5011 960 5085 colligi
974 5020 1075 5085 potest.
1134 5030 1230 5085 scopo,
1253 5012 1351 5069 loanni
1374 5008 1561 5079 bathoniensi,
1585 5009 1717 5065 Herberto
1744 5008 1927 5082 Noviviceusi,

276 5094 405 5165 Dehinc,
431 5104 569 5167 presente
596 5096 737 5166 Anselmo,
767 5106 872 5156 estsine
898 5102 1079 5172 multitudine,
1133 5104 1253 5161 lieberto
1276 5101 1435 5166 cestrensi,
1458 5097 1576 5154 liadulio
1601 5096 1786 5167 Cicestrensi,
1809 5098 1928 5158 Ranulfo

276 5184 378 5241 annuit
401 5200 449 5241 rex
464 5192 491 5241 ct
505 5185 598 5242 statuit
612 5193 640 5241 ut
654 5185 689 5241 ab
702 5200 735 5243 eo
750 5194 871 5261 tempore
894 5190 922 5246 in
944 5191 1080 5265 reliquum
1133 5190 1325 5249 Duuelmensi.
1344 5188 1405 5260 ipso
1419 5186 1464 5243 die
1478 5185 1635 5259 priusquam
1649 5186 1809 5243 eorumdem
1824 5188 1930 5261 episco-

276 5288 422 5345 nunquam
437 5288 487 5346 per
502 5274 641 5331 dationem
659 5273 749 5333 baculi
772 5278 915 5349 pastoralis
929 5279 971 5337 vel
987 5280 1080 5338 annuli
1134 5296 1231 5353 porum
1249 5275 1481 5336 consecrationem
1496 5274 1641 5331 dussimus
1655 5274 1765 5344 faceret,
1780 5278 1928 5347 praesenti-

276 5363 427 5436 quisquam
459 5363 617 5437 episcopatu
641 5364 683 5422 vel
706 5364 818 5423 abbatia
840 5382 891 5438 per
911 5384 1004 5443 regern
1037 5368 1079 5429 vel
1134 5370 1187 5425 bus
1202 5363 1430 5440 eisetepiscopis
1450 5364 1497 5437 qui
1519 5372 1702 5421 convenerant
1716 5364 1793 5435 juxta
1811 5364 1928 5424 manda·

930 5516 1142 5574 HENSCHENll
1161 5516 1277 5575 NOTAE.

318 5638 360 5710 (a)
374 5640 453 5694 Anno
467 5637 589 5709 sequenti
605 5638 684 5708 ttut,
701 5638 808 5721 Pascha
821 5638 871 5720 luit
884 5655 935 5695 xrv
948 5640 1058 5711 Aprilis.
1134 5642 1219 5711 (unde
1233 5640 1284 5697 sub
1299 5638 1409 5697 nomine
1418 5638 1659 5697 luadavensiume
1678 5639 1835 5723 iscopernnt
1845 5639 1932 5698 dehis

297 5708 360 5793 id)
375 5707 550 5792 celebratum
573 5710 603 5769 id
624 5709 719 5767 estid.
737 5710 809 5780 Matr,
823 5726 881 5768 stre
894 5710 969 5769 circs
983 5714 1080 5771 Ascen-
1135 5714 1181 5769 alii
1205 5718 1313 5787 agunt),
1327 5712 1362 5768 de
1378 5728 1432 5783 qua
1455 5714 1548 5768 actum
1569 5726 1599 5767 tx
1621 5658 1769 5786 Fekrttsrri,
1786 5712 1834 5771 ubi
1845 5714 1881 5771 dc
1895 5714 1928 5771 S.

280 5797 388 5837 atonem
404 5780 523 5837 Domini.
1135 5784 1228 5841 Teliao
1242 5782 1303 5855 ejus
1317 5784 1371 5840 loci
1385 5783 1526 5855 episcopo.

321 5852 360 5921 (c)
375 5851 485 5908 Walliae
500 5866 565 5925 pers
578 5850 764 5909 meridionalis
776 5854 975 5927 Giumcrpurtie
985 5861 1032 5918 est,
1046 5854 1082 5909 ad
1171 5854 1212 5926 (d)
1227 5854 1335 5913 Scilicet
1349 5854 1438 5912 littera
1451 5852 1615 5911 Dominicali
1628 5854 1659 5909 F.

281 5922 414 5981 sabrina
427 5922 597 5981 asinarium.
609 5922 695 5980 Sedes
709 5922 872 5998 episcopalia
881 5924 1017 5983 handmia
1032 5925 1081 5982 luit
