4750 6725
335 563 384 620 tal

991 581 1054 640 tls.
1070 584 1119 652 ΙΙΙ,
1138 585 1252 644 EPIST.
1267 589 1319 646 CL.

1934 608 1986 666 182

332 692 441 749 eveniet
451 693 498 750 tibi
510 695 557 752 illa
565 699 711 769 promissio
722 717 785 773 qua
793 705 1033 774 perseverantibus
1043 724 1132 780 usque
1145 713 1172 775 Α
1223 715 1360 773 Canonica
1373 719 1518 778 auctoritas
1530 723 1652 796 praecipit
1674 732 1703 781 ut
1729 727 1850 786 Ecclesia
1864 731 1976 802 episco-

331 777 358 833 in
375 779 456 838 finem
484 787 664 856 promittitur.
683 791 742 847 Nec
765 798 791 848 te
815 800 914 850 terreat
934 795 996 868 qaia
1021 806 1133 868 propter

329 867 544 930 imbecillitatem
560 878 685 948 corporis
705 895 758 936 non
780 881 855 938 vales
878 883 959 940 modo
973 882 1005 913 ⁰¹⁷
1019 886 1055 942 ita
1070 887 1132 942 elfr-

329 959 432 1016 caoiter
447 961 538 1020 lacere
553 974 577 1020 et
595 983 688 1022 curare
700 985 759 1041 quaa
770 969 899 1028 facienda
914 979 977 1028 sunl
991 974 1019 1029 in
1034 977 1131 1034 eadem

329 1046 575 1117 obedientissima
591 1053 654 1110 olim
671 1055 791 1112 faciebas
806 1059 832 1114 in
849 1061 962 1118 sanitate
977 1070 1003 1118 et
1028 1062 1130 1134 juven-

328 1141 394 1192 tate.
411 1139 538 1210 Namque
554 1158 606 1198 ooo
619 1144 702 1218 exigit
714 1147 810 1204 Densa
821 1156 845 1204 te
861 1149 931 1205 ultra
947 1167 1028 1222 posse
1044 1160 1128 1208 tuum.

327 1225 385 1280 Nec
400 1234 427 1282 te
434 1230 594 1298 perturbent
604 1235 731 1305 quaelibet
741 1237 932 1306 adversitates,
949 1241 1129 1314 undecunque

327 1315 449 1384 veniant,
466 1319 565 1386 quibus
580 1329 605 1378 te
620 1323 676 1379 vult
690 1323 817 1380 inimicus
837 1327 935 1384 aniciae
955 1337 1006 1384 tuae
1025 1346 1129 1388 traxere

326 1411 353 1458 et
369 1403 493 1476 fatigare,
511 1416 539 1463 ιιι
555 1419 617 1466 anta
632 1410 713 1467 finem
729 1413 841 1470 delicias
865 1424 891 1470 et
907 1418 1049 1488 praemium
1062 1437 1128 1490 per·

325 1497 488 1552 severantia
498 1497 606 1568 perdas.
622 1501 720 1557 Hortor
734 1503 816 1576 igitur
830 1512 857 1560 et
871 1522 970 1576 precor
994 1517 1128 1580 qnatenus

324 1582 376 1638 boc
387 1584 415 1638 in
430 1585 512 1641 corde
524 1593 569 1643 tuo
578 1605 717 1660 proponas
727 1600 752 1647 et
764 1592 887 1648 stabilias
898 1599 925 1649 ut
935 1596 1035 1651 bonum
1047 1613 1125 1669 opas,

323 1673 399 1742 quod
414 1673 545 1730 hactenns
568 1675 684 1734 fideliter
698 1681 756 1736 Deo
780 1681 925 1752 adjurante
941 1685 1059 1752 tenuisti,
1075 1701 1125 1741 ne-

323 1777 476 1834 quaqnam,
493 1763 582 1822 donec
596 1764 680 1836 viras,
696 1767 821 1836 deseras,
837 1771 888 1826 nisi
902 1774 955 1828 hoc
966 1773 1051 1828 abbas
1067 1782 1127 1830 tuns

322 1853 350 1906 et
365 1851 465 1908 fratres
480 1853 518 1908 tui
532 1870 586 1910 non
603 1863 649 1912 tua
668 1857 880 1929 importunitate,
906 1861 954 1916 aed
975 1878 1023 1917 sua
1037 1879 1124 1935 spon-

321 1943 406 1996 tanea
421 1941 561 2000 voluntate
577 1944 627 1999 tibi
642 1945 815 2018 praecipiant.
835 1949 869 2004 Et
890 1956 979 2006 certus
994 1957 1052 2007 esto
1063 1951 1125 2023 qnia

1187 810 1264 873 patus
1279 802 1347 860 nitra
1369 815 1427 863 tres
1451 825 1559 866 menses
1584 829 1639 868 non
1667 818 1848 875 araneatsine
1862 829 1981 892 pastore.

1187 890 1321 962 Quoniam
1337 903 1426 952 antem
1441 899 1501 972 regi
1514 901 1622 971 placuit,
1638 904 1752 962 consilio
1766 905 1898 964 baronum
1913 925 1980 966 suo-

1186 997 1258 1048 rum,
1274 987 1301 1038 et
1316 993 1406 1040 nostra
1420 989 1610 1058 concessione,
1622 995 1651 1047 ut
1661 1002 1880 1066 restrapersona
1890 997 1980 1071 elige-

1185 1080 1261 1126 retur
1274 1074 1308 1128 ad
1324 1075 1585 1148 archiepiscopatum
1609 1080 1741 1139 Eboracae
1765 1099 1820 1139 non
1834 1086 1916 1141 debat
1931 1105 1980 1159 per

1184 1176 1232 1215 vos
1247 1163 1377 1218 terminus
1388 1165 1533 1222 salubriter
1547 1169 1707 1226 constitutus
1733 1171 1836 1228 diutius
1862 1174 1979 1234 differri.

1184 1251 1260 1306 Unde
1275 1252 1361 1307 miror
1376 1253 1438 1325 quia
1452 1265 1515 1326 post
1542 1257 1704 1315 electionem
1729 1269 1847 1318 vestram
1861 1279 1918 1319 non
1930 1282 1978 1322 re-

1182 1339 1305 1410 quisistis
1330 1349 1359 1396 ιιι
1386 1345 1615 1401 consecraremini
1643 1349 1679 1403 ad
1707 1349 1781 1421 quod
1808 1351 1888 1408 electi
1902 1355 1977 1410 estis.

1183 1427 1280 1483 litando
1288 1428 1380 1500 itaque
1394 1431 1473 1489 robis
1485 1441 1515 1488 ιιι
1535 1450 1584 1489 vrit
1599 1435 1663 1491 Idus
1677 1437 1821 1509 Septemb.
1838 1441 1896 1496 sitis
1906 1445 1978 1514 apud

1181 1522 1298 1572 matrem
1321 1526 1443 1576 nostram
1468 1522 1611 1578 ecclesiam
1634 1526 1863 1599 cantuariensem,
1883 1531 1919 1585 ad
1933 1530 1977 1586 fa·

1181 1607 1310 1663 ciendum
1325 1608 1397 1678 quod
1418 1609 1510 1666 iacere
1523 1611 1638 1683 debetis,
1668 1621 1695 1669 ct
1723 1616 1756 1670 ad
1770 1618 1977 1688 suscipiendam

1181 1696 1418 1752 consecrationem
1434 1707 1562 1755 vestram.
1574 1701 1653 1770 Quod
1668 1704 1692 1756 si
1719 1720 1773 1759 non
1789 1706 1918 1774 feceritis,
1943 1710 1977 1766 ad

1181 1799 1225 1838 me
1238 1785 1355 1854 pertinet
1369 1794 1396 1841 ut
1411 1803 1464 1859 ego
1491 1805 1583 1845 curum
1611 1791 1770 1848 habeantet
1796 1793 1896 1851 faciam
1916 1814 1977 1869 quae

1179 1874 1317 1942 pertinent
1329 1875 1365 1930 ad
1380 1877 1534 1949 episcopale
1558 1879 1679 1936 officium
1698 1881 1725 1938 in
1740 1883 1913 1941 Eboracansi
1928 1904 1976 1944 ar-

1179 1961 1394 2034 chiepiscopatu.
1410 1967 1546 2023 ureteras
1560 1968 1651 2024 andivi
1666 1971 1730 2041 quia
1744 1987 1803 2040 vos,
1814 1973 1976 2047 priusquam

320 2036 425 2102 quanto
441 2031 544 2102 majori
559 2031 724 2102 difficultate,
741 2053 802 2092 cum
824 2046 936 2110 propiet
948 2038 1123 2097 imbecillila-
1140 2053 1388 2138 Boonsecremini,
1409 2054 1498 2112 facere
1526 2056 1619 2130 vultis,
1647 2067 1676 2114 ut
1702 2059 1805 2116 electus
1831 2063 1977 2138 episcopus

320 2125 376 2173 tem
393 2127 476 2188 tuam,
492 2128 551 2176 tum
573 2132 681 2194 propter
703 2125 838 2198 quaslibet
853 2127 1041 2196 adversitates,
1055 2129 1124 2186 obe-

318 2207 452 2263 dientiam
468 2209 516 2264 tibi
532 2211 680 2281 injunctam
696 2213 779 2270 facies
791 2220 831 2285 ⁸¹¹,
856 2224 928 2274 tanto
943 2217 1033 2288 majus
1051 2235 1123 2290 prce-

319 2297 445 2354 miuma
473 2300 531 2355 Deo
556 2302 683 2373 recipies.
713 2303 768 2360 Oro
794 2305 881 2360 Deum
911 2307 1124 2379 omnipotentem

318 2387 578 2458 utipseeortuum
601 2391 710 2465 dirigat,
740 2402 768 2450 et
796 2401 927 2466 quantum
957 2395 984 2450 in
1013 2405 1122 2465 meast,

318 2475 540 2534 benedictionem
556 2487 583 2535 et
598 2481 797 2541 absolutionem
820 2484 869 2540 Dei
885 2483 934 2540 tibi
950 2485 1060 2553 mando,
1070 2484 1124 2542 lra-

318 2573 363 2621 ter
379 2566 550 2624 charissime.

515 2659 600 2730 420
620 2659 791 2718 aelstota
816 2663 935 2720 CXLIX.

317 2779 445 2821 susanna
460 2781 498 2820 ao
513 2781 633 2823 resonant
652 2784 858 2828 nnoaaoaassit
873 2785 1122 2830 sacarrarrsoornu.

316 2871 448 2928 Ecclesia
461 2873 541 2928 alirn
557 2879 614 2930 tres
631 2891 742 2932 mererer
763 2879 827 2934 sina
840 2881 955 2951 pastore
974 2895 1032 2935 non
1046 2880 1125 2936 dabat

354 2957 430 3012 csse,
443 2944 519 3000 uarie
531 2946 752 3018 ipciproescribil
763 2953 795 3005 ul
811 2965 859 3003 van
874 2949 942 3006 Idus
951 2950 1131 3021 Septembris.

356 3011 522 3070 Cuntuartu
541 3032 571 3071 ce
594 3017 680 3074 abiut
694 3019 727 3074 ob
743 3035 773 3077 eo
796 3020 1028 3086 consecrandum,
1045 3025 1073 3077 ei
1088 3037 1124 3078 tte

353 3085 417 3156 ipsc
444 3087 567 3142 electum
591 3090 748 3161 episcopum
774 3091 801 3146 S.
830 3092 947 3148 dadrooe
967 3092 1001 3147 da
1022 3093 1120 3149 Scotto

353 3155 485 3212 nondum
499 3164 682 3216 consecratas
697 3177 865 3218 consecrare
879 3167 1044 3234 praesumat.

354 3266 520 3335 assatura,
555 3266 779 3340 archiepiscopus
817 3267 977 3341 cantuariae,
1016 3269 1125 3326 Treoua

318 3348 410 3407 electo
447 3349 654 3424 archiepiscopo
683 3352 865 3410 Eboracensis
891 3351 1032 3423 Ecclesiae,
1049 3353 1124 3411 salu·

317 3444 389 3499 lem.

1180 2140 1271 2198 Sancti
1285 2143 1402 2200 ltndreae
1416 2144 1450 2200 de
1465 2145 1557 2201 Scotia
1571 2147 1643 2218 apud
1665 2149 1815 2206 Eboracum
1832 2167 1975 2210 consecre-

1180 2237 1224 2285 tur
1238 2231 1305 2303 (35).
1322 2231 1401 2301 Quod
1416 2249 1466 2289 nec
1476 2233 1568 2292 lacere
1578 2236 1693 2302 debetis,
1709 2253 1761 2295 nec
1775 2254 1828 2312 ago
1842 2244 1974 2313 concedo,

1179 2320 1226 2375 sed
1241 2321 1351 2376 omnino
1367 2322 1500 2380 interdico
1515 2340 1550 2380 ne
1562 2323 1617 2392 liat,
1633 2333 1679 2380 aut
1693 2327 1727 2382 de
1741 2327 1797 2396 illo,
1814 2338 1860 2384 ant
1874 2330 1909 2388 de
1922 2332 1976 2389 ali-

1178 2425 1237 2482 qua
1250 2425 1372 2481 persona
1387 2427 1448 2481 quea
1462 2411 1488 2466 in
1511 2412 1637 2484 regimen
1649 2415 1798 2472 animarum
1813 2418 1896 2474 debet
1908 2437 1975 2491 pro·

1178 2499 1240 2555 vehi
1256 2499 1290 2553 ab
1306 2499 1511 2572 archiepiscopo
1525 2502 1702 2573 Eboracensi,
1718 2505 1783 2577 quia
1794 2521 1848 2562 uon
1858 2509 1976 2578 pertinet

1179 2588 1214 2643 ad
1227 2603 1276 2643 ros
1291 2588 1356 2643 dare
1369 2589 1416 2645 val
1429 2591 1580 2647 concedere
1600 2591 1685 2648 alicui
1703 2609 1796 2650 curam
1810 2596 1973 2668 animarum,

1179 2692 1261 2751 qnam
1276 2677 1397 2733 nondum
1412 2679 1562 2750 accepistis.
1584 2680 1661 2736 Vale.

1454 2803 1631 2861 EPISTOLA
1647 2806 1697 2862 Cf..

1377 2927 1502 2966 assatur
1530 2928 1568 2967 aa
1594 2927 1771 2968 corrutone.

1181 3019 1276 3076 Vtram
1290 3019 1406 3094 probam
1421 3035 1439 3075 a
1454 3020 1519 3075 viic
1531 3021 1698 3092 irtlepritate
1719 3023 1831 3090 laudat,
1846 3027 1876 3081 ei
1890 3043 1908 3083 a
1921 3043 1974 3100 ouo

1212 3092 1266 3147 ribi
1288 3094 1396 3158 caecat,
1417 3096 1524 3156 monet,
1548 3094 1676 3148 maxime
1695 3108 1731 3151 aa
1752 3096 1877 3154 otiorum
1895 3100 1975 3170 sacta

1213 3162 1378 3218 discernens
1387 3178 1433 3219 cos
1441 3166 1621 3220 contemnat.

1214 3270 1367 3326 bassanus
1395 3269 1617 3342 archiepiscopus
1644 3271 1788 3331 Gauraina
1809 3274 1975 3332 salutemet

1178 3358 1398 3416 benedictionem
1414 3358 1474 3429 Dei,
1490 3367 1516 3415 el
1530 3375 1618 3417 snam.

1140 3438 1164 3503 C
1214 3449 1303 3517 iubet,
1318 3464 1407 3521 napos
1421 3456 1523 3520 vester,
1538 3448 1605 3505 mibi
1625 3454 1744 3512 nauavit
1757 3454 1842 3513 ritam
1855 3461 1971 3514 umnam

970 3544 1087 3601 vatata
1121 3546 1325 3605 enormitas.

353 3636 449 3695 117Νοιι
464 3638 548 3696 ruodo
562 3656 613 3696 ms.
629 3655 683 3698 non
698 3637 774 3697 vales
790 3638 884 3698 modo.
920 3640 1050 3701 ⁸¹¹Facias
1075 3661 1128 3702 atr.
1144 3642 1241 3701 facies.

945 3741 1096 3799 toartrtts
1112 3742 1253 3801 etcannt
1271 3743 1385 3802 NOTAE.

353 3838 413 3909 (35)
428 3836 537 3895 Facere
554 3837 650 3903 uallis.
677 3839 708 3895 ui
727 3838 833 3894 alectus
850 3838 998 3911 episeopus
1013 3838 1119 3896 Sancti

315 3908 1119 3981 Andreoeacscotturpudt'boracumcorrsecretcreuo-

315 3982 392 4036 niam
413 3982 450 4036 ad
473 3979 673 4036 Eboraconsem
703 3980 940 4051 archiepiscopum
966 3982 1119 4050 pertinebat

316 4051 491 4109 consecratio
508 4052 632 4107 omniurn
659 4051 859 4123 episcoporum,
902 4048 1118 4108 reficiendorum

315 4122 453 4179 Ecclesiis
463 4122 609 4178 insularum
619 4122 766 4192 Orcadum,
777 4122 804 4175 id
815 4129 856 4177 est
897 4123 1008 4179 iberniae
1016 4130 1041 4179 et
1053 4126 1118 4181 Sco-

316 4196 373 4259 tiae,
382 4195 502 4249 Thomas
516 4193 631 4249 necdum
643 4202 783 4265 acceptam
795 4193 957 4276 perpercerint
971 4194 1049 4250 altari
1064 4210 1116 4250 vo·

317 4274 395 4329 lebat
404 4273 533 4329 conferre
544 4280 589 4329 ant
610 4288 703 4327 curare
714 4262 915 4329 conferendam.
927 4274 1006 4343 Quod
1016 4273 1116 4329 insel-

316 4360 381 4399 mns
397 4343 537 4415 probibuit
550 4348 623 4398 recte
643 4343 739 4398 dicens
752 4358 806 4399 nnn
821 4360 902 4415 posse
914 4360 995 4415 quem
1010 4344 1115 4399 anima-

316 4432 378 4471 rum
387 4430 481 4471 curam
490 4414 670 4484 demandare,
683 4430 763 4483 quam
772 4430 825 4470 nnn
834 4430 912 4472 susce
932 4416 991 4472 erit.
1005 4414 1117 4470 initian-

316 4486 354 4543 do
368 4494 461 4543 autam
477 4486 604 4567 episcopo
620 4485 722 4541 nomini
737 4495 796 4541 erat
812 4432 966 4558 Turgofus,
988 4484 1117 4541 Ecclesia

317 4553 511 4627 Dnuelmpnsis
533 4572 619 4627 prior.
647 4556 793 4625 Caeterum,
824 4558 897 4630 qnod
920 4558 1065 4613 Scotorum
1089 4564 1117 4611 et

317 4630 501 4685 liibcrnorum
518 4629 665 4683 antistitum
682 4627 797 4685 initiatio
807 4629 842 4682 sit
857 4626 992 4699 pontilicis
1009 4626 1115 4683 Ebora-

316 4699 449 4755 oensiset
464 4698 548 4771 hujus
572 4698 618 4770 (da
647 4715 701 4770 quo
729 4698 759 4754 iit
786 4710 889 4769 serino)
918 4698 1063 4763 fratruelis,
1080 4698 1114 4753 ad

318 4770 511 4831 hainnoum.
527 4768 644 4825 sednon
659 4770 800 4825 Lanfrsnci
824 4769 858 4825 ad
873 4770 961 4840 ipsum
976 4788 984 4833 ;
1001 4785 1068 4841 quas
1080 4768 1115 4825 ad

318 4842 438 4897 litteram
449 4840 576 4910 subjicio,
586 4841 690 4912 priores
699 4841 740 4895 sic
751 4841 852 4897 babent
865 4856 871 4895 :
891 4864 902 4889 ι
915 4841 1048 4907 l‘iissimo,
1061 4847 1113 4896 etc.

318 4914 401 4981 Ecce,
419 4914 504 4967 Pater
518 4911 697 4979 sanctissime,
720 4910 790 4967 filius
813 4921 877 4967 tirus
900 4912 934 4967 ad
956 4920 982 4966 ta
1002 4912 1112 4976 clamat,

317 4984 365 5039 sed
381 4983 470 5055 magis
484 4981 559 5051 fiilis,
584 4982 766 5039 Eboracensis
789 4981 914 5038 videlicet
928 4982 1062 5049 Ecclesia,
1078 4984 1113 5037 ad

318 5072 392 5119 eam,
413 5054 457 5111 cui
472 5054 562 5108 divina
589 5054 765 5124 dispositione
794 5054 925 5124 praesides
946 5053 1111 5115 ecclesiam;

1172 3842 1325 3913 nuperrime
1341 3843 1524 3901 nosterfrater
1538 3844 1617 3901 nobis
1630 3850 1656 3901 et
1676 3843 1848 3916 coepiscopis
1872 3844 1970 3901 subin-

1174 3914 1234 3969 tulit
1249 3914 1400 3987 Remigius,
1416 3933 1461 3972 me
1475 3914 1579 3972 scilicet
1593 3916 1773 3988 imposterum
1787 3916 1969 3998 quaesiturum

1171 3985 1409 4042 Dorcacestrensis
1424 3988 1468 4043 vel
1478 3987 1674 4059 wigornensis
1688 3987 1810 4058 episcopt
1824 3989 1970 4058 subjectio-

1171 4072 1235 4112 nem
1250 4058 1301 4114 bac
1315 4057 1349 4115 de
1363 4074 1459 4115 cansa.
1477 4059 1545 4114 Dico
1562 4062 1637 4115 enim
1652 4073 1745 4115 coram
1759 4060 1817 4114 Deo
1833 4075 1876 4115 me
1895 4076 1969 4116 nun-

1172 4144 1255 4200 qnam
1268 4130 1321 4186 hoc
1335 4128 1478 4186 facturum.
1509 4130 1539 4186 Si
1552 4129 1643 4201 placet
1657 4131 1740 4203 igitur
1754 4130 1892 4187 sanctitati
1905 4148 1969 4187 aes-

1171 4207 1229 4269 trae,
1258 4209 1287 4254 ιιι
1311 4200 1392 4269 juxta
1427 4201 1587 4273 petitionem
1621 4211 1747 4259 nostram
1774 4202 1854 4257 nobis
1880 4201 1969 4258 iacere

1170 4270 1332 4341 dignemini,
1350 4273 1438 4328 locum
1453 4274 1607 4329 Eboracum
1620 4293 1627 4339 ;
1644 4282 1760 4355 tempus,
1774 4290 1792 4331 r
1806 4274 1877 4328 Non.
1894 4274 1970 4329 liar-

1170 4342 1222 4396 tias
1249 4342 1329 4397 nobis
1356 4343 1560 4400 immutabiliter
1588 4345 1792 4410 constituimus,
1834 4352 1862 4399 et
1888 4345 1968 4401 vobis

1170 4412 1365 4483 significamus.
1385 4416 1460 4487 Ergo
1474 4415 1551 4471 viras
1564 4424 1591 4471 et
1618 4418 1717 4483 valens,
1733 4423 1758 4470 et
1783 4415 1969 4485 spiritualibus

1170 4482 1347 4538 incrementis
1356 4500 1549 4555 usquequaque
1562 4484 1703 4557 proficias.
1720 4510 1731 4534 ι
1749 4486 1886 4541 Hactenus
1897 4488 1967 4542 Tbo-

1170 4570 1240 4609 mas.
1257 4554 1301 4609 Ex
1320 4554 1398 4626 cujus
1427 4556 1518 4610 verbis
1546 4557 1720 4627 perspicuum
1736 4563 1786 4620 est,
1803 4556 1874 4627 quod
1889 4556 1968 4611 altius

1170 4624 1197 4679 in
1213 4624 1400 4681 lanfrancum
1430 4628 1526 4683 cristas
1554 4627 1619 4683 olim
1646 4630 1771 4683 erexerat
1790 4627 1915 4682 eanidem
1930 4628 1966 4682 ob

1169 4711 1280 4750 causam
1294 4712 1374 4766 quam
1390 4697 1435 4753 bic
1449 4698 1567 4752 Thomas
1583 4713 1647 4753 suus
1662 4696 1808 4761 fratruelis,
1825 4705 1899 4753 tanto
1914 4698 1965 4753 de-

1170 4767 1278 4823 missius
1292 4768 1461 4834 inclinassaa
1477 4769 1547 4825 adeo
1557 4776 1586 4825 ut
1600 4784 1655 4825 non
1669 4768 1720 4823 nisi
1734 4768 1815 4823 tacito
1829 4768 1965 4824 bantren-

1169 4838 1195 4893 ci
1209 4839 1354 4910 permissu,
1375 4850 1499 4897 vereatur
1513 4858 1543 4896 se
1558 4855 1714 4910 nuncupare
1729 4838 1963 4911 archiepiscopum

1170 4908 1294 4966 Eboraci.
1308 4910 1367 4967 Sed
1386 4910 1533 4967 Lanfranci
1561 4926 1720 4982 responsum
1747 4909 1963 4982 conjungamus,

1189 4997 1225 5037 uo
1240 4989 1267 5037 et
1281 4982 1307 5036 id
1338 4982 1408 5052 juris
1433 4991 1559 5052 spectans
1585 4982 1621 5037 ad
1648 4982 1851 5037 Eboracensem
1865 4983 1963 5038 calbe-

1167 4998 1244 5107 3ram
1258 5053 1370 5125 gravius
1384 5053 1491 5125 probat.

320 5134 448 5197 tanquam
462 5124 498 5181 ad
510 5132 661 5181 maternum
671 5140 821 5180 recurrens
831 5125 930 5189 sinum,
940 5124 986 5195 pie
996 5122 1156 5196 postulatD
1210 5122 1410 5188 uLanfrancus,
1434 5132 1487 5180 etc.
1520 5122 1668 5179 fnsinuavit
1694 5123 1773 5180 vobis
1800 5124 1963 5181 venerabilis

316 5206 346 5253 ut
360 5195 577 5253 exabundantia
600 5204 784 5251 maternarum
803 5194 960 5251 deliciarum
975 5202 1117 5265 reparetur

317 5269 362 5325 ino
383 5269 412 5325 ia
426 5284 535 5325 suarum
550 5282 580 5323 se
593 5266 794 5333 deserentium,
810 5267 864 5321 imo
888 5265 969 5340 longe
994 5274 1021 5321 et
1043 5264 1116 5321 inter

317 5284 450 5395 barbaras
477 5338 602 5393 nationes
636 5338 786 5409 positarum
823 5336 934 5393 virium.
976 5334 1003 5391 Si
1024 5336 1114 5392 uidem

319 5410 504 5467 teuitadnos
533 5408 642 5480 quidam
674 5408 800 5475 clericus,
831 5423 910 5479 quem
928 5407 1003 5462 misit
1037 5407 1115 5463 aulus

317 5496 487 5537 comessum
507 5479 601 5535 litteris
628 5478 754 5551 sigillatis
781 5478 816 5534 da
843 5476 978 5535 Orcadum
993 5478 1114 5549 partibus

317 5550 481 5623 significans
494 5550 522 5604 in
537 5550 576 5605 eis
591 5552 776 5622 episcopatum
790 5564 845 5605 suae
861 5557 932 5605 terra
946 5548 1035 5604 eidem
1053 5549 1111 5605 cle-

317 5624 376 5679 rico
391 5622 578 5679 concessisse.
603 5626 636 5676 Αι
651 5622 696 5677 ille
718 5628 918 5675 antecessorum
938 5635 1047 5675 snorum
1062 5636 1111 5675 or-

317 5694 381 5749 dine
396 5692 546 5760 custodito,
560 5692 702 5765 postulata
723 5691 802 5747 nobis
815 5694 970 5747 consecrari
998 5693 1111 5763 episco-

317 5780 393 5835 pum,
409 5764 464 5832 cui,
508 5764 562 5819 und
577 5764 648 5833 juste
672 5762 747 5835 petit,
765 5762 864 5834 injusto
888 5762 1027 5833 denegare
1058 5778 1111 5818 non

317 5851 475 5907 possumus.
489 5780 638 5891 freeamur
656 5850 723 5908 ergo
736 5842 765 5888 nt
779 5834 860 5903 nobis
886 5832 956 5889 duos
970 5832 1060 5905 episco
1082 5849 1113 5889 os

319 5906 417 5979 dirigat
438 5906 587 5990 pamrnitas
606 5913 705 5970 vestra,
730 5920 843 5976 qnorum
865 5904 924 5959 fulti
947 5850 1114 5985 orationifus

320 5986 347 6035 at
366 5976 477 6045 anmbo,
495 5982 575 6033 tantae
596 5977 635 6033 rei
660 5985 857 6035 sacramentum
879 5990 1010 6032 monnica
1032 5990 1112 6031 com-

319 6050 454 6123 pleamus.
470 6047 520 6106 llla
531 6056 620 6107 autem
639 6048 733 6120 procul
753 6054 877 6105 arceatur
889 6044 1015 6119 suspicio,
1032 6061 1113 6117 quem

204 6318 334 6338 h--n-lj.
342 6336 344 6340 .

1170 5193 1254 5249 frater
1276 5203 1368 5251 noser
1390 5194 1509 5251 Tbomas
1535 5194 1715 5251 Eboracensis
1743 5196 1964 5267 archiepiscopus

1170 5264 1314 5321 advenisse
1328 5266 1363 5322 da
1378 5264 1516 5323 Orcadum
1537 5267 1630 5321 insulis
1656 5266 1692 5321 ad
1718 5268 1888 5339 sequendum
1904 5270 1963 5330 cle·

1169 5336 1266 5403 ricnm,
1283 5353 1363 5408 quern
1392 5337 1419 5391 in
1448 5337 1634 5409 episcopatum
1662 5336 1848 5408 ipsiusterrae,
1863 5340 1963 5409 praeui-

1169 5406 1260 5478 piente
1275 5415 1301 5463 et
1327 5407 1481 5464 insinuante
1508 5409 1592 5465 Paulo
1620 5408 1729 5476 comite,
1760 5416 1872 5464 testatur
1900 5426 1962 5466 esse

1169 5479 1300 5533 electum.
1319 5478 1429 5551 Elquia
1457 5496 1491 5536 ex
1519 5480 1630 5550 antiquo
1659 5494 1735 5535 more
1761 5480 1803 5535 sni
1824 5480 1892 5548 jnris
1921 5489 1962 5536 est

1168 5549 1344 5620 praefatarum
1368 5550 1516 5607 insularum
1548 5550 1678 5623 praesulas
1701 5565 1869 5618 consecrare,
1885 5553 1963 5623 petiit

1165 5636 1239 5676 arne
1253 5624 1282 5674 ut
1303 5622 1406 5676 mittam
1434 5622 1484 5677 sibi
1511 5622 1545 5676 de
1573 5623 1673 5677 nostris
1698 5621 1876 5678 sadrananeis
1891 5624 1960 5680 duos

1166 5692 1211 5761 qui
1227 5699 1307 5749 tantae
1322 5692 1360 5747 rei
1386 5702 1586 5748 sacramentum
1615 5708 1677 5749 cum
1692 5708 1724 5749 co
1752 5666 1859 5749 rafeaot
1881 5694 1958 5750 ceie-

1166 5762 1257 5817 brare.
1291 5764 1427 5837 Rogantes
1443 5764 1720 5835 itaquepraecipimna,
1731 5772 1759 5819 et
1774 5764 1960 5835 praecipientes

1165 5848 1305 5906 rogamus,
1321 5843 1454 5905 quatenns
1467 5835 1542 5891 omni
1565 5836 1740 5891 excusatione
1758 5834 1881 5889 submota
1894 5834 1959 5891 illue

1166 5906 1235 5961 eatis
1248 5912 1274 5961 et
1289 5921 1322 5962 ex
1337 5915 1430 5963 nostro
1444 5913 1582 5979 praecepto
1593 5922 1695 5974 secum,
1705 5906 1777 5975 qnod
1788 5906 1890 5974 justum
1905 5916 1955 5973 est,

1167 5976 1195 6031 in
1209 5984 1290 6033 taotae
1304 5978 1344 6034 rei
1359 5978 1486 6049 mysterio
1514 5976 1685 6048 compleatis.
1713 5976 1774 6031 Non
1794 5976 1865 6031 enim
1879 5976 1959 6033 decet

1167 6054 1196 6105 nt
1210 6050 1260 6119 qui
1272 6050 1421 6107 sacrandus
1430 6049 1457 6105 in
1469 6050 1541 6105 banc
1554 6056 1655 6104 terram
1669 6047 1753 6115 venit,
1770 6054 1797 6104 et
1808 6061 1871 6103 cum
1886 6050 1961 6106 omni
