4750 6725
347 573 381 628 tt

1006 564 1069 622 titt.
1092 566 1140 634 111,
1160 567 1271 624 erist.
1291 567 1351 624 vll.

348 687 432 743 dilexi
452 687 512 742 Deo
527 691 555 742 et
576 684 664 753 robis,
679 691 706 740 et
729 684 862 756 meipsum
883 683 972 751 vobis,
993 699 1071 756 quarn
1096 697 1145 738 vos
1159 680 1186 742 A
1201 687 1356 745 obedientia
1379 694 1406 744 ct
1427 688 1567 755 charitate,
1590 701 1657 756 quos
1672 691 1788 758 propter
1810 690 1846 748 te,
1870 688 2000 755 quantum

347 776 412 832 mibi
425 778 484 831 sire
499 774 694 848 praelationem,
710 781 756 828 aut
771 773 995 840 dominationem,
1012 783 1059 827 aut
1081 788 1148 844 pos-

345 863 499 919 sessionem
532 872 678 928 terrenam,
712 878 778 933 quas
811 861 947 917 habebam
976 877 1026 931 pro
1055 859 1144 916 vobis.

346 952 535 1022 Quamobrem
552 952 611 1024 plus
627 967 670 1004 me
681 957 780 1023 gravat
800 955 890 1006 vestra
907 949 1012 1006 tristitia
1027 949 1061 1004 de
1077 964 1148 1022 qua·

346 1041 489 1111 ltcuuque,
519 1040 545 1094 si
570 1040 640 1110 apud
666 1054 716 1094 vos
735 1045 785 1107 est,
808 1037 862 1093 mci
884 1037 1044 1112 indigentie,
1065 1053 1147 1108 quem

345 1147 391 1186 tue
401 1129 557 1186 consoletur
571 1130 661 1198 eliqua
671 1135 781 1183 terrena
794 1126 926 1183 celsitudo
939 1127 979 1182 vel
995 1125 1147 1197 opulentia.

347 1219 420 1275 Ecce
435 1217 544 1274 nuncin
559 1219 611 1273 lrac
634 1217 695 1288 ipsa
711 1215 861 1282 locutione,
882 1232 934 1289 qua
949 1216 1028 1272 robis
1046 1215 1148 1271 absens

348 1307 445 1380 loquor
465 1305 604 1372 dictando,
627 1313 708 1360 testes
733 1304 798 1358 milri
826 1312 889 1360 sunt
916 1305 1052 1376 lacrymae,
1080 1320 1147 1374 quas

345 1397 485 1452 continere
499 1401 636 1466 nequeunt
651 1393 722 1448 oculi
746 1392 809 1462 mei,
826 1401 853 1449 el
868 1393 920 1449 vim
937 1392 1001 1448 mitri
1018 1391 1147 1448 facientes

343 1485 479 1558 singultus
498 1483 621 1556 gutturis
646 1481 698 1536 mei
723 1481 915 1536 inundantesa
930 1481 1031 1555 gemitu
1054 1480 1146 1537 cordis

343 1575 409 1640 mei,
422 1574 582 1630 obturantes
593 1581 620 1628 et
634 1571 856 1645 interrumpendo
870 1572 1007 1627 tardantes
1017 1569 1144 1641 scriptori

343 1661 430 1718 rerba
445 1663 501 1718 oris
515 1661 580 1718 mei.
596 1660 727 1732 Quamvis
744 1661 798 1715 sint
812 1660 933 1732 quidam,
951 1668 979 1714 ιιι
994 1659 1086 1726 audio,
1098 1657 1144 1730 qui

343 1759 436 1808 autem
456 1751 519 1818 sint,
541 1751 614 1807 Deus
634 1751 676 1816 sit,
705 1750 751 1822 qui
774 1759 817 1804 aut
833 1746 937 1824 lingunt
958 1747 1070 1813 malitia,
1099 1754 1144 1802 aut

343 1841 525 1913 suspieentur
538 1855 644 1906 errore,
659 1843 706 1893 aut
727 1845 865 1910 eoguntur
879 1839 971 1894 dicere
995 1836 1143 1892 indiscreto

341 1929 449 1999 dolore,
476 1929 549 2000 quod
578 1929 667 2000 magis
696 1928 784 1983 trabar
808 1927 842 1982 ad
873 1927 1142 2002 archiepiscopatum

1203 777 1313 847 dedisti,
1324 777 1385 834 volo
1400 777 1546 844 custodire,
1558 776 1649 847 potius
1663 775 1796 846 eligerem
1807 772 1858 826 sub
1874 771 1997 842 praelato,

1203 868 1272 922 sicut
1287 867 1446 931 monachus,
1462 866 1565 922 servire
1589 873 1614 920 et
1629 863 1751 929 obedire,
1767 869 1794 916 et
1815 862 1850 916 ab
1864 860 1910 915 illo
1926 875 1994 915 con-

1202 955 1294 1010 silium
1309 956 1409 1010 animae
1424 971 1492 1010 meae
1506 963 1532 1009 et
1547 952 1702 1009 necessaria
1715 949 1838 1021 corporis
1853 948 1906 1004 mei
1922 947 1996 1003 acci·

1203 1060 1277 1116 pere,
1293 1059 1374 1114 quam
1396 1043 1456 1098 aliis
1470 1042 1623 1099 bominibus
1645 1039 1780 1096 dominari
1804 1046 1850 1094 aut
1865 1052 1996 1104 praesse,

1202 1149 1260 1189 srve
1274 1132 1471 1187 adaoimarum
1487 1131 1727 1204 gubernationem,
1743 1128 1802 1182 sive
1817 1126 1852 1181 ad
1866 1140 1996 1195 corpora·

1201 1223 1254 1278 lem
1270 1221 1504 1286 sustentationem,
1520 1226 1566 1274 aut
1580 1226 1702 1274 terrenas
1716 1215 1826 1272 divitias
1840 1214 1992 1285 possidere.

1200 1312 1241 1367 Tu
1255 1310 1343 1378 vides,
1367 1319 1394 1365 et
1408 1318 1435 1365 tu
1459 1317 1516 1366 esto
1531 1307 1608 1362 testis
1633 1322 1719 1371 meus,
1745 1304 1817 1375 quia,
1838 1305 1910 1358 sicut
1928 1316 1996 1357 mea

1200 1400 1266 1454 milri
1285 1399 1453 1457 conscientia
1476 1396 1555 1463 dicit,
1580 1394 1671 1451 nescio
1693 1392 1831 1464 quomodo
1858 1407 1902 1446 me
1930 1394 1992 1446 sine

1199 1497 1312 1562 peceato
1326 1489 1429 1560 possim
1444 1487 1569 1544 evolvere
1584 1484 1619 1540 ab
1642 1485 1693 1539 hac
1705 1498 1752 1537 me
1775 1481 1935 1554 eligentium
1949 1479 1994 1534 in-

1199 1580 1373 1642 tentione3ct
1395 1577 1459 1647 quia
1480 1575 1567 1631 rimor
1582 1581 1652 1641 tuns,
1668 1580 1695 1628 et
1717 1572 1845 1639 ebaritas,
1872 1578 1901 1626 et
1922 1568 1994 1625 obe·

1199 1668 1310 1728 dientia,
1327 1682 1395 1737 quas
1416 1665 1464 1720 tibi
1487 1672 1515 1719 et
1528 1661 1659 1719 Ecclesia
1681 1667 1733 1717 lua
1748 1659 1846 1726 debeo,
1870 1673 1916 1714 me
1943 1673 1993 1713 co-

1197 1764 1274 1829 gunt,
1290 1771 1335 1810 ms
1351 1755 1446 1825 ligent,
1471 1760 1499 1808 ul
1513 1766 1568 1807 oon
1581 1750 1699 1806 audeam
1714 1747 1851 1820 religiosis
1865 1746 1993 1816 precibus

1197 1861 1301 1912 eorum,
1324 1852 1469 1916 almagno
1488 1840 1558 1896 sicut
1578 1839 1644 1894 mibi
1668 1836 1825 1900 ostendunt,
1856 1832 1994 1907 desiderio

1196 1932 1371 2004 pertinaciter
1384 1930 1581 1987 contradicere.
1598 1927 1725 1992 Domine,
1741 1926 1765 1980 si
1781 1923 1850 1980 lallit
1864 1940 1908 1979 me
1925 1939 1996 1980 con-

341 2019 441 2073 '515032
450 2017 587 2087 cupidate,
597 2031 679 2087 llum
693 2031 775 2089 0⁰8⁸?
789 2015 810 2043 ‘⁴
830 2015 1139 2088 s⁰¹58i0⁵³¹¹000⁵⁸iffl2b
1155 2035 1183 2096 Β
1197 2022 1311 2078 scientia
1324 2036 1396 2084 mea,
1413 2016 1606 2074 ostendamini
1622 2015 1759 2087 meipsum
1775 2022 1802 2069 et
1816 2013 1924 2086 corrige
1939 2028 1995 2080 me,

339 2105 452 2176 Quibus
465 2106 557 2160 nescio
573 2105 710 2178 quomodo
731 2103 837 2175 possim
859 2102 1093 2174 persuadereque
1109 2101 1143 2156 sit
1170 2116 1173 2121 ¹

338 2195 368 2250 in
384 2195 440 2250 bac
454 2210 485 2249 re
511 2193 677 2251 conscientia
690 2208 761 2258 mea,
783 2193 807 2248 si
822 2192 875 2247 illis
891 2207 946 2248 uon
971 2191 1105 2247 satisfacit
1122 2189 1143 2218 ⁴⁸

338 2293 441 2348 vitaer
466 2282 720 2351 Sssssoonservatio
741 2299 810 2338 mea.
846 2281 889 2337 Sic
914 2280 985 2336 enim
1010 2280 1065 2335 vixi
1084 2281 1143 2349 jttm

337 2389 391 2443 per
413 2372 524 2444 triginta
548 2375 605 2426 tres
629 2387 717 2426 annos
744 2369 771 2425 in
795 2369 888 2424 babitu
920 2367 1084 2424 monachico
1107 2365 1142 2434 ¹⁸,

336 2452 426 2516 tribus
444 2459 547 2516 scilicet
569 2459 629 2514 sine
652 2458 821 2529 praelatione,
847 2457 1003 2528 quindecim
1019 2456 1046 2511 iu
1067 2457 1144 2528 prio-

338 2556 412 2614 ratu,
429 2548 541 2604 totidem
567 2546 595 2602 in
610 2547 719 2603 abbatia
742 2547 830 2614 annis,
852 2555 881 2602 nt
904 2562 999 2602 omnes
1021 2546 1083 2602 boni
1101 2561 1143 2602 me

341 2638 496 2708 deligerunt
513 2638 559 2709 qui
579 2653 624 2692 me
636 2643 777 2701 noverunt,
793 2651 846 2690 non
861 2651 923 2690 mea
937 2635 1080 2700 industria,
1093 2635 1142 2690 sed

342 2725 432 2798 gratia
450 2725 499 2780 Dei
514 2725 642 2786 laciente,
666 2732 692 2780 et
711 2723 801 2796 magis
814 2723 853 2777 illi
869 2723 913 2794 qui
931 2738 973 2777 me
984 2721 1097 2777 interius
1116 2730 1143 2778 et

340 2811 502 2868 lamiliarius
523 2820 673 2880 noverunt;
687 2827 737 2869 nec
757 2810 855 2882 aliquis
878 2810 905 2864 in
932 2825 976 2865 me
997 2809 1101 2865 videret
1121 2808 1142 2838 ‘⁷

336 2899 449 2971 aliquod
462 2918 542 2971 opus,
559 2901 630 2956 unda
644 2917 687 2955 me
700 2898 857 2970 praelatlone
879 2897 1011 2954 delectari
1028 2913 1137 2970 cogno-

337 2997 438 3044 sceret.
467 2989 539 3058 Quid
570 3004 636 3058 ergo
659 2986 937 3058 laciamiQuomotlo
971 2986 1139 3058 propulsabo

336 3083 364 3132 et
384 3078 559 3150 exstinguam
583 3078 653 3133 banc
676 3076 773 3131 lalsarn
798 3083 825 3131 et
849 3074 980 3130 odibilem
1004 3073 1139 3145 suspicio-

335 3181 413 3234 nem,
438 3181 474 3222 ne
496 3166 637 3220 animabus
655 3181 750 3220 eorum
772 3171 868 3220 nocent
889 3163 935 3234 qui
958 3179 1001 3216 nae
1026 3169 1138 3232 propter

333 3253 422 3308 Deum
456 3253 616 3326 diligebant,
652 3253 809 3309 charitatem
831 3251 884 3306 iilis
913 3251 1137 3316 minuendo;aut

1198 2119 1225 2167 et
1239 2111 1328 2182 dirige
1342 2111 1373 2166 tn
1387 2111 1540 2180 conspectu
1555 2112 1602 2164 luo
1617 2106 1692 2162 olum
1707 2103 1894 2172 rnromlProl.
1909 2118 1936 2166 v,
1955 2101 1993 2169 9).

1198 2201 1230 2256 Et
1244 2200 1302 2255 sive
1323 2198 1387 2254 mibi
1402 2198 1516 2270 placeat,
1537 2203 1567 2251 nt
1580 2195 1653 2265 quod
1677 2193 1814 2264 inceptum
1829 2198 1871 2246 cst
1895 2191 1929 2244 ab
1943 2190 1995 2245 bo-

1199 2288 1320 2346 minibus
1333 2287 1368 2342 do
1383 2289 1434 2342 boo
1447 2285 1467 2314 ⁸¹
1489 2301 1551 2340 meo
1564 2283 1695 2339 electione
1712 2281 1767 2349 liat,
1784 2279 1841 2335 sire
1856 2279 1950 2349 polius
1968 2284 1998 2334 ut

1198 2393 1253 2434 nou
1260 2375 1314 2437 liat,
1325 2376 1418 2432 Deduc
1426 2391 1471 2431 me
1480 2375 1511 2429 in
1518 2377 1564 2430 oio
1573 2377 1633 2438 tun,
1642 2375 1672 2428 et
1679 2369 1827 2439 ingredior
1835 2370 1867 2424 in
1875 2369 1997 2426 veritato

1199 2472 1250 2524 tou
1266 2466 1354 2536 (erat.
1370 2478 1472 2531 amu,
1490 2465 1544 2533 tt).
1560 2460 1687 2527 Domine,
1703 2457 1833 2523 tutides,
1849 2454 1994 2518 sioutdixi.

1197 2554 1393 2613 conscientiam
1408 2567 1507 2617 meam,
1533 2558 1561 2605 to
1576 2556 1635 2605 esto
1650 2547 1715 2602 mibi
1739 2545 1815 2601 testis
1830 2545 1866 2601 ad
1882 2561 1930 2599 eos
1946 2545 1994 2616 qni

1197 2645 1277 2700 aliter
1290 2643 1325 2699 de
1350 2658 1393 2698 me
1408 2638 1591 2709 suscipiantur
1602 2653 1609 2706 ;
1621 2644 1649 2692 et
1663 2636 1783 2692 ostende
1798 2634 1850 2689 illis
1865 2649 1936 2699 eam,
1960 2648 1998 2689 ne

1196 2733 1296 2789 laedant
1309 2746 1374 2786 suas
1388 2737 1435 2785 eut
1449 2728 1564 2784 aliorum
1578 2725 1692 2790 animas,
1708 2722 1781 2779 maie
1792 2738 1853 2777 eam
1865 2720 1993 2789 judican-

1196 2829 1247 2877 tes.
1273 2821 1356 2887 Eece,
1388 2815 1558 2873 dilectissimi
1579 2813 1674 2870 iratres
1695 2812 1761 2880 moi,
1793 2810 1905 2866 audistis
1927 2825 1995 2866 rere

1195 2908 1391 2968 conscientiam
1406 2921 1500 2962 meam
1515 2904 1550 2959 de
1563 2902 1819 2974 archiepiscopatus
1841 2898 1991 2965 desiderio,

1195 2999 1253 3054 sive
1264 3001 1436 3066 contemptu.
1453 2994 1483 3049 Si
1493 2994 1565 3049 enim
1582 2993 1640 3047 Deo
1650 2991 1744 3046 scieas
1752 2989 1877 3059 mentior,
1900 2986 1995 3049 nescio

1193 3088 1236 3144 cui
1265 3101 1360 3142 rerum
1384 3085 1483 3139 dicam.
1522 3081 1550 3137 si
1574 3080 1636 3151 quis
1668 3079 1797 3150 deinceps
1815 3084 1907 3134 contra
1929 3077 1992 3144 troc,

1193 3177 1265 3248 quod
1280 3175 1314 3230 de
1327 3177 1380 3230 bac
1393 3189 1423 3228 re
1437 3171 1487 3228 sub
1511 3168 1658 3226 testimonii
1675 3169 1725 3224 Dei
1744 3166 1914 3223 invocatione
1924 3166 1993 3233 dixi,

1191 3281 1235 3320 mc
1252 3263 1367 3320 noluerit
1381 3269 1476 3332 aperto
1498 3257 1540 3314 vel
1564 3255 1661 3313 callide
1677 3255 1748 3310 male
1772 3254 1854 3311 alicui
1868 3253 1889 3282 ’¹
1913 3269 1993 3310 com-

331 3357 430 3399 ²⁰f¹¹m
447 3341 546 3414 quib*¹⁸
560 3341 747 3415 q⁰³¹⁰⁰¹¹l¹¹ll¹0
767 3341 909 3399 ⁰⁰⁰⁸i¹ll¹ffl
920 3347 966 3395 Νη
981 3339 1134 3411 ele¹¹¹l¹¹¹¹ffl
1151 3373 1176 3437 C
1193 3352 1334 3414 mendara,
1351 3347 1488 3423 putoquia
1505 3348 1577 3403 Deus
1590 3345 1760 3401 eritmecum
1774 3343 1989 3409 adrersuaenm,

332 3432 477 3501 Wllffifi*
501 3432 632 3503 Dffld⁸⁵⁵0
656 3438 770 3503 Wfflb
788 3446 830 3485 ¹¹¹⁰
847 3429 967 3500 itel'ffleffl
990 3444 1069 3497 [luam
1085 3428 1134 3482 Sim
1193 3452 1219 3499 et
1234 3458 1284 3512 pro
1299 3456 1342 3495 me
1358 3436 1536 3509 respondebit
1550 3436 1575 3491 ei
1587 3450 1655 3508 3eg0
1680 3449 1745 3490 vero
1768 3433 1931 3488 consolabor
1945 3418 1990 3487 me

331 3520 391 3575 illis
413 3519 622 3590 persuaderem
643 3527 689 3574 aut
712 3520 791 3576 etiam
815 3520 912 3573 borum
933 3526 961 3573 et
983 3516 1095 3573 aliorum
1115 3514 1136 3545 ‘⁸

332 3609 382 3681 qui
404 3624 447 3664 me
470 3624 525 3663 non
540 3614 673 3665 noverunt
698 3617 724 3665 et
739 3610 791 3663 boc
806 3606 927 3672 audient,
954 3607 1054 3660 malum
1081 3605 1135 3660 illis

331 3697 492 3767 exemplum
505 3694 526 3727 ⁴·
552 3697 735 3769 proponendo
746 3696 760 3749 ι
771 3698 853 3759 Deus,
870 3704 897 3749 tu
909 3694 954 3767 qui
965 3694 1059 3749 omnia
1069 3693 1133 3759 scir,

329 3800 387 3839 noo
402 3801 446 3840 me
457 3784 579 3855 justifico
604 3784 752 3841 seeundum
768 3798 881 3839 examen
906 3782 1016 3837 districti
1037 3782 1134 3853 judicii

330 3872 381 3941 tui,
396 3874 459 3943 quia
474 3874 519 3929 illo
534 3888 650 3946 magnus
665 3871 811 3943 Apostolus
826 3880 898 3938 tuus,
915 3872 962 3943 qui
978 3870 1069 3925 dinero
1084 3885 1132 3939 po·

328 3962 567 4017 tuitzrttlrttmttt
578 3960 778 4017 coerciturum
793 3960 817 4030 (l
826 3958 888 4015 Gor.
904 3960 982 4029 inl),
1003 3974 1064 4013 oum
1081 3958 1131 4013 boc

328 4048 454 4118 dixisset,
470 4048 587 4103 subdidit
600 4066 607 4103 :
620 4048 673 4105 Sed
687 4066 745 4105 non
756 4050 788 4105 in
803 4048 854 4104 boc
868 4047 1044 4116 justificatur
1054 4063 1128 4113 sum,

327 4138 377 4209 poi
390 4141 488 4193 cutem
500 4138 612 4211 judicat
625 4136 821 4193 mellentinus
836 4140 890 4191 eat.
910 4136 944 4191 st
954 4136 1051 4191 virille
1066 4136 1129 4191 sim·

326 4226 391 4295 pler
406 4233 434 4281 et
446 4235 546 4291 rectus,
561 4227 661 4281 timens
673 4227 760 4281 Deum
774 4234 801 4280 ot
812 4225 942 4280 recedens
957 4240 973 4280 a
988 4224 1071 4291 malo,
1083 4224 1128 4280 cui

326 4312 438 4383 teipso
461 4320 539 4381 teste,
570 4329 625 4369 non
648 4322 706 4368 eret
729 4313 827 4369 similis
858 4314 885 4368 io
901 4322 983 4379 terra,
1014 4314 1128 4369 verebor

324 4404 424 4457 omnio
438 4418 519 4471 opero
535 4400 677 4468 mcotJol.
693 4418 731 4468 ur,
746 4402 808 4472 28):
825 4400 874 4457 sed
889 4402 1039 4457 secundum
1054 4402 1126 4472 quod

322 4490 416 4546 anima
431 4505 496 4546 meu
518 4490 722 4561 comprehendit
742 4490 938 4546 conscientiam
958 4505 1046 4561 suam,
1075 4506 1125 4547 oo·

1191 3531 1244 3587 sub
1259 3528 1412 3585 testimonio
1433 3526 1497 3581 Del.
1526 3526 1620 3580 Certus
1633 3530 1724 3578 autem
1745 3537 1804 3577 sum
1820 3522 1882 3592 quia
1905 3519 1987 3592 quid·

1190 3621 1255 3692 quid
1280 3620 1338 3674 baec
1351 3615 1420 3671 laisa
1440 3614 1560 3685 suspicio
1579 3612 1658 3667 alicui
1682 3610 1780 3667 animae
1804 3610 1850 3665 vel
1864 3610 1984 3675 nocebit,

1190 3715 1332 3780 peecatum
1351 3706 1405 3760 hoc
1424 3719 1509 3774 super
1533 3718 1562 3757 se
1576 3700 1738 3770 suscipient,
1754 3698 1778 3753 si
1798 3699 1890 3768 plures
1912 3705 1984 3765 sunt,

1188 3806 1316 3853 auctores
1328 3797 1385 3863 ejus
1397 3802 1443 3863 ;et
1464 3793 1524 3848 sive
1540 3807 1610 3846 unua
1632 3790 1690 3845 sive
1704 3790 1765 3860 plus
1775 3789 1838 3856 sint,
1866 3774 1985 3843 maxime

1186 3902 1270 3958 super
1284 3901 1346 3940 eram
1362 3883 1415 3939 erit
1437 3883 1484 3953 qui
1499 3881 1617 3936 maxima
1636 3886 1730 3935 auctor
1744 3878 1801 3948 ejus
1824 3883 1875 3933 est.
1893 3876 1936 3931 bd
1951 3891 1985 3932 ea

1186 3992 1252 4031 vero
1273 3974 1370 4047 quibus
1391 3971 1503 4043 quidam
1524 3976 1644 4025 vestrum
1669 3974 1768 4039 putant
1790 3982 1834 4021 me
1860 3964 1985 4036 potuisse

1184 4063 1381 4121 rationabiliter
1403 4059 1531 4117 electioni
1545 4058 1683 4128 praedictae
1706 4056 1846 4120 resistere,
1858 4055 1978 4111 brevitet·

1184 4152 1347 4226 respondeo.
1378 4151 1475 4206 Dicunt
1504 4148 1575 4204 enim
1593 4145 1727 4217 :Quando
1754 4152 1863 4201 coaetus
1889 4151 1929 4199 est
1952 4149 1980 4198 nt
2040 4143 2052 4159 ‘

1182 4252 1277 4300 noster
1290 4240 1376 4296 abbas
1397 4237 1484 4304 tieret,
1505 4236 1616 4292 tradidit
1630 4252 1660 4290 se
1674 4234 1754 4292 nobis
1773 4234 1801 4288 in
1826 4248 1938 4289 servum
1953 4232 1982 4288 ιιι

1181 4332 1292 4389 nomine
1307 4326 1428 4386 Domini.
1449 4328 1531 4388 Bene,
1547 4326 1610 4399 quia
1624 4326 1677 4380 hoc
1688 4323 1741 4380 leci
1756 4322 1782 4377 in
1798 4322 1910 4378 nomine
1925 4323 1978 4378 Do·

1180 4419 1257 4476 mini.
1286 4414 1358 4486 Quid
1377 4412 1423 4468 bic
1449 4410 1670 4482 intelligunttdn
1699 4415 1792 4480 putant
1818 4424 1862 4464 me
1873 4408 1980 4477 jurasse

1179 4506 1257 4565 vobis
1278 4503 1438 4561 servitutem
1462 4515 1511 4571 per
1533 4513 1633 4553 nomen
1655 4496 1789 4552 nomint
1802 4496 1893 4569 utique
1924 4512 1979 4551 non

324 4594 385 4633 nm
401 4587 428 4634 u
442 4578 504 4635 diro
519 4594 590 4644 eam,
607 4588 638 4634 ιι
653 4594 749 4635 omne-²
765 4578 810 4651 ιιι
827 4580 895 4634 hanc
912 4593 1004 4634 metm
1018 4578 1124 4649 episto·
1179 4590 1453 4661 societasque
1470 4586 1600 4644 boninus
1615 4584 1817 4657 dirimatque
1832 4583 1974 4657 perorsos

322 4664 378 4721 lam
395 4664 487 4737 legent
500 4673 546 4721 aut
560 4667 680 4735 audient,
697 4668 747 4723 sub
765 4675 807 4722 tuo
823 4666 980 4723 testimonio
995 4666 1081 4722 sciant
1096 4674 1123 4723 et
1177 4686 1209 4743 t„
1224 4680 1511 4747 „omrnpmgoooam
1522 4692 1579 4740 avr,
1592 4675 1637 4742 23)
1653 4674 1693 4731 sic
1703 4674 1908 4745 intelligendum
1919 4680 1971 4739 est,

322 4765 435 4819 credaut
453 4778 523 4819 eam.
539 4764 589 4833 Tu.
614 4763 743 4830 Domine.
761 4762 846 4828 vides.
871 4769 899 4820 et
913 4771 939 4818 tu
964 4771 1020 4820 esto
1042 4766 1121 4820 testis
1178 4768 1418 4849 aestuamus
1433 4765 1565 4837 talavera
1579 4763 1659 4832 rata,
1684 4760 1914 4834 pelenuourquru
1925 4778 1978 4834 per

323 4859 1122 4931 meua,quianescio,sicutmeamibiconscientiadicit,
1178 4876 1277 4917 nomeu
1309 4863 1478 4925 meum;aut
1500 4852 1609 4926 quando
1642 4851 1973 4925 dicimusrddjutorium

321 4954 389 5027 quid
410 4971 455 5011 me
471 4956 559 5027 rapiat
574 4954 595 4984 '⁶
617 4965 662 5013 aut
676 4956 772 5029 alliget
796 4957 830 5011 ad
845 4971 1008 5013 consensum
1031 4956 1122 5013 archi·
1177 4954 1308 5007 nostram
1318 4949 1350 5003 in
1360 4945 1475 5003 nominc
1484 4942 1597 5003 Domini
1605 4941 1691 5009 (Ptol.
1702 4957 1799 5010 cantu,
1811 4934 1971 5013 8),autquo

321 5053 507 5124 episcopatus,
528 5052 562 5108 ad
587 5070 668 5126 quem
689 5053 780 5110 subito
808 5061 901 5124 raptus
927 5054 1026 5121 trahor,
1046 5070 1123 5111 amor
1177 5049 1228 5105 ties
1243 5041 1485 5113 lacimusaliquid,
1503 5040 1688 5098 sivedicimus
1704 5039 1889 5097 ”innomine
1912 5042 1971 5097 Do·

319 5149 439 5219 alieuius
461 5150 499 5206 rel
524 5165 605 5223 quam
629 5166 725 5208 servus
749 5158 811 5206 tuus
829 5157 1003 5221 contemptor
1023 5149 1121 5205 mnndi
1175 5146 1252 5211 mini,
1277 5144 1359 5201 toties
1374 5143 1501 5211 iuramus
1524 5154 1575 5211 per
1597 5154 1697 5196 nomen
1714 5138 1970 5212 DominitNequa-

319 5244 421 5301 debeat
434 5252 625 5309 contemnem
645 5253 672 5301 et
686 5246 759 5316 quia,
774 5245 797 5301 si
824 5244 890 5301 mibi
905 5245 999 5301 liceret
1012 5253 1120 5303 servata
1174 5257 1254 5314 quam
1266 5261 1272 5298 :
1286 5238 1422 5312 quomodo
1436 5245 1528 5293 eutem
1549 5235 1597 5293 illa
1619 5236 1794 5309 intelligatur,
1812 5236 1880 5293 nihil
1894 5254 1968 5295 auno

976 5392 1093 5451 VARlAE
1112 5392 1320 5453 LECTIONES.

362 5514 474 5601 “Quam
487 5532 629 5592 cogormr.
639 5533 823 5591 quameogan
848 5514 1340 5577 ‘'Nonsatisleoitma.nonsatistacit.
1368 5516 1966 5577 “Habitumonacbimcbabitumobaobieo.

322 5590 392 5646 ‘'tlr
414 5608 441 5653 ur
461 5592 487 5645 in
502 5590 922 5672 me·virtemnt..·cognoscerent
934 5590 1189 5660 manaliqnlsinmo
1200 5587 1717 5661 videret..cognosceren⁴⁸tntatiorum
1726 5590 1968 5651 maaetaliorum.

321 5661 401 5717 “litu
434 5660 587 5741 exemplum
603 5677 668 5717 mar.
684 5662 738 5715 rllrs
752 5663 919 5731 exemplum.
963 5659 1059 5729 ”Quid
1086 5678 1130 5718 me
1156 5660 1410 5735 reperiensquod
1429 5676 1473 5716 me
1493 5664 1587 5733 rapiat.
1636 5661 1699 5723 ⁸¹nb
1718 5665 1846 5723 omnibus
1865 5662 1899 5719 de
1918 5663 1972 5724 hac

323 5749 397 5789 mss.
421 5734 458 5812 ab
468 5730 613 5787 homnibus
627 5734 661 5815 de
678 5732 743 5815 bac.
782 5731 847 5789 ⁸¹lle
864 5731 1092 5813 noluerataperte
1115 5734 1159 5789 vel
1182 5734 1281 5789 callide
1302 5734 1372 5787 male
1393 5731 1472 5789 alicui
1491 5738 1544 5790 etr.
1565 5752 1618 5791 ma.
1641 5738 1653 5791 t
1675 5754 1718 5793 me
1738 5738 1855 5793 voluerit
1873 5746 1969 5803 aperta

324 5802 372 5885 rel
390 5800 498 5885 callide,
512 5802 587 5859 male
604 5802 871 5887 circumerrat
891 5803 1017 5885 voluerat,
1042 5812 1135 5874 aperte
1157 5808 1200 5861 vel
1224 5804 1332 5872 callide,
1354 5804 1426 5859 male
1449 5821 1493 5862 me
1507 5806 1589 5863 alicui
1612 5811 1666 5865 etc.
1714 5805 1848 5879 ”Quoties
1869 5806 1973 5878 aliquid

324 5890 385 5931 erre
400 5873 520 5933 dacrmns
535 5888 606 5930 aur.
625 5883 750 5949 quotieas
764 5872 878 5932 lacrmua
889 5872 993 5947 aquutd
1007 5875 1063 5933 sire
1079 5875 1209 5933 dicimus.
