4750 6725
420 640 473 711 stt

654 650 842 707 Etbhbtttts
861 644 1033 734 CleUilll.
1053 639 1190 697 mohac.
1214 670 1250 682 —
1268 638 1408 735 turcetil
1428 636 1538 733 Ei‘lSi.
1557 636 1603 693 ΑΙ)
1624 636 1836 695 ΕΑΒΜΕΠΠΜ.

2028 636 2086 690 81ὲ

423 733 497 851 qaod
523 774 831 847 sadmgaaeorumrate
863 784 977 825 numera
1001 774 1086 833 curet¹
1126 766 1267 836 quippeA
1316 765 1399 834 Ecce,
1417 770 1548 833 quantum
1563 761 1700 833 epistolari
1716 762 1846 819 brevitate
1874 760 1960 831 potui,
1991 760 2025 814 de
2043 760 2086 812 his

423 883 488 925 curn
502 880 617 937 regnam
631 862 698 918 satia
711 862 833 931 amplam
846 867 873 915 et
885 857 1022 914 sufficiens
1035 861 1075 911 tet
1089 853 1227 924 episcopis

423 958 472 1014 sit.
492 953 548 1010 Sed
558 951 690 1024 praesules
710 950 795 1028 ipsius
818 947 959 1040 Ecclesiae,
986 943 1135 1016 cupiditate
1161 958 1228 1015 pes-

424 1042 577 1101 sessionum
591 1039 687 1109 illecti,
702 1029 791 1110 nt'a'gis
810 1033 838 1091 ib
861 1023 1032 1091 deslrr'rondis
1045 1046 1130 1105 quam
1151 1030 1228 1086 insti-

424 1130 532 1188 tuendis
558 1126 738 1199 suffraganeis
765 1125 966 1181 laboraverant.
990 1121 1069 1179 Unde
1082 1120 1142 1192 ipsa
1168 1120 1228 1175 sola

422 1217 547 1275 Ecclesia
571 1232 620 1271 sea
648 1212 999 1285 episcopemurparochias
1022 1208 1148 1281 obtinens
1175 1206 1228 1263 sibi

422 1306 547 1363 uindicat
564 1323 571 1369 ;
587 1303 634 1375 qai
658 1318 756 1359 omnes
782 1300 863 1358 certis
890 1299 1021 1356 Ecclesiis
1045 1306 1073 1353 et
1095 1296 1229 1352 cathedris

425 1393 537 1450 discreti
565 1397 652 1448 crant.
677 1391 769 1447 Prima
795 1390 877 1444 sedes
897 1389 1031 1443 Eborucae
1060 1402 1067 1439 ε
1097 1384 1226 1451 secanda,

424 1481 497 1538 ultra
509 1495 617 1536 amnem
643 1479 704 1536 ase
715 1479 744 1533 ia
758 1477 881 1533 Ecclesia
895 1475 998 1531 Christi
1017 1489 1102 1545 prope
1129 1472 1228 1529 cirita-

424 1577 482 1626 tem
509 1570 565 1640 (tt)
583 1587 590 1633 ;
608 1567 693 1634 tertia,
723 1566 795 1636 apud
817 1566 914 1635 liipnm
931 1565 987 1633 (tt)
1004 1580 1012 1627 ς
1027 1570 1133 1633 quarta,
1157 1560 1230 1632 apud

425 1656 549 1715 beverlie
558 1656 614 1727 (ld)
630 1654 752 1727 maiole,
762 1652 1007 1725 {hagustaldensis
1017 1650 1137 1706 Ecclesia
1151 1650 1226 1719 (lil3

425 1723 515 1813 seila,
527 1727 601 1818 'aaa
616 1743 822 1812 baudiacam.
848 1742 905 1796 iias
918 1756 1014 1796 omines
1040 1738 1176 1795 Ecclesiae
1203 1744 1231 1793 et

427 1850 522 1915 earam
534 1817 690 1910 parochias
699 1832 759 1902 ipsa
783 1832 928 1899 devemus,
941 1836 968 1885 ct
981 1829 1010 1883 ia
1032 1843 1110 1883 saum
1130 1842 1230 1909 corpas

427 1913 573 1992 trajiciens,
603 1919 662 1975 sola
680 1918 793 1975 obtinet.
811 1920 862 1989 l'ix
876 1918 945 1973 daos
963 1917 1016 1972 sibi
1043 1915 1230 1987 suffraganeos

426 2010 549 2089 reliquit,
565 2008 692 2083 uidelicet
706 2008 955 2063 lindisfarnensem
970 2022 1032 2077 quae
1053 2006 1136 2061 mode
1150 2006 1229 2059 Dan-

1282 862 1387 909 cartam
1418 861 1444 907 te
1468 851 1531 907 ieci.
1561 850 1640 905 Plura
1667 866 1716 906 ere
1739 852 1775 906 ad
1793 866 1824 907 es
1838 850 1993 905 intimarem
2003 848 2087 903 ualde

1281 940 1447 999 necessaria.
1477 940 1519 995 De
1539 946 1584 995 tao
1608 946 1698 995 autem
1726 939 1837 1011 negotio
1860 938 1921 993 aadi
1935 936 2084 994 consilium

1283 1009 1526 1087 madmilissela'e
1540 1000 1656 1101 litigium
1668 1026 1725 1099 (tt)
1739 1016 1774 1083 de
1794 1028 1822 1083 t'e
1846 1025 1953 1082 Cantiae
1966 1033 1994 1081 et
2010 1024 2086 1081 Ebo-

1281 1134 1366 1187 ηοω,
1381 1118 1590 1188 principumque
1619 1114 1725 1187 Angliae
1754 1114 1908 1185 Scatiaeqae
1924 1133 1932 1181 3
1950 1120 1976 1170 et
1992 1113 2087 1169 lavere

1283 1208 1358 1279 ragis
1398 1206 1541 1273 Scotorum
1575 1204 1756 1275 apostolieum
1795 1204 1943 1259 sacrandus
1977 1210 2087 1273 expete.

1282 1294 1432 1367 Negotium
1459 1285 1587 1349 Ecclesiae
1617 1299 1669 1349 tuae
1694 1292 1837 1366 gentisque
1869 1299 2088 1347 shenuusexse-

1283 1400 1378 1455 qnare,
1392 1398 1454 1453 nec,
1470 1390 1495 1439 te
1511 1380 1682 1451 praesulante,
1698 1381 1852 1437 libertatem
1870 1380 2088 1452 dignitatemque

1284 1489 1361 1528 suam
1377 1470 1492 1527 amittat.
1502 1470 1581 1539 Quod
1596 1470 1618 1524 si
1637 1471 1689 1525 bac
1704 1470 1751 1524 tibi
1765 1469 1866 1541 placet,
1884 1484 1951 1526 care
1974 1484 2010 1524 ne
2039 1484 2089 1539 per

1283 1577 1375 1632 regom
1390 1558 1495 1631 hngltn
1511 1558 1655 1612 transitum
1671 1556 1765 1625 iacias,
1791 1566 1817 1612 et
1845 1573 1880 1613 na
1905 1555 2088 1613 Eboraceasis

1284 1648 1404 1706 Ecclesia
1418 1650 1469 1703 boc
1482 1646 1624 1719 percipiat,
1644 1662 1679 1701 ne
1693 1644 1861 1717 impediatur
1872 1653 1989 1702 cenatas
2015 1653 2085 1699 turus.

1286 1738 1344 1807 Ege
1364 1752 1426 1793 vera
1450 1741 1560 1805 paratas
1574 1750 1645 1801 sum,
1676 1734 1748 1804 quad
1777 1734 1860 1789 etiam
1891 1734 1955 1789 vela
1981 1740 2011 1787 at
2038 1733 2087 1803 ipsi

1285 1827 1427 1881 Scotorum
1455 1823 1512 1896 regi
1532 1822 1617 1889 dicus,
1641 1822 1719 1895 qaia,
1749 1822 1771 1877 si
1795 1837 1909 1878 necesse
1939 1822 2033 1888 luerit,
2052 1823 2088 1876 'in

1285 1913 1398 1971 concilio
1422 1914 1544 1968 Botriano
1563 1911 1756 1965 dimtieeinare
1778 1910 1936 1966 libertatem
1965 1910 2086 1982 dignita·

1284 2011 1392 2075 temque
1414 2002 1491 2073 regni
1519 2010 1546 2056 et
1573 2000 1704 2057 Ecclesiae
1725 2003 1871 2056 Scotorum
1901 1999 1936 2055 ab
1953 2000 2086 2055 Eboraci.

427 2098 504 2156 belm
518 2098 627 2168 dicitur,
643 2106 670 2151 et
683 2096 882 2152 cambrensem
896 2111 977 2166 qaam
1004 2096 1121 2151 maanes
1144 2094 1226 2148 mado
1241 2112 1267 2172 Β
1284 2092 1419 2147 Praeterea
1434 2104 1502 2161 roge
1530 2097 1556 2144 et
1571 2088 1651 2165 valde
1667 2090 1782 2145 obsecra
1796 2096 1825 2143 at
1840 2089 2005 2159 margaritas
2020 2104 2085 2143 can-

426 2195 511 2265 tenet.
543 2187 682 2243 Pictorum
707 2189 764 2254 (ld)
794 2201 859 2241 vero
890 2184 1012 2256 episcopi
1030 2184 1120 2250 sedes,
1149 2183 1249 2251 cajus‘

426 2275 596 2332 mentionem
610 2284 718 2347 sauctus
744 2274 818 2343 ileda
834 2274 907 2339 iacit,
935 2274 981 2328 abi
1009 2272 1092 2329 luerit
1118 2271 1227 2341 penitus

426 2363 534 2438 ignora.
550 2364 613 2433 ipse
631 2370 721 2419 tamen
736 2371 849 2419 achras
875 2360 1062 2433 suffraganeas
1090 2376 1151 2415 esse
1176 2358 1228 2415 de·

425 2452 514 2509 beret.
529 2452 624 2525 Plures
638 2468 702 2508 tera
716 2466 855 2523 nunquam
871 2450 976 2517 babuit,
991 2447 1061 2505 sicat
1075 2465 1126 2503 nec
1152 2448 1226 2502 Lan·

426 2540 567 2597 deniensis
582 2539 678 2609 sallom,
688 2538 856 2612 negligentia
867 2538 993 2595 videlicet
1001 2539 1192 2610 episcoporum
1201 2543 1228 2591 ct

424 2629 599 2685 instabilitate
615 2628 707 2701 gentis
721 2628 793 2684 circa
806 2627 889 2683 fidem
913 2628 1014 2698 saepias
1038 2624 1226 2696 apostatantis.

462 2806 520 2877 (tt)
535 2805 618 2863 Deest
630 2803 656 2859 io
668 2804 765 2863 codice
778 2820 830 2859 ms.
845 2801 961 2860 civitatis
973 2818 1082 2859 nemen.
1095 2802 1228 2871 Quaenam

425 2879 478 2934 istu
494 2876 583 2944 luerit,
612 2875 683 2931 baud
706 2876 786 2931 facile
802 2876 928 2947 augurari
952 2891 1074 2947 possum.
1092 2875 1228 2932 Ecclesiae

426 2949 539 3021 quidem
564 2946 697 3018 Wi'gom.
725 2956 751 3000 ct
779 2946 900 3002 Linceln.
923 2946 973 3000 sibi
1002 2946 1098 3011 subiici
1128 2946 1228 3001 dobere

1282 2182 1376 2249 didus,
1403 2187 1535 2251 quautam
1564 2177 1676 2248 poteris,
1713 2177 1778 2231 mihi
1804 2178 1942 2247 acquiras:
1966 2177 2087 2233 Unioocs

1281 2270 1363 2325 etiam
1390 2282 1566 2341 quascunque
1592 2265 1785 2338 grossissimas
1821 2266 1974 2337 acquirere·
1997 2276 2086 2336 pates,

1281 2357 1376 2413 saltem
1391 2366 1507 2429 quatuor
1518 2354 1583 2413 inihi
1595 2354 1701 2423 acquiri
1725 2368 1774 2425 per
1802 2361 1829 2411 te
1843 2368 2015 2427 magnopere
2042 2372 2088 2424 po

1281 2447 1362 2503 stalo.
1378 2446 1407 2503 Si
1422 2445 1501 2501 aliter
1523 2460 1576 2499 nan
1592 2443 1677 2511 vales,
1689 2443 1816 2499 saltema
1841 2458 1919 2515 rege,
1936 2443 2025 2515 quiin
2040 2444 2089 2499 hac

1282 2552 1313 2590 re
1326 2534 1455 2591 omnium
1485 2532 1624 2589 hominnm
1649 2531 1799 2587 ditissimas
1818 2540 1880 2600 en,-
1899 2548 1951 2602 pre
1979 2548 2089 2587 munere

1282 2634 1394 2695 expete.
1415 2623 1504 2679 Valle.
2028 2626 2032 2633 “

1282 2816 1425 2872 scopomm
1445 2806 1566 2867 vocatus,
1582 2798 1722 2871 respondit
1736 2800 1933 2873 episcopatum
1948 2816 2037 2858 raam
2051 2800 2087 2855 ad

1283 2874 1453 2945 elegantiam
1474 2872 1656 2929 Ebernrcaria
1675 2872 1890 2943 archiepiscopi.
1906 2875 1955 2944 gai
1969 2889 2037 2929 eam
2056 2873 2086 2927 in

1281 2945 1443 3015 episcopam
1452 2944 1998 3015 consecraverat,secandamcantianam
2011 2943 2082 2999 atri·

427 3020 548 3088 archiep.
562 3018 683 3072 Eborac.
702 3017 751 3071 ille
763 3024 886 3086 tempere
901 3016 1108 3071 contendebant.
1140 3018 1223 3071 Utra-
1280 3018 1616 3088 aspaeconsactadinem
1645 3016 1954 3087 per-tinere,reierente
1980 3014 2083 3069 loanne

427 3106 481 3162 que
494 3095 585 3145 tanea
598 3089 737 3159 propriata
763 3087 858 3141 hebuit
885 3087 970 3157 episc.
999 3096 1027 3143 et
1046 3088 1228 3143 obedientiam

427 3160 488 3217 sedi
516 3159 603 3214 Cant.
627 3158 751 3229 praestitit
775 3166 898 3227 tempere
918 3158 998 3227 epist.
1015 3158 1093 3213 istius
1107 3160 1226 3228 scriptae.

464 3230 521 3300 (ts)
537 3228 659 3290 Ecclesia
674 3227 797 3300 Ripensis
817 3228 924 3283 unicam
940 3229 1098 3300 episcoprum
1123 3228 1227 3297 habuit,

428 3300 584 3357 Esthedttm
613 3300 716 3355 scilicet
757 3314 822 3354 uem
844 3298 878 3353 de
893 3300 1051 3370 episcopata
1067 3316 1117 3354 sae
1134 3298 1226 3355 Lindi-

428 3373 509 3430 siensi
524 3372 559 3426 ab
573 3369 719 3428 Elbelredo
763 3369 898 3426 ercieram
910 3385 975 3441 rege
990 3371 1131 3442 depulsam
1140 3373 1225 3426 Ttaee·

429 3446 515 3571 daura
529 3442 961 3524 archiepiscopust'tantaariensis
972 3443 1101 3499 Ecclesia
1116 3443 1228 3513 lllpensi

500 3522 576 3570 ecit..
600 3553 625 3563 ..
648 3553 653 3561 ·
738 3549 743 3559 .
973 3543 977 3553 ·
1049 3544 1056 3556 ·
1115 3548 1119 3553 -

430 3531 449 3588 p
469 3587 525 3656 (ld)
541 3585 641 3642 Sedem
657 3584 840 3655 episcopalem
864 3583 1005 3640 Beverlaci
1019 3584 1137 3654 positam
1165 3601 1233 3640 uas-

432 3670 514 3728 qaam
530 3657 594 3729 legi.
609 3658 727 3712 loannes
741 3664 831 3711 tamen
847 3654 1024 3710 Eboracensis
1049 3655 1234 3725 arcniepisco-

432 3736 655 3800 pas‚·pestqaam
670 3726 832 3782 Williidam
841 3725 979 3781 tenuiorem
995 3725 1036 3781 sui
1052 3725 1113 3781 loce
1129 3727 1235 3781 substi-

435 3808 520 3855 tutum
544 3806 770 3866 memorarat·
787 3797 822 3852 ab
847 3795 972 3852 Eboraco
995 3797 1138 3864 recedens,
1168 3798 1234 3853 reli-

455 3886 520 3926 uum
546 3875 613 3926 ritae
637 3878 744 3940 tempas
766 3868 868 3924 Berlaci
905 3868 1006 3940 exegit.
1035 3869 1106 3923 iiiuc
1141 3877 1236 3924 naham

435 3889 679 3996 bicelaoerrorem
694 3948 776 4012 puto·
1049 3984 1052 3991 .

475 4011 531 4081 (li)
560 4010 691 4079 Antiquos
721 4007 847 4063 diaecesis
870 4007 1099 4080 hagulstadensis
1135 4009 1237 4066 ltmites

438 4080 523 4138 bodie
548 4081 694 4135 nescimus.
725 4079 805 4135 Certe
840 4086 947 4148 partem
982 4079 1133 4134 dioecesces
1154 4088 1237 4150 stqnc

438 4153 448 4207 i
500 4166 526 4204 m
550 4154 644 4206 sedem
662 4149 851 4222 episcopalem
880 4149 1009 4204 dioecesis
1046 4149 1238 4207 Duaelmensis

478 4221 595 4279 vorant.
606 4221 703 4278 Altera
717 4221 816 4291 parsin
831 4220 948 4276 Eboraci
962 4219 1093 4275 ditionem
1109 4224 1238 4278 transisse

440 4286 557 4350 ridetur.
573 4292 753 4364 Episcopatus
766 4291 994 4365 Hagpistadensis
1013 4291 1110 4348 delenit
1137 4294 1165 4348 in
1179 4293 1239 4350 ‘iil-

441 4363 518 4421 ierdo
534 4360 662 4434 episeopo
677 4363 748 4418 circa
776 4378 877 4442 annam
904 4360 966 4434 sat,
987 4370 1095 4420 auctore
1123 4365 1238 4422 Ricarde

441 4434 595 4508 liugulstad
608 4435 656 4491 lib.
672 4452 691 4502 ι,
708 4435 736 4489 in
745 4433 811 4490 fine.

455 4529 470 4547 ι·
480 4509 539 4578 (65)
553 4507 652 4563 smera
667 4505 850 4577 episcopalem
865 4503 1027 4559 dustmliam
1043 4504 1178 4560 Pictorum
1193 4505 1240 4560 Ni-

441 4577 539 4635 niaaus
550 4576 752 4650 episcopusad
766 4575 918 4635 Gnnaiaa-
936 4576 1029 4631 Cosam
1040 4580 1148 4646 primas
1174 4576 1240 4631 inn-

443 4649 529 4714 davit
547 4657 613 4704 teste
624 4647 698 4704 Beda
713 4647 760 4702 lib.
776 4665 816 4716 ιιι,
827 4663 888 4716 cap.
903 4648 930 4702 i.
947 4649 1004 4702 Nec
1019 4648 1111 4701 sedern
1126 4648 1241 4703 nratauit

442 4719 628 4791 episcopatus,
645 4727 799 4790 postquam,
815 4717 897 4772 Pictis
908 4718 1013 4788 ejectis,
1030 4720 1170 4790 regionem
1194 4719 1239 4772 io-

1246 3537 1250 3567 i

1283 3088 1413 3141 Bremton
1429 3087 1455 3139 in
1472 3086 1603 3139 Chronico
1629 3102 1657 3155 p.
1675 3086 1752 3139 lili.
1773 3086 1885 3141 Vatauit
1909 3086 1982 3140 sorte
2010 3088 2088 3141 sedes
2162 3076 2163 3091 ¹

1281 3174 1332 3228 per
1347 3156 1438 3227 plures
1453 3172 1538 3211 errares
1556 3156 1682 3211 Eadmeri
1697 3164 1832 3225 terripare.
1852 3156 1932 3212 Unde
1950 3156 2087 3211 inclamat

1283 3229 1440 3299 parochiam
1457 3226 1586 3283 Candidas
1602 3227 1678 3283 Casae
1692 3227 1726 3280 ab
1742 3226 1909 3283 Eboracensi
1924 3228 2086 3283 devoratam

1282 3299 1411 3355 Nicolaus
1440 3298 1549 3353 scribat.
1568 3298 1651 3355 Perre
1675 3305 1735 3368 pest
1751 3306 1881 3368 tempere,
1899 3307 1958 3370 post
1988 3315 2087 3354 annam

1283 3369 1383 3425 scilicet
1397 3369 1475 3424 titt.
1493 3370 1650 3424 Thurstinns
1672 3371 1889 3440 archiepiscopus
1905 3371 2085 3426 Eboraccnsis

1286 3442 1459 3498 Grlaldnnam
1476 3442 1633 3509 episcopum
1651 3439 1780 3495 Curididm
1805 3441 1882 3497 Casae
1908 3443 2087 3506 consecrarit,

1288 3521 1354 3569 testa
1369 3513 1473 3566 Thema
1488 3511 1600 3580 Stubhs,
1618 3528 1654 3581 pr
1664 3510 1741 3566 ttae.

1322 3584 1379 3654 (td)
1419 3584 1506 3640 Pictos
1542 3581 1769 3650 septentrionales
1800 3589 1826 3638 et
1854 3581 1991 3638 australes
2019 3583 2089 3636 Beda

1289 3661 1431 3720 memorat,
1473 3653 1535 3709 illes
1570 3655 1605 3708 sd
1635 3651 1714 3706 fidem
1742 3668 1890 3708 conversas
1912 3652 2090 3714 acolamba

1310 3725 1459 3794 resbytera
1475 3739 1545 3778 anno
1560 3727 1612 3779 sos
1631 3741 1638 3789 ;
1655 3724 1722 3778 istos
1750 3724 1834 3779 multe
1848 3733 1910 3779 ante
1927 3731 2050 3796 tempora
2076 3740 2090 3777 a

1290 3743 1407 3852 Flirriane
1421 3796 1561 3866 episcopo¹
1579 3797 1651 3850 illst.
1673 3793 1721 3851 lib.
1737 3809 1776 3860 ιιι,
1792 3811 1852 3864 cap.
1865 3797 1892 3850 i.
1920 3795 2090 3864 Septentrio-

1291 3867 1397 3922 aalium
1408 3867 1566 3936 episcopam
1581 3881 1598 3919 a
1614 3865 1884 3920 Eerln'memoratum
1900 3882 1954 3922 nen
1962 3866 2089 3921 memini:

1291 3954 1379 4008 neque
1408 3937 1449 3992 iili
1473 3937 1538 4008 qaid
1566 3952 1626 3992 cum
1650 3937 2092 4008 Eboracensibusarcbiepiscepis

1292 4024 1435 4065 commane
1459 4009 1619 4064 habuerant.
1646 4007 1809 4065 Australiarn
1826 4017 1917 4064 autern
1946 4010 2092 4079 episeopus

1292 4095 1346 4136 non
1358 4079 1425 4134 alins
1437 4087 1494 4134 erat
1510 4093 1589 4148 qnam
1601 4079 1649 4133 ille
1667 4077 1795 4135 Cerrdirlae
1806 4081 1881 4136 Casae
1896 4079 2093 4136 Witteraensis

1292 4152 1381 4208 dietus
1396 4150 1431 4204 de
1446 4165 1498 4220 qno
1515 4149 1543 4204 in
1553 4149 1731 4204 denotatione
1748 4150 1896 4220 superiori.

1328 4223 1374 4290 (ii
1415 4221 1566 4275 Eadmerns
1593 4221 1628 4275 ad
1652 4220 1841 4292 episcopatum
1857 4221 2094 4277 Santandreanum

1313 4299 1371 4348 estu
1384 4301 1454 4358 atas,
1470 4292 1682 4348 consecrationis
1696 4308 1794 4346 munos
1810 4307 1948 4362 nunquam
1964 4293 2093 4350 obtinuit.

1292 4309 1354 4434 fpse
1384 4361 1455 4418 caim
1484 4364 1567 4418 nimia
1581 4363 1709 4418 Ecclesiae
1724 4361 1935 4428 mothonensis,
1949 4364 2029 4420 ca'us
2040 4371 2096 4420 erat

1293 4436 1454 4496 monachas,
1480 4433 1655 4490 veneratione
1682 4434 1786 4494 dactus.
1811 4381 1997 4490 Ecclesiam&

1295 4507 1427 4561 dreanam
1443 4505 1631 4561 Cantaarieusi
1646 4504 1780 4572 subjicere
1796 4515 1821 4560 et
1843 4521 1858 4560 a
1879 4503 2027 4576 lladnlplro
2046 4521 2095 4559 ar-

1295 4575 1470 4644 chiepiscope
1484 4575 1717 4631 consecrationem
1732 4575 1868 4646 suscipere
1879 4576 1975 4631 naluit.
1996 4577 2097 4632 Contra

1294 4647 1436 4702 Turstinus
1465 4647 1687 4716 archiepiscopus
1726 4646 1904 4702 Eboracensis
1943 4647 2094 4702 Ecclesiam

1295 4719 1393 4774 Scotire
1418 4718 1452 4772 ad
1477 4718 1612 4788 jussuum
1633 4725 1756 4788 spectare
1770 4718 1920 4772 contendit.
1941 4719 2097 4773 Alexander

1999 4443 2094 4489 antan-

442 4791 577 4848 sedissent
590 4791 669 4862 Angli
685 4807 692 4852 ;
708 4790 808 4859 quibas
823 4789 925 4858 pamas
939 4789 1084 4858 episcopas
1104 4790 1241 4844 institutas
1255 4825 1286 4893 D
1300 4805 1346 4844 rex
1363 4790 1450 4844 neutri
1461 4788 1609 4860 anglorum
1621 4787 1823 4858 archiepiscope
1838 4787 1989 4844 Ecclesiam
2020 4787 2097 4861 regni

439 4871 490 4990 1⁰13.
504 4861 1242 5013 ehamffitffinagag'atffiffiaffifss

441 5004 526 5061 bodie
537 5020 600 5074 pars
613 5004 714 5060 Ecetras
726 5003 849 5069 babetur,
864 5001 928 5058 olim
953 5000 1064 5072 regibus
1090 5003 1240 5058 Nerthum-

440 5076 519 5144 brira,
534 5075 658 5146 deoque
665 5073 832 5143 archiepisco
852 5080 875 5128 ts
889 5071 1107 5128 Ebemeansibas
1119 5074 1242 5144 sabjecta

442 5157 511 5202 emt.
536 5145 619 5214 Quin:
636 5153 665 5202 et
678 5145 799 5217 episcopi
826 5091 1060 5211 gallosidienses,¹
1085 5145 1167 5216 lenge
1180 5152 1242 5215 pest

441 5231 595 5273 excussam·
612 5215 649 5271 ab
675 5214 773 5273 incolis
800 5216 951 5290 bogiorum
975 5214 1084 5286 jugam,
1112 5217 1242 5272 Ecclesia

440 5287 632 5343 Eboraeensia
650 5295 729 5343 erant
746 5285 923 5361 suffraganei.
952 5286 1030 5340 huam
1057 5287 1130 5341 enim
1159 5287 1240 5356 ltili,

443 5356 622 5420 Christianus.
649 5357 783 5414 Candidas
808 5354 1060 5428 Casrc‘episcepaa
1087 5365 1103 5411 ι’
1126 5357 1240 5414 Viriano

441 5427 577 5507 pontilicis
603 5429 716 5488 Romani
738 5429 828 5506 legate
850 5429 886 5490 ad
899 5428 1044 5487 concilium
1057 5427 1158 5486 Scotiae
1176 5430 1237 5504 epi·

1300 4860 1340 4916 sai
1352 4859 1433 4916 subdi
1450 4859 1543 4927 ralait,
1560 4869 1587 4916 et
1611 4859 1746 4914 Eadmero
1772 4867 1802 4915 at
1829 4859 1944 4916 Romam
1958 4859 2098 4932 proiectas

1298 4930 1528 4988 consecrationem
1558 4945 1573 4985 a
1601 4945 1671 5002 papa
1696 4931 1839 4996 obtineret,
1856 4931 1951 4986 suasit.
1967 4932 2099 4986 Nicolans

1298 5003 1382 5074 igitar
1397 5002 1455 5076 regi
1468 5017 1572 5056 morem
1582 5001 1752 5127 gerendum,
1768 5010 1794 5057 et
1822 5001 1952 5059 Ecclesiae
1977 5003 2097 5057 Scoticae

1297 5073 1452 5129 libertatem
1471 5088 1579 5128 esseron
1602 5089 1644 5127 arn
1661 5081 1762 5128 monet.
1779 5073 1848 5128 Sere
1861 5073 1942 5128 nimis
1956 5074 2102 5128 consiliam

1296 5145 1375 5199 amici
1407 5143 1646 5218 prudentissimum
1677 5142 1820 5199 Eatmerus
1854 5144 1975 5208 admisit,
2000 5159 2100 5214 quam-

1296 5215 1389 5272 ohrem
1425 5225 1452 5271 et
1480 5211 1612 5288 dignitate
1652 5214 1762 5271 excidit.
1783 5215 1894 5270 canons
1919 5226 1980 5270 rem
2015 5215 2101 5288 gessit

1295 5301 1442 5342 succcessor
1455 5285 1538 5356 ipsius
1553 5285 1699 5351 hebertus,
1716 5287 1761 5358 (pai
1770 5285 1804 5341 ab
1816 5285 1874 5356 ipse
1889 5284 2100 5358 archiepiscopo

1295 5357 1461 5413 Eboracensi
1488 5355 1547 5412 sine
1566 5356 1630 5438 ulta.
1647 5356 1826 5427 pmlessianis
1840 5357 2012 5430 subjectione
2030 5373 2102 5415 cerr·

1294 5427 1452 5488 secretionis
1463 5443 1560 5487 munus
1575 5427 1702 5486 obtinuit.
