4750 6725
344 554 392 609 m
1116 550 1212 642 mm

346 664 612 753 omnibnseuidam
642 679 926 761 exquinqnetantum
947 676 1066 747 clericis,
1095 679 1316 757 quiAnoritate
1331 650 1365 743 ad
1381 670 1540 753 munditiam
1556 692 1618 751 vitae
1642 662 1758 776 mutati,
1782 710 1837 753 non
1865 678 1996 781 ealcum

345 766 385 821 ibi
400 768 504 824 inventi
517 771 640 836 suntsed
652 770 794 843 religionis
817 768 938 826 habitum
966 768 1145 837 conduentes,

346 856 490 912 associatis
502 859 593 913 multis
608 859 680 927 aliis,
697 858 731 913 ad
743 858 950 930 sexagenariam
972 865 1000 913 et
1029 859 1147 927 amplius

344 962 488 1008 nnmerum
502 947 530 1003 in
545 946 622 1003 brevi
637 948 687 1003 sub
703 947 827 1003 doctrina
842 947 930 1002 Patris
945 946 1072 1026 Gundolfi
1088 964 1147 1003 suc-

344 1051 458 1105 crevere
471 1037 608 1092 monachi.
626 1036 674 1096 His
690 1036 845 1093 Gundnlfas
858 1035 970 1092 vivendi
992 1036 1143 1105 speculum,

345 1126 388 1179 his
411 1125 492 1182 totins
520 1125 662 1198 religionis
686 1124 771 1181 fartus
799 1134 839 1181 est
858 1125 1071 1185 documentum.
1094 1126 1144 1182 llis

344 1214 434 1285 virga,
453 1214 570 1283 puerilia
596 1214 716 1271 districte
743 1214 920 1285 corrigendo:
950 1214 993 1271 bis
1021 1213 1143 1279 baculus,

342 1302 442 1365 senilia
455 1302 667 1377 misericorditer
681 1303 877 1369 sustentando;
892 1304 935 1362 bis
947 1303 1063 1371 llartba,
1092 1319 1142 1357 ne-

347 1391 465 1462 cessaria
481 1392 652 1465 procurando
668 1392 736 1454 abis
748 1392 843 1459 blaria,
860 1391 969 1447 intentae
984 1406 1014 1446 se
1028 1390 1143 1467 fommm

343 1479 584 1551 ‚contemplationis
598 1480 760 1551 praebendo,
792 1480 880 1536 Noctu
896 1488 985 1537 tamen
1004 1488 1040 1558 ,et
1063 1496 1143 1537 mnne

1943 530 1998 691 {er

1202 788 1342 831 munerea
1375 786 1466 833 sancto
1493 781 1611 851 repulsa,
1644 783 1702 850 sed,
1729 784 1832 855 gaudio
1860 789 1998 868 sospitatis

1200 872 1335 928 monente,
1353 866 1388 920 ad
1404 867 1514 922 domum
1529 885 1603 923 snam
1619 870 1745 926 alacriter
1758 875 1901 955 remearit,
1930 895 1997 957 gra-

1199 950 1250 1005 tias
1263 952 1383 1011 referans
1397 956 1455 1011 Deo
1470 964 1495 1013 et
1515 958 1642 1028 pontifici
1659 960 1807 1031 Grandulfo,
1836 979 1887 1035 per
1914 968 1991 1039 cujus

1199 1040 1341 1095 consilium
1357 1058 1372 1099 a
1387 1048 1461 1101 tauto
1477 1046 1597 1117 periculo
1610 1046 1725 1106 liberata
1738 1050 1798 1106 fuit.

1235 1128 1299 1183 limo
1313 1130 1382 1186 inter
1396 1134 1509 1201 audiens
1523 1152 1589 1205 sutis¹
1608 1136 1732 1198 dilector.
1748 1140 1893 1197 Anselmua
1920 1119 1996 1217 illum

1198 1216 1336 1285 pontificio
1348 1220 1524 1280 sublimatum
1541 1241 1612 1293 esse,
1628 1227 1663 1282 ed
1695 1228 1999 1291 corroborandumcor

1198 1304 1271 1363 illius
1286 1314 1311 1361 et
1325 1317 1420 1368 eontra
1435 1312 1558 1381 adversa,
1576 1330 1636 1383 qna
1651 1315 1785 1374 interdurn
1800 1300 1997 1395 mentespraef

1197 1396 1300 1451 laurum
1316 1412 1330 1451 a
1345 1398 1435 1469 quiete
1454 1400 1559 1457 interna
1575 1404 1882 1481 concutiendoerenire.
1899 1406 1997 1476 solent,

1197 1484 1273 1539 illum
1298 1486 1391 1541 volens
1424 1504 1483 1545 esse
1511 1491 1654 1559 munitum,
1681 1490 1722 1547 illi
1749 1492 1825 1549 misit
1852 1492 1996 1565 epistolam

347 1568 444 1627 orandi
460 1570 552 1637 bieria,
569 1570 642 1625 boris
670 1585 748 1631 vero,
768 1570 828 1625 aliis
856 1570 961 1644 'llartba
990 1568 1146 1645 specialiter
1197 1573 1405 1631 consolatoriam
1420 1576 1447 1631 in
1463 1578 1521 1633 lraec
1536 1578 1641 1635 verta:

344 1666 414 1713 crat.
431 1658 454 1714 0
469 1659 576 1729 queritis
591 1675 652 1714 cum
668 1666 756 1717 oraret
771 1658 898 1735 lacrymis
912 1658 1070 1715 Dominioos
1085 1674 1143 1731 ,per

346 1746 397 1817 des
412 1748 537 1819 rigabat!
572 1748 709 1818 Oquanto
740 1748 881 1819 pmdentia
914 1762 976 1805 cum
1008 1747 1145 1806 exteriora
1199 1751 1279 1817 Patri,
1295 1761 1373 1809 ueto.
1849 1812 1864 1833 ,¹
1983 1802 1990 1837 ἰ

345 1835 500 1906 disponeret
514 1853 542 1918 se
557 1837 674 1909 agebat!
691 1836 778 1905 Quam
806 1836 883 1909 larga
898 1852 980 1891 manu
994 1838 1145 1910 monacho·
1234 1840 1302 1895 ltcm
1317 1842 1390 1897 misit
1404 1842 1428 1897 ei
1443 1843 1513 1923 idem
1529 1846 1609 1903 Pater
1630 1860 1717 1906 sanrae
1738 1846 1897 1925 dilectionis,
1915 1848 1997 1923 ¹taliud

344 1942 407 1980 rnrrr
423 1925 465 1984 rel
480 1942 634 1997 pauperum
648 1926 800 1981 necessaria
814 1924 978 1995 procurabat
993 1924 1039 1990 !‚0
1063 1941 1161 1999 quam.
1198 1927 1416 1987 indiciuminbac
1426 1933 1544 2002 epistola
1555 1954 1578 1991 :a
1593 1935 1648 1995 Suo
1659 1936 1696 2005 (f)
1706 1936 1997 2011 suas,amicoanricns,

345 2014 437 2085 dulcia
451 2015 544 2070 oscula
556 2018 585 2070 in
607 2015 755 2071 coelestium
784 2015 1011 2087 contemplatione
1037 2016 1142 2072 orando
1156 2034 1185 2096 Β
1201 2017 1275 2079 fratri
1291 2018 1383 2087 frater,
1400 2019 1539 2082 Gundnlfo
1554 2024 1708 2091 anselmus
1722 2040 1772 2094 pro
1789 2040 1889 2103 eruore·
1905 2024 1999 2103 ¹felici,-

345 2103 465 2176 figebat!
500 2104 630 2174 Oquam
643 2119 751 2159 amaros
765 2105 899 2173 singultus
914 2104 1143 2175 inpeccatorum
1199 2106 1261 2167 tatis
1296 2110 1587 2185 perseverantinmin
1616 2113 1771 2189 sanctitate,
1804 2129 1855 2186 pro
1883 2114 1998 2186 praemio

345 2208 458 2257 suorum
474 2193 665 2256 recordatione
680 2192 822 2260 trahebat!
832 2190 898 2262 Quis
906 2194 965 2263 ejus
978 2193 1145 2263 oculosvidit
1198 2195 1346 2263 sanctitatis
1354 2197 1530 2264 aeternaitatem
1541 2199 1569 2255 in
1579 2198 1717 2257 felicitate.

343 2280 454 2349 fletibus
469 2281 637 2353 udos‘lQnis
651 2297 712 2336 eum
727 2289 884 2353 gementem
899 2281 1010 2352 audivit,
1021 2283 1145 2337 etstntim
1237 2306 1248 2331 a
1267 2284 1668 2359 EumeusGundulfus,nete.
1750 2340 1782 2353 ,χ
1817 2336 1855 2367 ,μ
1874 2342 1893 2354 ,,
1922 2334 1940 2363 ,,
1963 2336 1985 2363 ,.

345 2370 404 2439 ipse
419 2385 472 2425 non
485 2370 612 2441 gemuit‘l
627 2370 693 2439 Quis
707 2372 884 2441 ejuslrultum
896 2369 1145 2441 lacrymarumsuf-
1202 2423 1205 2447 2
1235 2372 1386 2445 Redeamus
1400 2375 1482 2447 igitur
1497 2377 1531 2440 ad
1545 2377 1679 2455 hecquae
1694 2377 1857 2453 incoepimus
1870 2378 1996 2451 deta-uto

346 2458 456 2513 fusione
471 2459 606 2524 turbatum
621 2461 746 2525 attenta,
761 2468 787 2516 et
800 2460 984 2531 diu,aspicare
999 2460 1105 2531 potuit?
1126 2503 1132 2529 ,
1200 2462 1277 2527 Patre
1293 2462 1412 2529 dicere„
1430 2465 1586 2540 laudabilis
1607 2467 1678 2525 enirn
1689 2466 1749 2523 ‚riu
1781 2468 1999 2543 ejtts,omni,bp,s

383 2546 518 2603 Perfectis
534 2548 618 2621 igitur
644 2550 781 2613 omnibus,
795 2550 864 2616 aient
886 2548 989 2617 dietum
1019 2556 1068 2614 est,
1085 2565 1145 2620 quaa
1199 2551 1288 2609 Deum
1303 2552 1493 2623 quaerentibus
1503 2563 1597 2629 putum
1613 2556 1906 2633 coelestiswdpleedipis
1925 2574 2001 2625 ‚sua-

347 2637 434 2691 sorvis
448 2636 498 2690 Dei
512 2638 585 2707 apud
598 2638 798 2693 Rorecestriam
823 2638 993 2698 manentibus
1020 2647 1147 2707 poterant
1200 2638 1309 2697 tissime
1325 2642 1459 2712 propinat.
1477 2644 1549 2719 Duas
1564 2644 1682 2721 denique
1697 2645 1812 2718 singulis
1824 2646 1884 2715 fere
1905 2645 2002 2719 diebus

347 2740 406 2791 esse
421 2726 586 2792 necessaria,
609 2726 701 2793 babilo
725 2742 787 2782 cum
816 2725 989 2795 ,sapientibus
1021 2726 1144 2794 consilio,
1201 2729 1340 2797 celebrere
1355 2730 1525 2803 solitnsprat
1555 2732 1664 2799 missas,
1693 2750 1761 2807 quoa
1793 2734 2002 2807 intereculunt

342 2813 421 2883 idem
456 2815 727 2882 venerabilisPntcr,
760 2815 881 2881 collecto.
899 2817 1096 2879 monachorum
1114 2823 1146 2874 et
1199 2817 1490 2883 rixandumhabebut.
1518 2821 1778 2896 Primamuoidem
1794 2822 2002 2904 ,deplicamus

348 2903 510 2969 elericorum
525 2912 819 2971 contentanecuonet
834 2906 959 2975 copiose¹
974 2905 1147 2966 multitudine
1201 2912 1247 2981 aut
1259 2906 1293 2961 d'e
1309 2904 1576 2981 Commemoratione
1592 2910 1751 2983 lettaniae„
1767 2911 1810 2985 acl
1821 2913 1861 2984 qb.
1875 2911 2000 2979 andreae,

345 2991 445 3063 plebis,
462 3008 522 3059 epm
538 3008 641 3064 magna
655 2993 826 3057 solemnitate
852 2992 964 3054 necessit
992 2993 1027 3047 ad
1052 2992 1145 3061 scpul—
1202 3004 1246 3050 aut
1261 2984 1378 3067 alicujus
1392 2998 1476 3070 saneti
1492 3000 1568 3073 eujus
1594 3000 1759 3073 memoriam
1779 2988 1927 3071 specialius
1954 3016 2001 3069 re,-

343 3096 421 3148 erum
437 3081 601 3144 sanctissimi
616 3082 779 3146 corrfessoris
791 3081 909 3146 Paulini,
920 3082 975 3153 ,ptri
998 3081 1031 3146 ¹iu
1059 3082 1146 3141 veteri
1201 3082 1317 3151 colebat,
1335 3085 1401 3141 sire.
1416 3101 1467 3160 pro
1501 3085 1681 3161 familiaribus
1710 3087 1838 3159 ammian
1855 3087 2002 3162 secundam

346 3170 461 3227 eeclesia
472 3169 634 3236 ,reconditus
647 3170 745 3234 fuerat,
760 3179 789 3229 et
811 3171 965 3233 thesauram
992 3180 1145 3246 sanctarum
1202 3188 1276 3247 raro,
1293 3190 1341 3245 pro
1358 3174 1505 3243 Delrrnetis,
1520 3174 1556 3243 ad
1575 3191 1655 3247 quam
1672 3176 1775 3249 nnllam
1791 3185 1890 3248 praeter
1902 3192 2002 3233 mona-

343 3259 520 3329 reliquiamm
537 3259 595 3328 ejus
611 3259 640 3312 io
654 3259 907 3324 noramoeclesiam
924 3259 1064 3324 transferri
1079 3261 1146 3317 otiu
1201 3264 1266 3319 clins
1281 3278 1345 3317 snos
1362 3272 1389 3327 et
1402 3263 1507 3337 aliquos
1521 3279 1621 3335 pueros
1635 3262 1734 3324 adesse
1760 3264 1868 3338 uolebat
1889 3264 2002 3343 :cetenis

343 3347 404 3412 loeo
419 3347 596 3412 decenterud
609 3350 661 3409 troc
674 3356 825 3419 praepomto
839 3348 935 3419 reponi
951 3349 1143 3409 societatemn
1200 3352 1400 3424 recedentibus.
1418 3351 1482 3428 Cum
1496 3361 1586 3408 autem
1602 3353 1777 3428 indirectum
1793 3354 1896 3426 absque
1912 3361 2001 3424 'capua

342 3436 587 3506 fuitibiqnaedam
604 3445 724 3492 matrona
739 3437 837 3492 mentis
865 3446 894 3499 et
912 3439 1034 3507 corporis
1062 3437 1144 3496 inllr·
1200 3441 1652 3513 nsquepostldrangelium,quod
1670 3442 1873 3514 ipselegebat,
1902 3443 1999 3512 eadem

345 3526 439 3585 mirate
453 3525 531 3595 gravi
547 3525 671 3580 detenta.
690 3525 757 3594 Qtrae
767 3526 957 3595 promissione.
971 3527 1041 3582 facta
1071 3526 1144 3596 quod
1198 3529 1281 3582 missa
1297 3528 1442 3597 diceretur,
1459 3529 1533 3602 dicio
1553 3529 1997 3614 dominunaoba'fpapp„excelsa

341 3629 484 3682 nunqnam.
505 3615 616 3678 ulterius
650 3615 750 3670 criruen
784 3615 998 3685 quoddamque
1032 3615 1145 3684 turpiter
1198 3633 1264 3670 roco
1282 3617 1387 3683 dicebat
1400 3617 1534 3688 ,dremne
1547 3617 1643 3688 Statim
1659 3618 1895 3690 subsequebantur
1908 3619 1997 3688 paeri„

341 3704 524 3774 premebatur,
541 3705 661 3764 iteraret,
678 3704 698 3758 si
724 3704 867 3759 sanitatem
888 3707 1009 3772 recipere
1041 3713 1141 3772 possen
1197 3704 1339 3776 dulcisone
1354 3705 1537 3776 modulatione
1552 3714 1693 3773 cantantes
1701 3691 1998 3774 ⁸offereratlapallcrnr'np

342 3791 448 3853 meritis
465 3793 496 3845 ll.
517 3793 620 3871 Paulini
636 3793 761 3862 sospitati
780 3792 888 3850 reddita
901 3801 958 3853 esu
975 3791 1023 3846 sed
1034 3801 1142 3862 pactum
1196 3794 1461 3864 leiceastresire
1477 3794 1496 3850 0
1504 3796 1640 3866 plebeae,
1668 3794 1730 3864 Ipse
1745 3810 1813 3866 rapu
1827 3794 1939 3866 interim
1954 3793 1997 3864 ,in

339 3881 507 3952 promissum
524 3881 634 3936 minime
647 3882 776 3936 servarit.
792 3882 872 3944 Nam,
885 3888 914 3935 nt
927 3881 1142 3951 rediitcorporis
1192 3883 1272 3952 sedili
1286 3898 1336 3942 suo
1351 3883 1459 3952 sedens,
1469 3883 1639 3945 etdulcedini
1651 3892 1745 3950 cantus
1757 3883 1997 3963 ,intendenstntps

339 3969 450 4038 sanitas,
467 3970 669 4034 subsecutaest
691 3971 771 4026 citios
802 3971 829 4024 in
860 3971 916 4030 nito
947 3969 1020 4026 illius
1038 3970 1140 4028 ,iterati
1194 3972 1220 4026 in
1237 3957 1767 4044 lacrymassuavitatislleisoltjebatur',
1784 3971 1854 4044 etip
1872 3986 1994 4049 amorem

341 4058 464 4120 oriminis
479 4059 651 4129 perversitas.
667 4061 803 4129 Tempore
818 4059 1140 4132 ¹deniquesequeutipro
1193 4059 1419 4129 eoelestispatriae
1450 4060 1568 4114 animum
1603 4059 1698 4132 figens,
1715 4061 1813 4130 erectis
1832 4060 1995 4132 amplum

335 4147 547 4216 necessatibus
560 4148 735 4218 quibusdam,
751 4148 850 4219 quibus
863 4148 905 4207 nir
927 4164 1003 4204 suos.
1020 4150 1139 4218 impedi·
1193 4147 1341 4222 inmunibus
1356 4149 1497 4221 plusquam
1520 4149 1610 4211 dicere
1639 4149 1737 4221 aliquis
1749 4213 1752 4229 ι
1764 4149 1995 4220 possitsapernae

337 4242 382 4297 tus
397 4236 491 4303 fuerat,
509 4252 569 4291 cum
586 4237 724 4296 oblatione
739 4253 788 4295 sua
809 4253 889 4307 opem
903 4237 1007 4294 auxillii
1039 4239 1094 4292 ab.
1107 4255 1139 4294 eo
1189 4237 1368 4306 jucunditatis
1385 4237 1485 4308 pabulo
1500 4236 1780 4310 mirificcfovobatpr.
1793 4238 1827 4292 Et
1851 4238 1994 4306 baropte-

338 4324 627 4393 quaesitnmsanetnm
638 4326 691 4386 ‚Dei
708 4325 784 4384 auliit.
800 4326 853 4384 Sed
867 4326 1140 4396 illn,qnam.interins
1191 4325 1275 4402 lixius
1290 4342 1387 4397 agens,
1403 4327 1509 4383 demum
1525 4326 1667 4398 surgebat,
1682 4333 1712 4393 et,
1724 4325 1797 4396 qnod
1811 4325 1933 4389 restabat
1960 4325 1994 4390 da

336 4413 501 4472 eouseientia
514 4414 605 4485 turpis
620 4413 750 4482 foedabat,
762 4414 788 4470 ri
804 4415 920 4484 quadam
937 4415 1037 4470 divinae
1065 4415 1138 4470 indi÷
1192 4415 1274 4486 missa
1289 4413 1471 4484 persolvebat.
1487 4414 1536 4476 His
1551 4423 1640 4471 autem
1656 4413 1782 4484 expletis.
1810 4413 1898 4482 locum
1914 4420 1993 4495 pele-

336 4501 477 4572 guntionis
491 4503 568 4573 qttasi
584 4503 650 4558 flatu
667 4503 822 4559 vehementi
837 4505 959 4574 repulsa,
972 4520 1033 4558 rum
1045 4509 1137 4575 spreto
1191 4503 1239 4574 bat
1270 4509 1413 4570 secretum,
1429 4501 1557 4572 maeroris
1583 4502 1712 4574 arpinum,
1745 4501 1915 4570 oratipnibns
1937 4500 1994 4584 sulp

334 4591 578 4650 moneremultnm
602 4592 888 4648 verecundadomnm
915 4593 1004 4656 rediit,
1030 4602 1057 4647 et
1082 4609 1136 4659 non
1190 4591 1343 4662 specialiter
1357 4591 1524 4660 deputatum.
1553 4589 1682 4658 ilabebat¹
1707 4589 1735 4648 in
1766 4587 1994 4672 amnibusrillis

335 4678 421 4751 multo
433 4687 504 4748 post.
519 4681 651 4751 languore
665 4682 744 4751 gravi
760 4697 898 4750 percussa,
909 4681 1134 4738 infelicitardiem
1166 4700 1170 4713 ·
1189 4681 1254 4754 suis,
1271 4680 1298 4735 in
1312 4680 1412 4750 quibus
1426 4695 1536 4748 manere
1549 4679 1665 4750 solebat,
1680 4677 1805 4748 cellulam
1830 4676 1989 4746 oratoriam,

336 4767 517 4838 exspectabat
532 4777 693 4824 extremum.
711 4769 764 4824 Sed
781 4770 839 4838 pius
853 4769 995 4842 Dominus,
1012 4771 1057 4842 qui
1073 4741 1176 4841 nal-D
1192 4768 1238 4822 ubi
1252 4785 1313 4824 cnm
1328 4769 1401 4824 illue.
1422 4770 1548 4842 veniret,¹
1562 4766 1747 4823 cubicularius
1779 4766 1836 4835 ejus
1869 4765 1991 4834 libellum

335 4854 393 4910 lum
408 4858 525 4926 spernit,
542 4857 649 4912 nullum
672 4874 688 4912 a
716 4858 905 4914 misericordia
933 4875 983 4914 sue
1010 4859 1138 4936 excludit,
1195 4856 1344 4920 orationum
1361 4857 1423 4928 ejus
1438 4857 1567 4927 ponebat.
1594 4855 1634 4920 lbi
1648 4869 1715 4926 ergo
1726 4914 1729 4923 ‚
1741 4854 1788 4910 diu
1803 4853 1919 4922 orationi
1943 4869 1993 4924 aa·

333 4943 477 5014 inspirarit
491 4947 650 5020 cigretiam
666 4961 761 5013 sunm;
778 4955 803 5001 et
819 4947 953 5006 advocato
978 4948 1069 5015 adse
1099 4965 1140 5007 re.
1194 4945 1281 5010 nabat.
1299 4945 1370 5001 siout
1393 4952 1418 5000 et
1447 4944 1629 4999 antemissas
1653 4941 1762 5011 fecerat,
1794 4957 1845 5000 nec
1878 4941 1994 5008 obbae

1934 1628 1977 1659 lrt't

1235 1626 1997 1739 mmmmmmmafflnmm

333 5032 452 5088 nerabili
468 5033 606 5088 Gundulfo
620 5034 754 5112 episcopo
766 5051 816 5106 per
831 5035 962 5090 humilem
986 5036 1138 5092 confessio-

334 5135 396 5199 nem
413 5126 506 5177 reatus
521 5122 562 5176 sui
579 5123 772 5192 turpitudinem
787 5123 891 5193 pandit,
908 5126 1136 5194 perseremntiam

334 5209 532 5265 emendationis
546 5210 680 5281 integram
695 5212 721 5267 in
738 5212 793 5274 rita
806 5227 855 5266 sna
869 5227 901 5266 ex
917 5228 1018 5284 magna
1046 5213 1136 5268 cordis

334 5298 497 5354 contritione
512 5299 654 5370 promittit.
665 5300 737 5372 Quid
754 5301 859 5369 plural
888 5301 915 5354 ln
931 5301 982 5357 bac
996 5302 1134 5372 pollicita·

335 5385 435 5440 tioneo
450 5387 496 5457 pio
509 5388 635 5460 pontifice
651 5389 710 5449 oris
724 5388 846 5444 morbida
874 5389 1013 5458 recipitur,
1030 5390 1136 5458 antido,-

335 5481 391 5543 tum
408 5474 526 5532 salubris
542 5477 711 5552 poenitentiae
735 5475 888 5539 adhibetor,
905 5485 932 5531 ct
958 5477 998 5535 sic
1025 5478 1136 5534 demtum

336 5562 455 5634 perfeeto
468 5564 584 5621 multata
598 5570 717 5634 recepta,
735 5580 796 5621 eum
820 5564 956 5634 oblatione
978 5581 1028 5631 spa
1041 5574 1136 5636 saneto

337 5651 387 5707 Dei
410 5651 524 5708 Paulino
552 5652 690 5708 humiliter
716 5668 745 5709 se
773 5653 956 5723 presentavit,
986 5654 1138 5726 mentisque

377 5853 416 5925 (6)
432 5855 530 5922 Exstat
544 5854 614 5919 inter
627 5854 746 5919 dnsolmi
762 5854 900 5927 epistolas,
920 5854 971 5915 lib.
990 5871 1009 5923 r,
1025 5871 1069 5926 cp.
1087 5859 1135 5916 69.

1193 5033 1289 5090 orandi
1305 5033 1364 5103 sive
1380 5035 1477 5100 missas
1492 5031 1647 5094 celebrandi
1663 5031 1849 5100 vicissitudine
1862 5046 1992 5102 ¹nsquam

1191 5121 1234 5176 rel
1266 5137 1384 5192 unquam
1400 5120 1533 5192 cessabat.
1569 5121 1702 5192 Rraeterea
1732 5119 1898 5182 consuetudo
1931 5119 1993 5189 ejas

1192 5216 1258 5274 erat,
1281 5209 1389 5281 quando
1418 5208 1537 5280 aliquam
1566 5223 1678 5262 suavem
1705 5206 1994 5282 modulationemaut

1191 5297 1309 5356 sonitum
1324 5297 1443 5366 alicujus
1468 5295 1582 5352 dulciter
1610 5296 1733 5363 sonantis
1750 5311 1917 5368 ‚campanea
1932 5296 1992 5354 sire

1190 5384 1291 5457 aliquid
1309 5385 1461 5453 lmjusmodi
1493 5383 1634 5456 [audienti.
1668 5383 1757 5441 staatim
1782 5401 1826 5452 ‚en
1855 5384 1993 5456 profundo

1189 5474 1345 5548 eordiaalte
1360 5472 1499 5545 srrspirans
1514 5471 1635 5540 dicebat:
1662 5475 1682 5529 0
1701 5477 1842 5547 qnantum
1866 5480 1909 5541 est
1919 5488 1992 5544 peu-

1190 5563 1268 5638 dinna
1283 5564 1313 5616 in
1329 5563 1415 5630 realis,
1425 5563 1474 5616 ubi
1489 5563 1552 5618 tarn
1567 5563 1614 5618 Ilei
1623 5563 1734 5634 jupiter·
1755 5562 1817 5618 sine
1839 5561 1992 5632 efferaciores

1192 5649 1991 5720 eternaliternuditurlQaandoltamonomanuavelitn-

1229 5855 1268 5926 (7)
1285 5855 1376 5912 Exstat
1390 5853 1491 5910 ibidem
1507 5851 1555 5909 lib.
1570 5868 1589 5924 r,
1607 5869 1651 5928 ep.
1669 5856 1711 5912 33.
