4750 6725
294 569 345 626 m
987 556 1112 620 vltis.
1128 554 1308 619 Wtbl'ltlbl.
1896 570 1950 629 'lte

292 693 351 750 lieri
363 694 537 765 consensisti,
552 701 684 765 qnantum
698 705 760 747 mco
773 694 864 745 mente
882 686 972 744 libens
996 686 1090 743 indul·
1104 686 1134 749 A
1146 684 1219 741 lente
1235 686 1374 743 demnetic
1387 686 1448 758 ejus
1465 686 1471 743 l
1486 696 1606 759 etonem
1626 687 1739 746 difficile
1762 690 1796 747 ed
1817 692 1952 753 subterlu-

290 798 355 855 geo,
370 791 398 839 et
411 784 558 857 indulgens
570 784 655 839 etiem
673 795 758 852 sopor
772 787 799 833 te
818 775 1035 833 misericordiam
1049 776 1094 846 ju·
1151 773 1281 846 giendnm
1296 789 1332 831 ex
1345 775 1541 833 consuetudine
1554 775 1706 833 admissum
1726 777 1773 848 jes
1805 783 1953 852 possessio·

291 871 363 926 dicis
377 872 471 929 venire
483 870 601 944 supplici
615 870 762 927 devotione
786 865 945 937 deposco.»
973 863 1017 920 Ex
1044 866 1097 920 boc
1150 861 1358 932 nisejuslllum
1373 862 1444 919 enim
1453 862 1513 921 viro
1523 864 1632 921 virtutis
1648 865 1713 936 quid
1736 868 1799 923 nori
1824 869 1854 924 in
1874 870 1951 943 pecie

292 958 450 1017 firmissime
473 959 698 1032 scncdssimeqoe
727 957 798 1013 inter
824 955 900 1027 ipsos
927 952 1097 1011 venerabiles
1150 951 1358 1009 subversionem
1381 952 1514 1023 objiceret
1541 968 1595 1011 non
1622 952 1767 1023 inveniret,
1778 957 1951 1031 antiquarum

294 1046 372 1113 viros
384 1065 454 1120 pecc
467 1049 590 1118 lundata,
606 1045 733 1121 pastorali
746 1044 908 1102 auctoritate
922 1051 1015 1099 mutuo
1035 1058 1097 1099 sese
1151 1038 1350 1097 dissensionum
1364 1057 1540 1113 persuasores
1554 1042 1582 1098 in
1589 1043 1720 1115 pristinos
1729 1051 1818 1101 motus
1841 1048 1950 1115 excitat,

292 1137 401 1193 Christo
429 1138 619 1206 conciliavere,
645 1144 673 1193 ct
702 1134 798 1192 letitie
839 1130 971 1203 spirituali
993 1131 1095 1201 jucun·
1151 1137 1178 1186 ct
1192 1128 1316 1186 celeriter
1327 1146 1377 1201 por
1399 1146 1447 1188 eos
1468 1146 1573 1203 regem,
1591 1146 1659 1203 pace
1678 1132 1810 1203 discusse,
1828 1135 1857 1191 in
1880 1135 1951 1193 iram

292 1226 475 1301 dentesque
503 1226 555 1285 Dei
581 1232 645 1282 sunt
670 1223 800 1281 manime
825 1220 974 1279 meusne
1001 1228 1096 1277 uecte-
1150 1225 1245 1275 contra
1269 1218 1429 1290 pontificem
1455 1228 1550 1277 armet.
1571 1220 1653 1289 Nam,
1678 1221 1770 1278 verbis
1801 1222 1951 1282 deletorum

290 1330 370 1373 vem,
1149 1307 1325 1377 acconensis
1342 1308 1431 1365 varies
1459 1316 1484 1365 el
1504 1308 1666 1379 multiplices
1683 1312 1873 1381 possessiones
1893 1313 1952 1383 ejus

326 1408 375 1461 58.
391 1402 694 1463 Praeteme'lbeodorns
709 1401 784 1459 misit
800 1401 904 1457 litteras
918 1396 1037 1465 dlirido,
1050 1396 1096 1468 qui
1150 1395 1335 1468 coepitsubita
1346 1396 1493 1468 eupiditate
1513 1405 1640 1467 aestuerc,
1666 1406 1691 1454 et
1708 1414 1756 1455 ess
1781 1401 1835 1471 juri
1859 1401 1950 1459 eccle-

290 1492 414 1565 ingente
428 1487 975 1551 Nordenhnmbromnrdelonctollcirido
995 1487 1095 1558 longc-
1150 1489 1261 1555 sicmm,
1275 1484 1458 1559 quibusdatae
1474 1485 1590 1555 lucrant,
1601 1502 1655 1542 noo
1670 1488 1731 1557 jure
1755 1488 1872 1546 auterre.
1902 1490 1951 1546 Cui

290 1581 394 1637 batur:
411 1580 439 1637 in
454 1581 621 1653 cuibussibi
635 1581 775 1637 rhetorica
803 1577 932 1635 incendic
961 1576 1044 1631 suasit
1069 1582 1097 1631 et
1150 1576 1281 1647 quonism
1302 1572 1449 1629 Willridus
1467 1574 1618 1645 episcopali
1639 1575 1799 1632 auctoritate
1818 1578 1953 1635 contraire

290 1670 442 1742 persuasit,
453 1670 677 1741 quatennsbceto
693 1666 825 1725 Wilirido
841 1682 878 1722 ex
893 1664 976 1722 corde
992 1664 1097 1720 amicus
1149 1681 1206 1722 non
1221 1662 1406 1736 timuil,gravi
1418 1670 1511 1719 contre
1525 1679 1554 1719 se
1565 1678 1656 1734 regem
1680 1663 1820 1730 iracundia
1843 1666 1951 1722 indem-

290 1754 383 1825 lieret,
393 1770 510 1827 eumque
526 1755 630 1812 insede
649 1753 778 1811 scolene
796 1767 864 1822 sus,
879 1748 914 1805 de
931 1765 985 1822 qua
998 1748 1095 1819 injuste
1149 1754 1248 1811 mavit.
1267 1754 1345 1810 Unde
1360 1752 1460 1807 lectum
1474 1758 1516 1809 cst
1538 1759 1567 1807 ut
1586 1768 1634 1807 rex
1650 1751 1726 1807 illum
1748 1754 1874 1811 omnibus
1895 1756 1953 1812 suis

290 1842 436 1917 depositus
455 1842 554 1911 inerat,
571 1841 721 1899 honorilice
742 1841 888 1913 reciperet.
915 1837 1028 1895 elfredo
1056 1836 1095 1909 (6)
1150 1842 1298 1915 spoliatum
1314 1856 1330 1897 e
1344 1856 1432 1913 regno
1447 1856 1496 1897 suo
1510 1840 1613 1912 pellere
1627 1850 1804 1913 proponeret.
1832 1846 1855 1897 ll
1879 1845 1952 1917 quod

292 1931 445 2005 etiemregi
460 1933 731 1999 llereiorum,necnc
754 1929 917 2003 quibusdam
941 1926 1097 1997 eliissuper
1151 1930 1618 2005 pemgendumutcrchiepiscopum
1639 1930 1862 1987 Centneriensem
1884 1947 1953 2003 pro-

291 2020 394 2077 eodem
401 2022 518 2093 negotio
528 2020 679 2090 mondavit,
695 2018 794 2093 quibus
814 2017 896 2075 eade
917 2032 948 2072 re
964 2015 1094 2071 mandare
1107 2041 1135 2101 Β
1149 2021 1231 2094 positi
1250 2020 1291 2076 sui
1309 2027 1497 2076 exsecutorem
1515 2018 1639 2086 haberet,
1664 2020 1794 2091 opposuit
1817 2019 1857 2076 illi
1880 2021 1954 2094 quod

291 2124 348 2167 ¹¹⁰⁰
369 2110 701 2183 incongruumjudieorit.
725 2107 952 2178 Qui⁰fflss0⁵1¹¹¹8
970 2120 1033 2161 ⁰⁰¹1]
1044 2120 1091 2159 10·
1147 2107 1415 2181 statutapontifioum
1430 2107 1515 2178 ipsius
1531 2106 1673 2164 sedisnon
1695 2115 1828 2177 servaret,
1845 2116 1954 2182 etprae-
1991 2162 1994 2166 .

296 2198 384 2272 diblss
406 2198 542 2256 ¹¹¹⁸⁰d⁸¹i⁵
563 2198 621 2271 l)ari
642 2197 821 2254 ⁰⁰ss⁵0⁰⁸i0¹¹⁰
852 2194 982 2264 filesslssb
1007 2193 1094 2249 “¹⁸¹¹ss
1147 2205 1227 2275 cipue
1240 2196 1403 2257 venerabilis
1418 2195 1561 2265 Theodori,
1579 2194 1624 2267 qui
1644 2197 1802 2266 nuperrime
1821 2197 1878 2254 vita
1904 2198 1951 2255 de-

290 2286 384 2343 sordis
400 2286 745 2344 alacritatenobilissimum
763 2284 871 2342 Domini
889 2284 1095 2340 famulumsew
1147 2296 1275 2349 cessemt.
1292 2288 1325 2343 Et
1348 2284 1477 2357 quoniam
1505 2283 1582 2339 ncies
1603 2291 1661 2339 eret
1675 2284 1751 2340 illum
1794 2284 1953 2356 episcopum

289 2376 447 2448 inproprie
458 2384 616 2448 recepturos
630 2375 838 2433 remandavere.
855 2372 927 2443 Quin
948 2372 1029 2429 etiarn
1045 2388 1095 2427 rex
1149 2376 1263 2451 Anglici
1279 2374 1358 2448 regni
1373 2372 1569 2430 innecteritete
1583 2372 1691 2438 heberi,
1701 2372 1746 2445 qui
1763 2374 1870 2429 statutis
1886 2376 1954 2431 Can·

289 2464 415 2521 Allridus
432 2464 534 2521 uunffls
550 2480 567 2520 a
583 2464 668 2521 latete
687 2479 739 2520 suo
753 2461 878 2531 directis,
901 2460 995 2518 debito
1010 2476 1094 2517 vesse·
1149 2464 1293 2525 turriensis
1320 2461 1440 2535 episcopi
1461 2462 1505 2519 rel
1528 2460 1625 2517 leviter
1655 2462 1789 2518 contraire
1825 2464 1950 2533 cuderet,

293 2552 415 2609 rationis
428 2553 561 2626 obsequio
574 2554 663 2611 virum
682 2566 812 2609 revocare
836 2550 976 2622 precepit.
998 2549 1096 2622 Regali
1148 2554 1311 2611 Willridum
1326 2566 1387 2608 sese
1404 2550 1456 2605 bec
1470 2548 1504 2605 de
1519 2546 1656 2605 calumnia
1676 2562 1731 2605 non
1745 2550 1856 2607 omnino
1870 2565 1953 2608 excu-

290 2656 360 2714 ergo
385 2641 559 2712 invitatione,
581 2657 631 2697 nec
652 2657 706 2697 non
731 2638 880 2712 pontificali
912 2638 1097 2710 preceptione
1150 2642 1353 2700 snravelentem
1367 2639 1493 2711 inrcgno
1508 2652 1561 2695 suo
1576 2638 1736 2709 episcopum
1757 2654 1816 2695 csse
1832 2639 1952 2697 nolebat.

291 2737 445 2786 conventus
460 2729 495 2786 ed
513 2746 592 2785 suem
610 2728 757 2787 ecclesiam
770 2727 868 2785 reddit.
891 2726 1016 2800 Oquem
1030 2726 1096 2783 felir
1152 2731 1294 2803 siquidem
1318 2727 1467 2785 Wiliridus
1509 2742 1542 2783 ca
1574 2733 1672 2783 statute
1699 2726 1834 2783 Theodori
1865 2730 1954 2785 susci-

290 2819 339 2873 ille
359 2818 420 2875 dies
444 2818 571 2875 omnibus
594 2835 645 2891 per
664 2818 693 2874 id
712 2817 833 2875 locorum
859 2816 1098 2875 commanentibus
1149 2820 1359 2893 piebet,eisquc
1378 2816 1497 2873 debilem
1513 2814 1695 2871 obedientiam
1716 2814 1874 2886 exhibebat,
1893 2832 1953 2887 qnae

295 2907 411 2977 exstitit,
427 2892 611 2980 quecumque
626 2906 723 2963 mentis
736 2906 858 2962 letitiam
872 2904 976 2963 cunctis
989 2905 1019 2959 in
1039 2904 1096 2960 cir·
1150 2906 1501 2967 scanonibusinstitutset
1524 2904 1618 2976 primis
1641 2914 1722 2977 atque
1741 2905 1888 2976 postremis
1906 2920 1953 2962 er·

294 2996 400 3053 coitum
410 2995 519 3069 populis
533 2994 879 3066 umiunubussttutit,qui
895 2994 1004 3050 beatum
1020 2992 1096 3049 wit·
1151 2997 1369 3069 cbiepiscopotus
1382 2994 1549 3064 temporibus
1569 2994 1610 3049 sui
1632 2994 1661 3049 in
1689 3009 1757 3065 pecc
1779 2994 1917 3051 constitnit
1943 3010 1953 3053 c

292 3084 395 3141 iridem
410 3085 447 3140 cb
463 3084 560 3141 exsilio
572 3093 733 3145 revocctnm
746 3083 849 3157 primns
866 3082 958 3141 videre
984 3098 1097 3155 prome·
1151 3102 1246 3145 verum
1259 3100 1292 3142 ec
1302 3100 1362 3155 que
1371 3082 1537 3155 temporibus
1546 3082 1698 3154 interrupta
1713 3081 1796 3154 pacis,
1812 3088 1842 3139 ut
1855 3081 1953 3154 fertur,

293 3172 351 3228 ruit
361 3174 373 3231 t,
383 3171 537 3243 Qnishtrjns
550 3172 651 3229 laetitiae
668 3173 784 3230 formam
799 3172 881 3242 plene
895 3170 1013 3243 cepisti
1036 3172 1097 3244 quis
1149 3191 1200 3248 pro
1219 3174 1307 3240 libitu,
1327 3188 1383 3228 non
1402 3188 1450 3245 pro
1470 3171 1573 3228 ratione
1602 3178 1744 3241 statueret,
1768 3170 1845 3228 nullo
1872 3178 1953 3243 pacto

292 3278 357 3317 eam
371 3261 622 3319 cordibuseliomm
630 3263 728 3334 persei
743 3258 928 3318 crisollicium
945 3258 1097 3337 infeodati
1150 3263 1299 3335 suscipere,
1316 3278 1367 3319 nec
1380 3260 1421 3317 eis
1435 3275 1577 3317 assensum
1597 3259 1721 3332 prebere
1744 3258 1864 3316 volebat.
1879 3258 1952 3330 Qua·

293 3349 608 3408 Crebramonechomm
637 3350 763 3408 cremina
780 3350 889 3406 obviem
907 3348 980 3406 Petri
996 3365 1096 3420 proce·
1110 3400 1135 3464 C
1151 3361 1261 3426 propter
1273 3349 1352 3424 qnasi
1363 3349 1557 3408 inobedientiae
1571 3356 1598 3406 cl
1635 3348 1814 3406 eorumne
1844 3348 1955 3408 macule

291 3439 542 3509 duneclcnccmm
551 3439 665 3512 agmine
678 3455 738 3495 com
755 3437 996 3512 totiusireqoentis
1007 3437 1096 3510 plebis
1148 3449 1242 3498 contre
1254 3440 1349 3497 sedem
1364 3438 1590 3495 totiusBritteniae
1605 3445 1722 3494 matrem
1737 3437 1766 3492 in
1779 3452 1813 3494 co
1830 3447 1952 3508 reperta,

291 3542 342 3585 sno
357 3528 460 3599 pastori
475 3528 598 3584 certatim
609 3542 751 3586 occursare
766 3527 944 3596 contendunt,
958 3539 985 3584 et
1000 3541 1096 3583 omnes
1148 3529 1268 3600 pristine
1281 3536 1322 3584 est
1332 3525 1626 3597 auctoritateprivntus,
1642 3534 1669 3582 et
1690 3527 1764 3598 npnd
1780 3525 1953 3584 Birtvsldum

287 3615 364 3674 elate
391 3632 461 3674 voce
487 3617 633 3673 Dominum
671 3615 863 3672 benedicentes
906 3631 968 3672 eum
1005 3615 1096 3670 susci-
1149 3617 1396 3688 archiepiscopum,
1428 3613 1475 3686 qui
1504 3611 1653 3670 Theodoro
1689 3622 1867 3683 successerat,
1904 3628 1955 3687 pro

288 3705 378 3776 pient,
389 3704 460 3762 scin
469 3703 738 3762 ecclesicmducnnt.
756 3703 788 3759 ln
802 3720 855 3776 qua
874 3703 923 3760 illc
937 3703 1095 3772 roboratus,
1149 3704 1262 3778 negotio
1273 3710 1425 3762 ccctisstus.
1437 3701 1565 3772 objectos
1580 3717 1648 3774 ergo
1663 3702 1699 3758 ed
1713 3699 1824 3759 fidelem
1834 3702 1954 3760 emicem

289 3799 319 3851 et
342 3809 431 3866 aqua
449 3802 512 3866 post
539 3793 678 3851 modicum
712 3792 859 3850 eliminetis
887 3808 949 3866 qnae
980 3808 1097 3848 censura
1149 3810 1231 3851 snum
1246 3807 1338 3865 regem
1349 3790 1632 3848 Merciorcunnominc
1645 3790 1799 3848 Aillrcdutu
1817 3791 1951 3848 secessit:

290 3877 428 3951 requitatis
448 3878 551 3934 suferri
564 3877 667 3935 debere
699 3876 869 3946 monstreris,
891 3875 1024 3950 quidquid
1047 3884 1098 3932 ter-
1148 3899 1166 3940 e
1197 3898 1251 3956 qno
1271 3879 1390 3954 gloriose
1404 3887 1556 3953 susceptus,
1580 3879 1631 3936 sub
1654 3879 1823 3952 protectione
1848 3881 1900 3938 Dei
1923 3890 1952 3940 ct

290 3982 385 4023 rernm
400 3976 447 4023 ent
455 3966 591 4023 redituum
598 3966 653 4040 juri
663 3966 787 4023 ecclesiae
813 3964 995 4036 competebat,
1021 3964 1097 4024 brevi
1148 3972 1223 4029 illius
1237 3971 1696 4044 eliquentotemporeoonrersatus
1710 3977 1764 4025 est.

290 4057 483 4126 recuperarir;
496 4055 672 4113 nihilominus
695 4071 805 4126 quoque
832 4053 984 4110 divinitatis
1011 4053 1097 4112 verbe
1187 4058 1234 4112 53.
1250 4055 1389 4112 Interbaeo
1403 4052 1695 4126 mpeturegisdliridi
1722 4051 1878 4111 birtvaldus
1905 4070 1953 4111 ar-

291 4144 465 4201 subditornm
479 4143 607 4202 'cordibus
625 4144 750 4218 quotidie
763 4143 895 4216 perillum
904 4142 1095 4216 infunduntur,
1150 4145 1340 4218 cbiepiscopus
1351 4143 1479 4216 precepit
1493 4142 1625 4216 generale
1645 4142 1790 4200 concilium
1806 4141 1954 4217 episcopo-

291 4241 320 4290 ct
333 4233 1092 4307 lncislourcpuaesclicntisinnitcmcetcrstnm(lccrc.
1148 4232 1453 4292 rumtotiusBrittaniae
1468 4232 1629 4306 congregari
1654 4232 1683 4288 in
1699 4246 1796 4304 compo
1816 4231 1862 4302 qui
1881 4233 1953 4292 dici-

289 4337 328 4392 ιν,
347 4320 528 4392 ll)esoritur.
540 4321 639 4377 Cbristi
657 4319 728 4377 lidcs
749 4335 812 4377 cum
827 4321 961 4378 bonorum
982 4336 1096 4392 operum
1151 4332 1194 4380 tur
1207 4321 1377 4380 Eestrefcld.
1392 4320 1440 4376 Cui
1454 4320 1570 4378 concilio
1579 4329 1608 4376 ut
1620 4319 1766 4377 Wiliridns
1780 4335 1857 4375 snam
1878 4337 1956 4393 prae·

291 4408 634 4480 redhibitionereceteseit,
649 4415 819 4481 opuseulcm
846 4407 970 4482 perfidie
991 4417 1018 4465 et
1039 4425 1096 4466 me·
1150 4411 1274 4466 sentiam
1289 4407 1597 4466 exhiberetmontctum
1612 4416 1664 4478 est,
1679 4409 1816 4485 simulque
1834 4411 1956 4484 mnib-

288 4497 426 4571 lignitatis
439 4499 540 4570 ubique
563 4498 696 4570 frigescit.
719 4497 903 4567 Quamobrem
921 4513 977 4569 pax
992 4497 1096 4554 sincera
1149 4515 1212 4556 snm
1243 4511 1352 4554 omnem
1371 4511 1401 4553 so
1426 4495 1558 4568 justitiam
1588 4498 1623 4554 de
1657 4496 1757 4568 inieris
1790 4515 1872 4572 quum
1902 4500 1957 4558 sibi

289 4587 426 4654 cordium,
446 4587 597 4659 tranquilla
611 4587 749 4658 opulentis
763 4602 867 4656 rernm,
891 4586 1019 4643 alacritas
1039 4603 1096 4643 ma·
1150 4587 1315 4659 querebatur
1324 4585 1427 4642 iilctem
1440 4591 1621 4657 recepturum,
1633 4583 1658 4642 si
1668 4592 1761 4645 umen
1769 4587 1957 4658 injuriemsibi

288 4691 350 4750 gns
364 4674 739 4748 inlleiservitium,jucundc
749 4673 904 4745 delectatio,
926 4673 1096 4737 delectabilis
1150 4677 1251 4734 iactam
1259 4674 1446 4734 certerstione
1464 4673 1609 4732 ostendere
1634 4683 1734 4746 posset.
1755 4675 1828 4746 Quid
1848 4678 1957 4749 plens?

289 4764 449 4838 jucunditas
462 4763 794 4845 processitinllominum
815 4782 821 4820 ι
846 4780 908 4837 quae
926 4763 1019 4821 omnia
1040 4758 1138 4821 nra-D
1159 4764 1233 4822 uenit
1260 4763 1295 4820 ed
1318 4763 1462 4837 synodum,
1491 4762 1539 4820 sed
1565 4778 1738 4836 nequequam
1767 4764 1870 4822 invenit
1908 4765 1957 4836 jus

292 4869 377 4926 gnam
404 4861 500 4911 contm
517 4851 607 4925 ipsum
634 4851 766 4909 invidiam
789 4851 893 4909 diaboli
916 4853 1096 4911 concitmcre.
1151 4851 1395 4926 sibipromissum.
1434 4852 1550 4922 Quidem
1583 4852 1656 4909 enim
1696 4853 1831 4926 episcopi,
1870 4854 1957 4928 regite

294 4943 396 5000 Verum
405 4941 483 4998 miles
496 4941 596 4997 Christi
615 4941 672 5012 jem
692 4941 764 4998 bene
791 4941 936 4998 instructus
960 4951 1099 5001 mmature
1154 4942 1283 5000 voluntati
1298 4942 1434 5011 serentes,
1446 4940 1549 4998 moxin
1571 4940 1687 4998 concilio
1707 4941 1798 5000 vnum
1814 4943 1866 5000 Dei
1879 4943 1957 5001 falsis

296 5031 372 5087 verbi
387 5030 447 5100 Dei,
460 5031 573 5103 jamque
582 5029 701 5102 plurime
715 5039 842 5104 expertus
856 5037 1022 5088 enemente
1036 5031 1099 5088 dia·
1152 5030 1296 5089 calumniis
1311 5029 1462 5104 exagitare,
1472 5038 1500 5087 ct
1520 5029 1619 5103 quibus
1640 5036 1769 5102 poterant
1782 5032 1957 5090 contrariete·

296 5119 366 5186 boli,
394 5133 449 5190 quo
477 5117 598 5177 inbelle
624 5119 776 5187 excitatior,
802 5134 836 5176 eo
853 5119 887 5175 ad
915 5119 1099 5189 deiiciendom
1153 5119 1226 5176 tibus
1237 5118 1400 5191 perturbere
1420 5125 1572 5188 coeperunt.
1593 5117 1716 5192 Cumque
1732 5135 1765 5176 ea
1788 5136 1850 5191 quse
1872 5119 1955 5193 objc-

298 5205 434 5265 difficilior
456 5210 534 5265 eret:
551 5223 709 5280 moremque
720 5207 864 5264 fortissimi
880 5207 1019 5266 bellatoris
1034 5209 1099 5265 imi·
1153 5215 1258 5278 cesant,
1274 5205 1468 5263 nullareritate
1479 5204 1595 5262 subnixa
1615 5207 1731 5277 probare
1744 5207 1880 5280 relerent3
1898 5217 1957 5268 tan·

302 5283 544 5367 tatus,nonmodo
568 5313 597 5352 so
620 5297 669 5353 sod
684 5305 710 5354 et
730 5312 794 5354 suos
821 5296 1022 5354 commilitones
1046 5299 1101 5355 bo·
1152 5296 1219 5354 dem
1232 5296 1288 5352 sois
1302 5294 1504 5366 objectionibus
1526 5293 1554 5350 id
1582 5295 1718 5366 odJccere,
1747 5297 1824 5354 illum
1838 5298 1956 5356 decretis

300 5393 371 5441 stem
395 5385 528 5459 cedendo
548 5385 647 5441 dextre
659 5383 783 5458 levaque
797 5384 969 5460 protegebat.
1001 5385 1101 5460 Sieqne
1153 5383 1353 5442 Cantucricnsis
1366 5382 1564 5455 archicpiscopi
1579 5384 1714 5442 Theodori
1721 5385 1833 5443 minime
1847 5402 1957 5460 parere.

295 5471 408 5530 diabolo
422 5471 651 5546 impenetrabilis,
666 5473 976 5548 perquinquennlumin
989 5473 1101 5532 scista-
1155 5472 1259 5543 Quibus
1275 5472 1344 5529 ille:
1374 5495 1385 5522 s
1416 5471 1547 5542 Decretis,
1569 5472 1669 5547 inquit,
1693 5463 1841 5534 venerandi
1869 5471 1967 5534 Petris'

296 5570 340 5619 tus
359 5561 496 5636 dignitate
507 5563 668 5634 permansit.
1155 5561 1298 5630 Theoderi,
1315 5577 1376 5634 quse
1390 5560 1418 5616 in
1431 5576 1501 5633 pace
1511 5568 1538 5618 et
1551 5562 1684 5620 canonice
1706 5563 1869 5622 auctoritato
1894 5579 1958 5636 pro-

331 5651 377 5707 bi.
395 5650 461 5722 Sed,
474 5667 491 5710 o
505 5650 753 5710 inexterminabilis
762 5649 1023 5713 inridiodiabolilo
1038 5650 1103 5713 rio·
1155 5649 1299 5725 molgevit,
1320 5649 1485 5710 conscientia
1512 5657 1580 5710 toste
1604 5651 1704 5712 dormo
1742 5661 1835 5713 monte
1862 5651 1956 5724 srbdi,

337 5880 380 5958 (e)
392 5883 449 5942 lias
462 5882 565 5944 toruos
571 5881 657 5945 r‘elsrt
673 5865 903 5960 velletrensem
918 5891 1009 5947 umen
1023 5884 1072 5946 eas
1085 5901 1154 5962 ques
1166 5881 1327 5945 ‘ibeodorus
1340 5879 1517 5944 edelfridum
1532 5881 1641 5946 direxit.
