4750 6725
403 549 454 604 183

697 543 731 602 S.
748 541 903 600 ANSELhss
922 539 1094 598 catthath.
1115 537 1281 596 ARCHIEP.
1297 539 1378 597 OPP.
1398 539 1488 596 PARS
1503 537 1552 594 111.
1570 567 1605 580 -
1619 535 1806 594 EPISTOLAE.

2000 540 2053 593 l8l

404 679 431 728 et
446 669 552 744 rogerii
566 685 610 726 me
626 684 663 726 ex
676 675 770 724 vestra
784 674 863 738 parte
882 673 911 721 ut
938 665 1016 722 robis
1031 665 1202 722 consulerem
1215 663 1245 725 Α
1260 665 1320 721 tati.
1339 667 1413 722 later
1425 664 1572 721 saeculares
1584 663 1712 720 homines
1731 669 1772 720 eat
1787 662 1924 720 contentio
1939 662 1973 719 de
1987 679 2057 733 pro-

404 761 523 833 quoliter
537 761 630 816 vivere
645 756 790 813 deberetis.
812 755 866 812 Sed
881 770 942 812 cum
959 754 1097 809 audissem
1120 753 1204 812 vitam

406 858 536 914 vestram,
551 863 605 903 non
620 845 694 918 potui
709 845 827 918 rogitare
845 843 912 914 quid
935 843 1012 898 robis
1026 859 1137 914 possem
1151 843 1202 898 ad-

406 939 472 995 dere
488 939 514 992 in
537 935 660 1009 psalmis,
685 937 714 988 in
738 931 915 1001 orationibus,
937 931 964 986 in
980 931 1160 996 abstinentiis,
1175 931 1203 986 in

407 1027 553 1082 afflictione
569 1023 703 1094 corporis,
718 1023 785 1077 ultra
799 1023 851 1077 boc
872 1021 945 1092 quod
959 1035 1010 1076 ros
1023 1019 1203 1092 pergratiam

408 1116 457 1172 Dei
474 1112 624 1185 incoepistis
644 1120 671 1166 et
700 1110 801 1167 facitis.
824 1111 882 1166 Hoc
910 1109 999 1181 itaque
1020 1109 1093 1181 quod
1107 1107 1205 1176 fecitis,

409 1202 530 1276 quandiu
546 1216 606 1256 cnm
622 1200 708 1254 salute
726 1199 850 1270 corporis
868 1197 950 1254 vestri
977 1198 1068 1253 facere
1083 1197 1206 1267 potestis,

1259 755 1320 826 pria
1333 754 1505 826 singulorum
1519 753 1665 824 voluntate,
1688 761 1716 808 ut
1730 750 1959 824 unusquisquam
1974 751 2057 818 dicat,

1260 859 1315 900 non
1330 845 1399 899 sicut
1413 843 1464 909 ris,
1488 845 1540 898 sed
1564 843 1633 899 sicut
1655 858 1709 915 ego
1728 841 1810 909 rolo;
1835 841 2059 898 contentionem

1260 932 1291 961 ⁸¹⁴
1307 933 1501 988 monachorum
1529 940 1594 987 est:
1620 933 1683 986 Non
1711 931 1860 987 secundum
1887 930 2060 986 voluntatem

1260 1037 1351 1076 meam
1386 1021 1442 1086 frat,
1483 1021 1530 1076 sed
1566 1019 1715 1075 secundum
1757 1027 1841 1075 tuam.
1877 1019 1936 1074 Nec
1976 1018 2061 1074 debet

1260 1111 1447 1183 unusquisque
1462 1117 1624 1180 exspectare
1645 1116 1674 1165 nt
1702 1124 1763 1164 cum
1790 1108 1854 1163 facit
1881 1107 2059 1164 alteriusve-

1261 1200 1402 1268 luntntem,
1417 1199 1463 1254 ille
1485 1198 1537 1254 sibi
1555 1198 1679 1254 similiter
1703 1197 1827 1254 faciendo
1853 1198 1992 1264 retribunt,
2007 1196 2061 1252 aed

409 1298 510 1347 tenete.
527 1289 555 1344 Si
570 1295 659 1344 autem
676 1285 816 1342 senseritis
830 1284 903 1357 qnod
913 1284 940 1340 in
955 1285 1144 1357 aegritudinem
1158 1299 1207 1340 vo·
1259 1290 1287 1344 in
1302 1289 1355 1345 hoc
1370 1287 1453 1344 debet
1466 1287 1575 1343 studere
1593 1296 1621 1342 ut
1644 1287 1775 1360 quidquid
1798 1287 1866 1343 alius
1893 1285 1984 1354 faciet,
1999 1285 2062 1356 ipse

409 1379 454 1434 bis
468 1381 597 1443 vertatur,
615 1382 679 1431 tunc
698 1375 808 1432 consulo
822 1382 852 1428 ut
872 1373 1002 1445 expedire
1024 1372 1205 1446 cognoscetis,
1260 1392 1397 1450 nunquam
1425 1393 1441 1432 o
1468 1376 1541 1431 bono
1569 1379 1710 1447 proposito
1736 1391 1784 1431 sno
1810 1374 1928 1431 deliciet.
1956 1375 2005 1430 Est
2033 1383 2062 1430 et

409 1483 460 1524 ves
474 1464 643 1538 temperetis.
661 1463 753 1519 llelius
768 1471 808 1518 est
827 1463 899 1518 enim
915 1471 943 1517 nt
964 1478 1026 1518 cum
1042 1462 1128 1518 salute
1142 1477 1207 1518 cot·-
1262 1465 1334 1520 aliud
1349 1465 1422 1536 quod
1436 1465 1515 1522 valde
1530 1480 1625 1534 pacem
1640 1472 1666 1520 et
1689 1463 1862 1520 dilectionem
1876 1463 1945 1519 inter
1961 1463 2062 1520 fratres

410 1556 485 1628 poris
500 1555 563 1610 lanio
578 1553 670 1609 animo
683 1550 784 1624 aliquid
800 1551 915 1619 faciatis,
935 1567 1017 1624 qnam
1032 1566 1080 1622 per
1093 1549 1208 1622 aepritu-
1262 1552 1412 1610 conciliat:
1442 1553 1462 1610 si
1489 1552 1580 1609 nullus
1603 1552 1751 1625 aliquando
1774 1551 1850 1608 fratri
1874 1567 1927 1608 suo
1954 1552 2062 1624 aliquid

412 1645 505 1700 dinem
521 1644 555 1698 ab
570 1642 614 1697 his
628 1656 759 1712 quaecum
771 1639 864 1696 laetitia
875 1639 1045 1706 benefacitis,
1058 1655 1106 1711 pro
1121 1638 1208 1695 nihilo
1261 1641 1328 1698 dicit
1341 1641 1375 1697 de
1390 1641 1444 1698 alio
1458 1642 1530 1698 unde
1542 1643 1644 1697 amicus
1657 1643 1719 1710 ejas
1732 1641 1824 1713 ahquo
1837 1641 1919 1702 modo
1933 1639 2063 1697 offenda-

411 1731 526 1800 dncatis,
544 1745 633 1803 neque
648 1730 717 1786 alios
733 1729 778 1800 qui
792 1729 844 1784 hoc
858 1744 912 1785 non
927 1727 1041 1795 faciunt,
1056 1727 1111 1783 ullo
1126 1726 1209 1782 modo
1261 1737 1324 1801 tur;
1338 1731 1388 1786 sed
1402 1747 1520 1802 semper,
1532 1731 1558 1786 si
1577 1738 1675 1802 potest,
1692 1730 1776 1787 frater
1786 1729 1820 1785 de
1834 1731 1920 1787 fratre
1934 1730 2065 1802 loquatur

413 1819 603 1885 contemnatis,
620 1826 666 1874 aut
681 1833 728 1874 eos
743 1833 804 1874 esse
815 1816 930 1873 minoris
938 1817 1028 1872 meriti
1042 1816 1114 1887 apud
1122 1817 1209 1871 Deum
1262 1820 1335 1876 unde
1348 1836 1397 1876 cor
1411 1821 1470 1891 ejas
1485 1819 1520 1876 ad
1538 1819 1710 1876 dilectionem
1726 1819 1896 1876 accendatur.
1908 1821 1983 1886 llaec,
1998 1819 2063 1874 lra-

415 1925 496 1982 qnam
511 1924 559 1964 ros
577 1905 748 1963 existimetis.
763 1908 867 1962 Bonum
891 1907 966 1961 enirn
989 1913 1029 1962 est
1049 1904 1208 1961 exercitium
1263 1919 1319 1966 eres
1332 1917 1359 1964 et
1372 1908 1420 1964 filii
1436 1909 1490 1964 mei
1504 1909 1665 1976 charissimi,
1689 1916 1803 1964 servate.
1826 1909 1865 1964 De
1880 1907 1976 1964 ordine
1991 1923 2064 1980 quo·

412 1997 546 2068 corporis,
561 1995 609 2052 sed
624 1995 709 2050 multo
733 1994 821 2067 magis
844 2002 918 2050 amat
941 1995 1013 2050 Deus
1034 2009 1081 2050 cor
1098 1993 1209 2065 plenum
1224 2023 1251 2087 Β
1266 2015 1320 2070 que
1334 2006 1424 2055 vestro
1439 1997 1477 2052 ita
1488 1997 1593 2054 solliciti
1609 2014 1670 2054 esse
1689 1997 1804 2062 debetis,
1818 2004 1848 2053 ut
1862 2012 1916 2053 non
1943 1998 1973 2052 in
1999 2012 2065 2052 mo·

411 2087 522 2159 pietate,
543 2085 700 2153 dilectione,
725 2083 877 2138 humilitate
905 2091 932 2138 ct
956 2082 1094 2139 desiderio
1109 2099 1210 2154 perve—
1266 2089 1328 2144 dico
1342 2088 1416 2142 illum
1432 2087 1540 2151 alicubi,
1556 2086 1598 2144 rel
1613 2087 1769 2159 aliquando,
1786 2087 1816 2142 in
1831 2096 1947 2153 secreto,
1963 2085 2007 2142 νο]
2035 2086 2065 2142 in

411 2174 505 2232 niendi
520 2173 566 2229 ubi
582 2171 671 2244 possit
685 2179 711 2227 et
725 2171 873 2228 delectetur
895 2172 984 2244 ipsum
1000 2173 1086 2227 Deum
1101 2171 1207 2227 ridere.
1265 2186 1412 2248 conspectu
1427 2177 1553 2243 aliorum,
1583 2176 1701 2233 violetis.
1731 2176 1868 2248 Scriptum
1896 2182 1938 2232 est
1965 2175 2064 2231 enim:

413 2263 592 2334 Omnipotens
606 2263 680 2317 Deus
696 2276 744 2318 vor
759 2261 863 2328 ocean,
879 2269 905 2317 et
919 2261 1087 2328 corroboret.
1107 2269 1133 2316 et
1147 2275 1212 2317 con·
1269 2267 1725 2339 pnemooteaoerptctr,paumnm
1735 2265 1948 2336 oecmerqecctt.
1958 2265 2065 2334 arnt),

412 2352 528 2408 soletur.
548 2349 760 2408 Absolutionem
772 2349 823 2406 Dei
834 2357 862 2406 et
873 2356 1006 2418 nostram,
1018 2347 1116 2420 siquid
1130 2348 1211 2419 vetet,
1267 2355 1372 2428 siergo
1386 2370 1476 2411 eoram
1491 2355 1549 2410 Deo
1566 2355 1648 2410 vultis
1662 2353 1806 2426 proficere,
1818 2370 1964 2424 numquam
1980 2353 2066 2408 mini-

413 2441 449 2498 ab
464 2440 593 2498 omnibns
620 2439 740 2510 peccetis
769 2438 866 2496 vestris
892 2438 970 2495 robis
997 2437 1089 2495 mitto.
1122 2437 1211 2512 Repo,
1266 2459 1311 2500 ma
1325 2443 1452 2499 mandata
1466 2443 1555 2501 velitis
1569 2443 1721 2513 despicere.
1745 2442 1822 2499 Siout
1835 2451 1926 2499 antem
1940 2443 1988 2514 qui
2002 2457 2067 2497 rno-

412 2537 491 2589 oroto
504 2545 556 2604 pro
572 2545 624 2586 mc.
1267 2531 1329 2588 dica
1361 2531 1483 2603 despicit,
1514 2531 1648 2604 paulatim
1676 2531 1786 2600 dedicit,
1820 2532 1859 2588 sic
1887 2533 1932 2603 qui
1959 2531 2070 2587 modica

1267 2634 1323 2675 non
1337 2620 1463 2693 despicit,
1478 2636 1533 2676 non
1548 2619 1609 2676 dico
1623 2619 1763 2691 paulatim,
1773 2620 1822 2675 sed
1837 2617 1985 2675 efficaciter
1997 2634 2070 2690 pro-

1268 2708 1333 2765 licit.
1350 2709 1471 2775 Fratres,
1482 2708 1563 2765 facite
1577 2715 1606 2763 nt
1615 2709 1724 2780 possitis
1734 2709 1825 2765 dicere
1834 2722 1897 2764 cum
1913 2707 2069 2779 l’mpbete:

1271 2799 1375 2856 Animo
1391 2814 1455 2855 men
1467 2799 1499 2853 irt
1520 2797 1652 2854 monibus
1664 2798 1736 2854 meir
1749 2813 1860 2870 comper
1869 2797 1958 2862 (Paul.
1974 2812 2071 2862 cartu,

1271 2887 1345 2958 tos).
1355 2886 1524 2944 lnomnlbus
1534 2885 1742 2957 enimoperibua
1758 2885 2074 2943 restrisdebetisconsi-

1272 2977 1371 3032 derare
1386 2975 1463 3048 quasi
1479 2975 1570 3030 anima
1585 2975 1619 3031 sit
1634 2974 1660 3030 in
1676 2974 1803 3032 monibus
1826 2975 1924 3030 vestris
1939 2989 2049 3045 semper
2065 2989 2074 3037 ς

1272 3065 1335 3136 quia
1349 3063 1482 3136 quidquid
1496 3063 1680 3134 unusquisque
1708 3063 1799 3130 faciet,
1828 3065 1881 3120 hoc
1903 3063 1997 3118 anima
2010 3063 2078 3132 ejus

663 2663 838 2722 EPISTOLA
858 2662 964 2722 Chim.

417 2771 539 2814 ansatur
553 2768 590 2811 tn
603 2769 895 2881 rotmannxqqogrsqzrq,
904 2769 940 2809 aa
954 2767 1215 2810 concnaoarronaa

416 2937 469 2994 lios
486 2936 538 2991 liei
553 2934 711 2991 demumst
727 2933 866 3002 templum
892 2933 1017 3002 futuros,
1040 2932 1065 2986 ci
1083 2933 1217 2987 mutuom

452 3005 769 3136 {gssssss'sstpmwd‘am'
781 3007 809 3060 el
823 3003 856 3058 in
868 3003 997 3060 minimis
1012 3002 1218 3060 observantium

1272 3155 1397 3225 recipiet.
1414 3152 1594 3225 Omnipotens
1608 3152 1682 3208 Deus
1694 3168 1744 3209 ros
1753 3153 1788 3208 ab
1802 3151 1876 3207 omni
1890 3152 1964 3208 malo
1979 3159 2078 3209 custo-

1272 3243 1339 3310 diat,
1356 3251 1384 3300 et
1397 3241 1538 3298 absolutos
1553 3242 1587 3298 ab
1597 3240 1725 3298 omnibns
1740 3241 1858 3313 peccatis
1872 3240 1901 3296 in
1914 3239 1993 3296 bonis
2003 3255 2077 3311 ope-

1273 3333 1350 3389 ribns
1364 3347 1413 3389 ros
1426 3347 1603 3405 perseverare
1613 3330 1707 3388 faeiat.
1723 3332 1820 3389 lmen.
1836 3331 1934 3388 Precor
1947 3337 1978 3387 nt
1990 3329 2077 3387 oretis

454 3193 612 3250 Ansnnnns
627 3189 846 3262 archiepiscopus
872 3191 984 3257 Jornnr,
1000 3187 1095 3260 priori,
1126 3195 1154 3244 et
1168 3187 1219 3245 toti

416 3279 625 3356 congregationi
641 3279 752 3336 Batensi
765 3293 907 3336 serrorum
922 3277 983 3349 Del,
1001 3276 1219 3334 benedictionem

420 3372 480 3438 Dei,
497 3378 524 3427 et
537 3386 624 3438 suam,
640 3370 663 3425 ai
678 3369 743 3442 quid
758 3369 844 3425 valet.
1234 3380 1260 3445 G

456 3458 589 3515 Dominus
604 3459 735 3525 ioannes,
764 3457 832 3513 lator
851 3455 1037 3528 presentium,
1053 3455 1133 3528 petiit
1147 3471 1163 3511 a
1177 3470 1221 3510 me
1275 3436 1324 3495 ⁹¹⁰
1337 3438 1391 3480 ¹¹¹⁰·
1837 3508 1870 3539 m

421 3554 451 3603 ut
463 3545 629 3603 fraternitati
641 3552 740 3603 vestra
753 3544 873 3615 aliquam
882 3544 1059 3602 monitionem
1075 3542 1222 3600 scriberem
1465 3512 1548 3581 421
1566 3508 1742 3568 EPISTOLA
1755 3510 1824 3566 CLII
1873 3552 1880 3566 ·

424 3653 485 3708 quae
500 3642 572 3691 esset
586 3635 695 3709 signum
711 3638 832 3705 paternae
853 3632 1014 3691 dilectionis.
1030 3634 1143 3689 Possum
1159 3631 1223 3703 qui·
1414 3633 1532 3673 ansatur
1550 3631 1588 3674 lt>
1606 3631 1769 3673 urmatten
1788 3633 1807 3672 tt
1824 3632 1930 3672 aaran.

424 3727 489 3783 dem
509 3726 631 3783 breviter
659 3724 892 3796 comprehendere
920 3738 1089 3795 quacunque
1117 3722 1226 3778 vitanda
1281 3730 1313 3787 Ut
1327 3742 1386 3783 non
1407 3726 1507 3781 mittat
1529 3726 1652 3797 pallium
1675 3725 1883 3810 archiepiscopo
1904 3724 2079 3809 libcrocensi

424 3823 496 3882 sunt,
512 3822 539 3869 et
553 3830 614 3885 quae
629 3812 784 3884 appetenda
798 3812 933 3869 dicendo:
948 3812 1066 3869 Destino
1081 3811 1183 3869 omnio
1198 3815 1226 3867 ci
1314 3798 1441 3883 lividum
1461 3801 1633 3866 ⁶0⁷²⁸f⁶rf¹i⁰i
1658 3812 1717 3882 1²0⁶,
1732 3796 1923 3881 Mlidomefii}
1936 3797 2080 3867 filimi».

423 3904 582 3977 [acconam
598 3902 687 3973 (Psoi.
698 3916 797 3965 xxxvi,
808 3902 870 3971 hi>3
885 3898 933 3957 sed
943 3900 1146 3957 convenientius
1156 3899 1228 3955 exis·
1316 3886 1364 3941 ‘1¹⁴‘
1378 3866 1454 3923 “fud
1467 3884 1615 3940 ”unquam
1633 3867 1740 3933 'mmm’
1756 3884 1794 3921 ’Μ
1809 3867 1941 3923 mm
1957 3866 2083 3922 cam·

436 3993 441 4003 .
597 3990 602 4001 .
686 3989 691 3999 .
840 3988 845 4000 .
897 3989 902 3999 .
985 3988 1019 4000 ..
1318 3939 1667 4011 riensisprimoiusnsoo
1687 3940 1828 4007 dipnttote
1848 3938 1976 4003 excidat,
2005 3939 2082 4009 qnod

423 3990 765 4059 timontdeahquavrrtute
774 3996 932 4045 nominatim
941 3989 1102 4060 religionem
1110 3996 1225 4043 vestram
1314 4012 1378 4083 papi
1390 4012 1559 4081 neutiquam
1580 4014 1681 4081 popm·
1702 4007 1829 4081 mim
1856 4012 1885 4065 a
1900 4012 2001 4063 „prum
2018 4010 2083 4076 ημ-

425 4077 599 4136 admoneam.
616 4078 715 4132 llortor
729 4093 796 4150 ergo
808 4085 839 4132 ut
853 4091 949 4148 pacem
965 4091 1075 4132 servare
1090 4075 1161 4132 luter
1173 4092 1224 4132 roa

1317 4082 1535 4138 Teutonicorum
1544 4080 1698 4153 permittet
1709 4080 1983 4149 dorcinuostituror,
1999 4080 2080 4136 sicut

426 4175 483 4224 toto
498 4167 581 4223 corde
594 4164 736 4234 studeatis,
752 4166 814 4237 quic
838 4165 936 4222 dicitur
962 4164 995 4220 de
1023 4166 1082 4222 Deo
1099 4182 1104 4218 :
1121 4166 1224 4222 Factus
1312 4169 1367 4208 m
1382 4152 1491 4223 Afflf'oe
1504 4150 1648 4213 audierat.

428 4260 470 4315 est
479 4260 587 4329 inpncc
597 4257 672 4313 iocur
683 4256 744 4329 ejus
759 4256 847 4325 (Psoi.
860 4270 945 4323 arxe,
957 4255 994 4323 3).
1004 4255 1117 4327 ltaergo
1127 4254 1226 4311 domus
1314 4259 1431 4315 Domino
1445 4265 1472 4314 et
1487 4259 1559 4313 Patri
1574 4258 1714 4331 diligendo
1724 4266 1751 4315 et
1760 4258 1914 4316 reverendo
1928 4258 2079 4327 Passenni,

428 4353 456 4401 et
470 4346 602 4417 templum
617 4343 670 4399 Dei
685 4358 749 4401 vere
765 4343 850 4411 eritis,
866 4343 889 4399 si
904 4357 1001 4415 pacem
1014 4343 1084 4399 inter
1098 4359 1147 4400 ros
1158 4358 1226 4400 con·
1281 4364 1389 4404 summo
1402 4344 1531 4418 pontifici,
1550 4349 1709 4415 bassanus,
1734 4363 1829 4404 servus
1855 4346 1991 4403 Ecclesiae
2003 4346 2083 4402 Con-

428 4441 531 4491 stanter
545 4432 708 4489 habueritis·
731 4431 878 4502 Quemboc
895 4431 977 4489 modo
992 4430 1100 4501 assequi
1123 4438 1151 4488 et
1165 4448 1227 4487 ser·
1280 4436 1479 4503 cauriensem,
1504 4436 1625 4492 debiam
1653 4436 1836 4493 obedientiam
1864 4450 1927 4493 cum
1954 4432 2085 4491 fidelibus

427 4540 490 4583 vare
505 4522 640 4595 poteritis,
656 4521 680 4577 si
696 4522 885 4594 unusquisque
900 4536 955 4577 non
981 4520 1103 4576 intendat
1117 4527 1145 4577 nt
1159 4521 1228 4577 aliua
1282 4524 1459 4581 orationibus.

427 4612 509 4669 faciat
530 4626 605 4667 suam
628 4611 804 4676 voluntatem,
829 4608 877 4665 sed
901 4609 962 4681 ipse
981 4624 1098 4681 semper,
1121 4619 1229 4665 serrano
1318 4612 1454 4682 Quoniam
1476 4612 1607 4669 fortitudo
1635 4619 1663 4668 et
1687 4612 1802 4670 directio
1829 4611 2015 4669 Ecclesiamm
2030 4609 2085 4666 Dei

428 4700 588 4758 rectitudine
604 4706 630 4756 et
643 4698 782 4757 voluntate
801 4698 862 4767 Dei,
884 4698 997 4754 alterius
1024 4696 1114 4754 faueat
1127 4700 1225 4755 volun·
1242 4693 1411 4768 Dmaxime,
1423 4708 1484 4772 post
1498 4701 1584 4757 Deum
1600 4700 1701 4774 pendet
1721 4717 1756 4757 ex
1771 4701 1928 4758 auctoritate
1953 4702 2082 4773 potemi-

1083 4823 1198 4881 Vrlllle
1216 4824 1427 4883 LECTlONES.

465 4921 569 4980 ⁸¹'Cnm
584 4922 678 4981 rodem
693 4922 875 4979 macollnto.
907 4917 1086 4975 ‘’⁰Voluntate
1101 4920 1332 4993 utnnusqnisque
1354 4919 1571 4988 mr.votunrane,
1591 4922 1789 4994 unusquisque.
1822 4919 2081 4977 ''¹Contcntiovnlo

432 5012 485 5052 ms.
503 4994 639 5050 contentio
666 5009 744 5050 rem.
780 4990 924 5051 '¹'Gollolu
939 5006 1003 5049 corn
1032 4990 1127 5048 eodem
1141 5008 1195 5048 mr.
1228 4991 1404 5048 '¹⁸rlnselmos
1435 4992 1566 5048 Ecclesia
1594 4993 1724 5049 cantuar.
1748 5010 1801 5049 ms.
1822 4992 1968 5051 dussimus
1983 5007 2081 5048 marus

432 5065 560 5123 Ecclesiae
575 5064 785 5122 cantuariensis.

1019 5132 1171 5190 lollNNlS
1202 5134 1342 5191 arctant
1367 5132 1484 5190 NOl'AE.

427 5234 579 5292 humilitate
593 5234 695 5289 sacrari
713 5250 743 5289 se
766 5231 895 5302 postulat,
923 5229 1017 5355 inopria
1045 5228 1199 5301 adjutorum
1215 5246 1231 5285 a
1284 5229 1448 5293 futuromm,
1465 5238 1598 5285 servatum
1614 5228 1646 5285 iri
1657 5230 1797 5301 praecipio.
1812 5253 1823 5280 ν
1841 5230 1887 5287 Sic
1901 5228 2081 5295 lanfrancus,

430 5313 506 5363 tanto
520 5320 607 5378 regno
621 5320 675 5359 non
689 5310 809 5361 sacratus
825 5301 964 5358 abscedet.
998 5300 1134 5357 erminum
1150 5301 1229 5370 hujus
1284 5301 1328 5371 qui
1344 5306 1373 5354 et
1386 5299 1529 5371 profitetur
1543 5301 1577 5356 ab
1597 5302 1761 5358 Eboracensi
1779 5302 1972 5370 archipresule
1996 5302 2083 5356 inun-

431 5374 641 5434 consecratioais
656 5374 723 5429 lator
746 5373 920 5447 praesentium
935 5371 1015 5432 robis
1038 5372 1178 5427 indicabit.
1195 5372 1229 5427 Et
1283 5372 1390 5443 gendos
1404 5388 1466 5427 esso
1480 5372 1624 5443 episcopos
1641 5370 1789 5438 Orcadnm,
1806 5374 1841 5427 ita
1856 5382 1947 5429 tamen
1961 5378 1990 5427 ut
2006 5373 2082 5428 Con-

431 5464 468 5505 ne
483 5447 554 5503 forte
569 5445 677 5502 solliciti
692 5445 759 5517 sitis,
789 5450 913 5516 putantes
940 5443 1012 5514 quod
1040 5442 1083 5499 rel
1110 5442 1168 5511 ipse
1185 5445 1229 5500 νο1
1283 5443 1427 5499 tnariensis
1443 5442 1544 5514 primas
1564 5443 1598 5498 ad
1619 5459 1681 5498 eum
1704 5442 1791 5499 mittet
1809 5444 1879 5499 duos
1900 5444 2082 5513 comprovin-

432 5533 609 5575 snocessores
623 5516 684 5586 ojus
699 5518 751 5573 hac
761 5514 906 5573 occasione
931 5530 1012 5585 anper
1028 5511 1161 5569 ecclesias
1177 5530 1227 5569 νο-
1282 5514 1371 5583 ciclos
1382 5514 1535 5585 episcopos,
1566 5513 1611 5585 qui
1627 5514 1651 5568 el
1663 5512 1755 5569 adsint
1781 5513 1816 5569 ad
1843 5515 2081 5598 inaugurationem

431 5598 501 5646 atras
512 5588 558 5658 jus
571 5587 740 5659 praelationis
759 5586 923 5658 quandoque
949 5592 1076 5641 conentur
1093 5584 1226 5653 arripere,
1283 5600 1390 5640 sacram
1406 5585 1589 5656 peragendam
1607 5601 1614 5638 ε
1637 5600 1726 5657 neque
1741 5585 1776 5642 ob
1791 5602 1849 5640 rem
1864 5588 1915 5641 siln
1931 5584 2017 5641 voleat
2033 5585 2082 5639 aii-

431 5662 533 5717 litteras
565 5675 634 5731 quas
673 5658 731 5729 ipse
767 5656 833 5713 mihi
872 5656 1026 5718 transmisit,
1069 5654 1227 5711 fraternitati
1283 5655 1389 5724 qnidin
1406 5655 1535 5723 eosjuris
1563 5655 1714 5710 vindicare.
1747 5656 1824 5712 Unde
1850 5659 1936 5713 ethio
1960 5656 2081 5711 ihomas

432 5740 539 5797 vestrae,
565 5730 777 5787 sollicitudinem
806 5729 841 5783 de
868 5728 957 5781 futuro
985 5741 1096 5797 pereas,
1125 5729 1229 5781 curarit
1283 5728 1421 5797 (adquam
1435 5726 1591 5796 anselmus)
1618 5727 1748 5802 Ecclesiae
1774 5728 1889 5785 Scoticae
1904 5726 2080 5800 designatum

433 5802 628 5861 transmittere.
657 5801 733 5871 Quos
756 5807 784 5856 et
807 5800 854 5855 has
870 5798 950 5871 (quas
973 5796 1051 5853 robis
1064 5797 1227 5878 tmnsmitto)
1282 5796 1438 5870 pontificem
1452 5798 1560 5857 initiare
1575 5813 1628 5853 uon
1645 5806 1763 5870 poterat.

431 5876 460 5933 in
475 5872 597 5934 archivis
614 5872 789 5933 ecclesiarum
818 5877 976 5940 vestrarum,
1002 5867 1039 5925 ob
1067 5882 1227 5925 memoriam
