4750 6725
392 545 427 605 87
674 546 702 607 S.
718 544 871 605 ansata}
886 542 1054 602 cantata.
1071 542 1230 602 taeniae.
1247 540 1323 601 OPP.
1341 542 1430 603 PARS
1449 544 1496 601 lll.
1511 576 1546 587 -
1569 542 1756 602 EPISTOLAE.
2004 540 2042 599 88

398 679 445 729 aut
466 672 591 747 pelaghs,
607 672 755 730 dummodo
770 671 1000 730 liceatconsilinm
1017 671 1187 727 salutisacci·
1204 670 1493 743 Alandi,exspcclatc
1508 688 1580 737 eum,
1597 672 1728 743 quianon
1744 668 1876 739 tardabit;
1892 666 1950 741 ipse
1966 668 2042 726 enim

400 778 466 833 pere
481 761 514 791 ”⁴
528 764 578 818 abs
592 771 628 833 te,
645 764 717 839 quod
733 777 864 835 nusquam
887 776 948 816 essa
972 761 1066 828 credo,
1083 760 1137 814 nisi
1157 760 1192 817 sil

399 851 471 922 apud
487 858 521 908 te.

639 938 887 996 aristolaum.
902 937 947 993 ¹⁸⁵.

588 1061 625 1101 AD
645 1061 792 1102 HONACHOS
811 1061 999 1101 ALBANENSES.

397 1135 533 1193 Hortatur
547 1136 743 1191 monachosud
758 1138 926 1190 continuom
941 1152 1001 1189 sace
1023 1136 1128 1205 repttloe
1143 1136 1191 1193 ob·

510 1208 692 1261 servantiam.
709 1207 788 1276 (Vide
803 1210 883 1276 epist.
897 1208 958 1271 llll),
974 1207 1076 1277 infra.)

430 1297 592 1355 lasciuus,
608 1294 700 1365 gratia
715 1295 763 1349 Dei
784 1294 1005 1365 archiepiscopus
1027 1294 1187 1364 Cantuariae,

1246 768 1287 815 est
1301 760 1410 829 adjutor
1424 760 1451 815 iu
1468 762 1722 831 opportunitatibus,
1739 760 1765 814 in
1781 760 1963 815 tribulatione.
1976 760 2044 816 Om-

1246 850 1371 920 nipotens
1395 851 1467 904 Deus
1489 850 1572 905 corda
1595 859 1684 904 vestra
1705 849 1732 903 in
1755 849 1871 905 servicio
1895 864 1944 904 suo
1974 865 2042 905 cor-

1246 938 1376 994 roborare
1404 938 1530 1012 dignatur
1557 945 1583 995 et
1614 936 1762 995 consolari.
1797 938 1851 995 Oro
1879 956 1938 1010 uos,
1968 950 2044 996 orate

1246 1042 1296 1096 pro
1312 1043 1363 1085 me.

1505 1113 1671 1173 aristote
1686 1118 1728 1173 tv
1743 1114 1784 1173 ²⁹⁷.

1307 1220 1458 1261 utrrrrnurs
1473 1222 1583 1261 aearum
1598 1222 1748 1263 annnonun
1767 1222 1802 1261 tn
1818 1221 1990 1263 insanarum*

1310 1300 1342 1354 llt
1356 1298 1462 1351 modice
1477 1297 1674 1367 qnotidianam
1695 1298 1810 1351 relocet
1822 1299 1976 1370 jejuniam.

394 1383 520 1439 fratribus
538 1380 568 1411 ”⁶
593 1390 619 1438 et
646 1382 708 1437 filiis
736 1384 910 1448 charissimis,
937 1384 1018 1438 domo
1052 1384 1146 1454 priori,
1163 1390 1189 1438 et
1280 1386 1396 1440 Domino
1417 1394 1443 1440 et
1469 1384 1543 1439 Petri
1566 1384 1716 1439 reverendo
1739 1388 1872 1439 hasenaro
1888 1384 1927 1452 ”⁸,
1943 1389 2041 1456 palmae

394 1472 455 1527 aliis
469 1472 556 1528 servis
570 1472 619 1525 Dei
634 1471 661 1527 iu
676 1473 841 1526 monastario
855 1472 947 1527 Sancti
964 1473 1062 1527 Albani
1078 1487 1190 1527 manen·
1245 1474 1319 1529 sedis
1342 1474 1559 1543 archiepiscopo,
1575 1474 1754 1527 llihcrnorunr
1779 1474 1951 1543 omniumque
1976 1490 2044 1545 sep-

394 1560 476 1629 tibus,
493 1562 609 1615 salutem
626 1569 652 1615 ct
665 1560 894 1616 benedictionem.
1245 1563 1435 1617 tentrionelum
1450 1562 1603 1616 insularum
1620 1578 1680 1631 quae
1695 1562 1817 1617 Orcades
1838 1564 1963 1617 dicantur
1978 1564 2042 1633 pri·

340 1649 343 1656 “
429 1650 537 1705 Gratias
551 1664 603 1721 ago
617 1650 687 1715 Deo,
702 1665 720 1704 a
734 1665 787 1719 quo
808 1657 850 1704 cst
861 1664 941 1705 omne
964 1650 1076 1716 bonum,
1089 1658 1115 1707 et
1136 1666 1188 1706 vo·
1244 1650 1547 1715 ma1i‚htnrnuors,ttei
1559 1652 1656 1721 gratia,
1669 1650 1821 1721 Anglorum
1831 1650 2043 1722 reginahumil-

392 1736 508 1810 bis,qui
532 1736 929 1811 servatisejusdnnum,quia
952 1738 985 1793 de
1009 1738 1086 1794 vobis
1108 1739 1188 1794 audio
1244 1740 1310 1793 lima
1334 1739 1393 1809 ejus
1414 1738 1525 1805 aracilla,
1551 1739 1695 1809 praesentis
1720 1738 1782 1793 vitae
1812 1753 1891 1795 cursu
1924 1738 2044 1793 feliciter

392 1840 475 1885 omne
496 1826 609 1882 bonum.
627 1827 759 1882 hiemares
779 1828 854 1881 enim
878 1841 926 1883 vos
948 1842 1007 1882 esse
1030 1828 1189 1882 monstratis
1244 1826 1952 1899 peracto,ads1nem,quiChristusest,pervenire.

392 1914 456 1983 qnia
474 1922 580 1984 oportet
603 1928 652 1970 vos
675 1931 725 1986 per
746 1914 844 1970 multas
868 1915 1053 1970 tribulationes
1077 1915 1188 1971 introire
1279 1916 1357 1985 Quod
1377 1916 1561 1987 quotidianum
1583 1916 1715 1985 jejunium
1729 1916 1786 1987 jam
1802 1916 1934 1970 verteritis
1951 1916 1976 1970 in
1993 1931 2041 1970 na-

392 2002 419 2057 in
434 2018 549 2075 regnum
565 2003 625 2072 Dei,
642 2010 667 2059 et
682 2004 746 2076 qnia
761 2004 871 2059 lenutio
886 2004 983 2073 probat
997 2013 1023 2058 ct
1044 2011 1127 2059 tentat
1139 2005 1186 2073 ju·
1205 2029 1229 2088 Β
1244 2012 1332 2059 turam
1354 2012 1381 2058 ut
1396 2003 1463 2058 nulli
1476 2002 1507 2032 ”⁹
1530 2004 1717 2071 sercdubium,
1730 2004 1763 2059 ita
1778 2004 1900 2059 necmihi
1911 2004 2043 2076 cstigan-

391 2091 813 2163 atum,sidiligat1)eum,cum
832 2092 906 2147 nulla
928 2108 976 2148 vos
1000 2093 1148 2148 adversitas
1171 2108 1188 2147 a
1244 2102 1314 2147 tum.
1337 2091 1471 2162 Quodque
1495 2093 1583 2163 magis
1603 2092 1730 2157 admiror,
1753 2092 1871 2163 plurium
1895 2092 2042 2163 proborum

392 2179 516 2236 custodia
539 2181 624 2236 vestri
646 2181 749 2236 ordinis
772 2181 915 2253 prohibere
937 2182 1092 2252 potestsic
1115 2182 1187 2236 enim
1244 2181 1379 2252 frequenti
1394 2180 1524 2235 relatione
1539 2179 1632 2251 didici,
1649 2187 1750 2250 etpost
1772 2180 1855 2251 longa
1867 2179 1972 2250 jejunia
1987 2196 2044 2237 non

392 2276 552 2338 exspectare
565 2284 660 2324 secure
675 2270 788 2338 potestis
803 2271 944 2341 praemium
960 2269 995 2325 de
1009 2286 1063 2340 quo
1073 2269 1187 2326 dicitur:
1245 2279 1347 2325 natura
1362 2270 1522 2340 postulante,
1540 2270 1587 2323 sed
1602 2268 1726 2340 quolibet
1743 2284 1757 2323 c
1784 2268 1916 2324 famulitio
1932 2268 1963 2295 ⁸⁰⁰
1978 2285 2044 2323 sua-

392 2358 496 2413 Beatus
513 2359 558 2413 air
573 2358 621 2429 qai
637 2358 737 2428 inflari
752 2360 950 2423 tentationem,
967 2360 1110 2431 qnoniam,
1125 2376 1191 2415 cum
1246 2358 1337 2423 dente,
1353 2358 1443 2413 cibum
1457 2374 1565 2414 sumere
1580 2357 1701 2412 solitum.
1718 2358 1783 2413 llaec
1797 2357 1877 2412 etiarn
1901 2373 1950 2413 vos
1971 2364 2046 2413 tanta

398 2446 532 2515 probatas
547 2448 647 2515 inerit,
659 2447 779 2517 accipiet
790 2461 924 2501 coronam
935 2449 1000 2502 aare
1010 2449 1080 2515 (lar.
1096 2466 1116 2515 r,
1133 2449 1188 2517 li).
1248 2447 1403 2518 frugalitate
1420 2462 1528 2501 sumere
1543 2462 1596 2501 uon
1609 2446 1714 2517 ignore,
1726 2453 1754 2499 ut
1774 2446 1861 2516 magis
1880 2445 2046 2514 naturae,jus

392 2530 500 2601 Quanto
512 2549 581 2605 ergo
595 2548 645 2588 ros
660 2532 806 2588 studiosius
829 2535 863 2589 ad
888 2535 1107 2590 conservandum
1130 2552 1192 2592 mo·
1248 2536 1388 2605 proprium
1404 2534 1550 2599 alemendo,
1563 2535 1618 2589 vim
1631 2535 1728 2588 fecisse
1739 2550 1819 2603 quam
1835 2534 1924 2605 legem
1933 2534 2047 2589 solvisse

391 2621 535 2677 nachicum
551 2622 675 2677 ordinem
691 2622 820 2678 insistere
844 2638 993 2695 cognosco,
1012 2630 1088 2679 tauto
1111 2640 1192 2680 secu·
1248 2622 1405 2679 rideamini.
1432 2623 1513 2677 Unde
1538 2638 1601 2677 cum
1625 2622 1727 2687 multis,
1754 2629 1808 2677 tum
1834 2621 1900 2676 mihi
1931 2622 2047 2677 maxime

390 2708 447 2764 rius
468 2724 517 2764 vos
538 2718 654 2781 paterna
679 2711 828 2767 munitione
850 2714 980 2768 exhortor
1003 2719 1141 2781 quatenus
1166 2713 1194 2767 in
1248 2712 1422 2769 metuendum
1439 2714 1528 2765 estne
1546 2718 1617 2765 tanto
1632 2709 1711 2781 patri,
1729 2709 1808 2779 cujus
1823 2726 1882 2765 sitm
1907 2710 2048 2765 beneficiis

390 2797 465 2853 hono
479 2800 620 2869 proposito
636 2802 664 2855 et
678 2800 706 2853 in
719 2800 771 2857 hoc
786 2799 821 2855 ad
833 2800 907 2871 quod
919 2816 968 2856 uus
979 2800 1192 2870 Deusprnrexit‚
1250 2801 1380 2873 obligata,
1397 2808 1452 2853 tam
1468 2799 1533 2853 lorti
1549 2798 1598 2854 Dei
1619 2798 1727 2853 athletae
1749 2805 1774 2853 et
1797 2797 1922 2853 humanm
1942 2806 2047 2853 naturae

393 2886 592 2956 perseveretis;
610 2895 636 2942 et
659 2904 769 2958 semper
788 2888 824 2944 ad
847 2888 1013 2954 melleraie
1038 2906 1087 2959 spe
1110 2889 1196 2943 divini
1250 2888 1355 2953 uictori,
1371 2887 1449 2957 cujus
1465 2887 1633 2941 indeficienti
1650 2888 1745 2958 vigore
1760 2902 1814 2957 pax
1829 2886 1907 2959 regni
1922 2886 2048 2943 sacerdu-

392 2973 498 3040 auxilii,
515 2973 648 3044 proficere
660 2983 687 3030 et
702 2992 841 3047 nunquam
853 2976 968 3033 deficere
984 2979 1099 3032 tentetis.
1115 2978 1195 3047 Quod
1252 2977 1333 3047 tiiqne
1349 2976 1469 3048 dignitas
1483 2974 1592 3031 firmata
1607 2983 1648 3029 est
1663 2983 1743 3046 atque
1758 2974 1879 3042 defensa,
1897 2982 1950 3030 tam
1973 2974 2047 3030 fideli

397 3061 546 3117 efficaciter
561 3063 684 3131 poteritis
699 3062 816 3132 efficere,
833 3065 854 3119 si
879 3065 954 3120 nulla
978 3066 1089 3121 minima
1114 3068 1213 3122 vestri¹
1253 3074 1362 3137 lamque
1378 3064 1504 3135 prudenti
1519 3064 1568 3119 Dei
1583 3063 1777 3132 dispensatori,
1794 3065 1872 3133 cujus
1886 3080 1945 3118 sum
1961 3063 2048 3119 haue-

394 3149 498 3205 ordinis
514 3151 654 3207 volueritis
668 3161 854 3222 contemnere,
869 3156 996 3226 quoniam
1016 3158 1065 3227 qni
1088 3159 1197 3227 spernit
1252 3155 1369 3211 dictione
1384 3154 1411 3207 in
1435 3152 1586 3225 legitimum
1613 3150 1812 3207 matrimonium
1838 3160 1957 3221 sacrata,
1970 3153 2049 3221 cujus

396 3238 521 3306 modico,
535 3242 680 3310 pontelini
691 3242 913 3311 dacidctOEccli.
925 3260 983 3308 xix,
994 3245 1114 3313 libens
1124 3246 1198 3302 ridet
1253 3242 1422 3299 ordinatione
1444 3241 1471 3295 in
1494 3241 1592 3297 terreni
1615 3241 1692 3312 regni
1713 3240 1871 3313 dignitatem
1894 3240 2047 3310 sublimata,

397 3326 462 3402 quid
478 3327 556 3386 robis
571 3330 699 3403 expediat
715 3346 722 3387 τ
739 3329 762 3386 ai
777 3346 882 3389 moram
906 3331 999 3390 fecerit
1023 3349 1073 3392 ros
1096 3350 1197 3391 consu·
1253 3334 1330 3405 cujus
1345 3332 1474 3404 precibus
1488 3330 1515 3386 in
1531 3331 1632 3388 coelesti
1650 3330 1745 3404 gloria,
1763 3331 1820 3386 neo
1844 3337 1989 3398 annuente,
2003 3344 2048 3386 co·

1052 3463 1165 3520 vantra
1184 3460 1391 3518 LECTIONES.

442 3554 622 3612 ”Consilium
644 3557 769 3628 accipere
790 3575 843 3613 ms.
874 3560 942 3616 Vlct.
965 3560 1106 3616 consilium
1131 3559 1223 3614 salutis
1246 3557 1379 3628 accipere.
1396 3555 1538 3612 ”⁵Collnlo
1570 3571 1635 3611 cum
1666 3557 1761 3611 cadmo
1796 3575 1851 3612 rns.
1871 3556 2047 3616 '‘dnselrous

404 3635 518 3684 vocatus
531 3629 756 3699 archiepiscopus
771 3630 971 3685 Cantoariensis
986 3632 1111 3686 iratribus
1135 3647 1188 3686 ms.
1205 3628 1350 3684 Auselmus
1371 3628 1456 3700 gratia
1473 3626 1522 3682 Dei
1533 3627 1767 3699 archiepiscopus,
1785 3627 1926 3684 fratribus.
1945 3628 2048 3688 ”⁷Cum

406 3701 502 3755 codem
517 3717 569 3754 ms.
590 3702 730 3756 Victorino
756 3702 875 3757 collata.
894 3701 1042 3758 ”⁸Domino
1067 3709 1092 3758 et
1122 3701 1193 3756 Patri
1220 3699 1379 3755 Reverendo
1405 3699 1530 3752 Auselmo
1559 3699 1876 3755 ms.Veocrananatri
1903 3703 2046 3760 Anselmu.

411 3768 586 3827 ”verteritis
601 3779 629 3827 ut
643 3771 709 3827 nulli
724 3787 777 3828 ms.
794 3773 897 3828 vertitis
912 3773 941 3828 in
955 3782 1089 3839 naturam,
1105 3783 1132 3827 ut
1145 3771 1223 3828 nulli.
1236 3770 1412 3825 ⁸⁰⁰Famulilic
1427 3785 1478 3824 ms.
1495 3786 1510 3823 e
1526 3768 1668 3824 famulitio.

1005 3896 1151 3952 JOANNlS
1170 3893 1309 3949 etatae}
1327 3894 1444 3950 NOTAE.

406 4000 432 4048 et
454 3991 687 4060 archidiaconum,
712 4001 738 4047 et
760 4002 821 4048 ante
845 3993 980 4049 audivisse
1006 3991 1199 4065 berengarium
1214 3990 1238 4052 C
1252 3991 1354 4046 scheda
1369 3992 1552 4064 manuscripta
1567 3991 1742 4049 Caesaroduni
1758 3993 1894 4050 Turonum
1918 3994 1997 4052 aunis
2012 4007 2050 4054 ru

405 4070 616 4136 praeceptorum,
640 4063 780 4121 Cuillelm.
802 4065 1036 4120 hlalmesberieus.
1053 4063 1200 4132 caeterique

407 4135 537 4202 historici,
554 4136 588 4190 ad
605 4151 685 4204 quam
699 4137 760 4192 vitae
775 4137 923 4191 llilrleberti
937 4143 1042 4207 partem
1058 4136 1116 4204 ejus
1139 4149 1199 4188 mo·

406 4206 539 4260 nachatus
553 4205 646 4262 reduci
661 4207 747 4277 possit
760 4224 815 4262 non
830 4207 920 4263 video.

444 4277 581 4331 Praeterea
595 4279 743 4333 monachos
755 4279 793 4348 (ut
808 4277 926 4334 lacobus
939 4277 973 4333 de
988 4275 1088 4333 Graifrs
1103 4289 1202 4331 mona-

409 4348 476 4402 chus
504 4349 605 4402 Cassia.
632 4358 707 4403 notat
736 4357 810 4419 parte
839 4366 858 4403 ιι
894 4349 1067 4404 Decisionum
1096 4362 1201 4410 aurear,

410 4417 458 4472 lib.
475 4434 514 4481 ιιι,
540 4435 599 4490 cap.
620 4421 665 4489 ιθ)
694 4420 786 4501 nequit
815 4421 967 4490 promoveri
996 4422 1030 4473 ad
1059 4419 1203 4488 dignitates

410 4489 600 4555 Ecclesiarum,
631 4507 694 4562 quoe
721 4500 776 4546 sint
789 4492 902 4547 diversae
917 4490 1096 4560 professionis
1110 4497 1134 4544 et
1149 4492 1201 4542 ha-

408 4560 492 4615 bitus.
509 4561 660 4617 Ecclesiam
675 4579 740 4619 vero
751 4565 986 4617 Cenomaneusem
1003 4572 1057 4614 tum
1073 4564 1134 4629 (nec
1148 4575 1202 4613 non

410 4632 557 4702 hodieque)
572 4633 687 4688 clericos
703 4634 849 4690 canonicos
863 4633 994 4687 babuisse
1010 4633 1091 4702 liquet
1106 4649 1139 4684 ex
1154 4648 1201 4684 su-

408 4703 571 4774 perioribus.
597 4706 654 4759 lmo
683 4705 717 4759 ab
745 4704 820 4759 initio
847 4704 962 4758 clericos
992 4702 1150 4770 regulariter
1176 4709 1203 4754 ct

410 4775 736 4845 exemploapostolorum
761 4775 788 4828 in
812 4789 844 4828 ea
867 4774 975 4839 vixisse,
989 4773 1082 4842 palam
1108 4782 1147 4825 est
1169 4788 1201 4826 ex

410 4860 470 4914 cap.
488 4851 501 4899 3
528 4847 595 4900 Vitae
618 4846 704 4900 sancti
726 4845 844 4910 Panacii,
859 4844 1071 4899 Cenomanensis
1093 4859 1202 4913 quoque

409 4915 549 4988 episcopis
564 4916 635 4987 quod
652 4924 679 4969 et
692 4917 813 4970 loannes
828 4931 843 4968 a
858 4916 944 4970 Bosco
963 4915 1067 4969 notarit
1089 4914 1199 4967 ibidem.

445 4986 609 5041 Electionem
624 4994 716 5040 atatem
740 4985 889 5041 llildeberti
911 4986 946 5041 ad
968 4987 1201 5040 Cenomanensem

409 5058 598 5126 episcopatum
620 5056 750 5112 cecidisse
772 5073 846 5111 anno
875 5061 943 5112 atuh
967 5057 1043 5125 justa
1074 5056 1199 5111 Clrrouic.

409 5127 597 5196 Cluniaoensc,
613 5143 667 5182 nex
681 5127 908 5184 Guillielmillulli
919 5130 1067 5199 Anglorum
1077 5128 1201 5194 regisse·

407 5196 500 5268 perius
513 5207 660 5253 memorata
675 5206 837 5271 patrataque
851 5215 921 5254 anno
940 5202 1005 5254 1100
1021 5198 1144 5265 (testibus
1155 5197 1201 5252 Si-

407 5268 523 5339 geharto
538 5270 653 5339 aliisque
668 5270 701 5324 ad
718 5270 798 5341 epist.
815 5271 847 5323 tu
872 5285 963 5325 ceram
986 5270 1095 5338 notatis)
1112 5269 1201 5338 palam

1254 4069 1280 4118 el
1293 4064 1433 4119 mensibus
1450 4067 1477 4121 6.

1291 4135 1412 4190 Priorem
1443 4136 1551 4204 quidem
1580 4133 1756 4205 chronologia
1781 4143 1886 4216 partem
1914 4136 2050 4195 infirmant

1255 4206 1368 4270 epistola
1385 4206 1496 4260 llonorii
1512 4222 1589 4276 papae
1604 4205 1715 4260 secundi
1730 4210 1787 4276 (an
1801 4211 1906 4262 creatus
1918 4208 2048 4266 fuitanno

1256 4275 1336 4340 titt}
1351 4277 1384 4331 ael
1401 4277 1583 4331 llildebertum
1596 4277 1651 4345 jam
1667 4277 1851 4331 Turonensem
1862 4280 2048 4351 archiepisco-

1255 4363 1333 4416 pum,
1351 4355 1376 4402 et
1403 4349 1552 4402 llildeberti
1575 4363 1735 4416 responsum
1757 4347 1790 4400 ad
1811 4349 1971 4416 Honorium,
1988 4369 2050 4424 qum

1257 4418 1364 4486 quidem
1380 4419 1502 4490 reperies
1518 4419 1596 4488 epist.
1614 4419 1647 4471 et
1662 4426 1688 4472 et
1703 4423 1735 4470 bf
1757 4419 1919 4476 llihleberti.
1937 4423 1974 4476 Ex
1996 4423 2048 4476 ad-

1256 4505 1333 4543 verso
1352 4491 1472 4545 occurrit
1487 4488 1601 4560 epistola
1619 4490 1666 4543 llil·
1692 4489 1724 4542 1).
1742 4489 1879 4554 bernardi,
1896 4508 1957 4546 cum
1983 4493 2048 4548 hor-

1257 4561 1337 4614 tantis
1351 4563 1384 4614 ad
1400 4561 1548 4615 iunocentii
1565 4561 1588 4614 ll
1608 4558 1751 4614 renuntiati
1773 4577 1851 4632 papae
1872 4577 1943 4618 auno
1967 4563 2047 4632 ttae,

1257 4632 1380 4685 tutandas
1397 4640 1495 4697 partes.

1290 4703 1436 4756 Silandem
1452 4704 1572 4757 dieamus
1593 4700 1777 4756 llildebertum
1794 4703 1935 4772 praefuisse
1954 4703 2042 4759 Ceno-

1256 4775 1377 4828 manensi
1394 4773 1524 4828 Ecclesiae
1540 4773 1618 4828 annis
1638 4771 1732 4843 viginti
1756 4787 1864 4842 narem,
1881 4773 1928 4828 fuit
1951 4783 2048 4829 tructus

1255 4846 1348 4899 saltem
1365 4860 1435 4898 anuo
1454 4849 1529 4906 1099,
1546 4859 1561 4897 a
1578 4858 1630 4914 quo
1655 4844 1688 4896 ad
1714 4844 1780 4896 llllll
1806 4845 1939 4899 curaverit
1960 4845 2047 4900 adil-

1255 4917 1327 4970 cium
1342 4915 1491 4984 capitulare
1506 4915 1545 4982 (ut
1561 4915 1676 4984 legimus
1689 4913 1716 4966 iu
1732 4915 1862 4985 principio
1877 4917 2047 4986 narrationis)

1255 5003 1380 5056 annoque
1398 4987 1464 5041 alea
1482 4984 1625 5040 translatus
1640 4984 1674 5038 ad
1698 4985 1830 5053 Turones,
1849 4987 1902 5041 fato
1926 4997 2047 5042 cesserat

1256 5058 1334 5121 11:36,
1350 5056 1599 5126 computandosque
1614 5055 1759 5109 additionis
1774 5072 1882 5110 menses
1895 5057 1957 5110 anni
1974 5059 2046 5113 intc-

1255 5130 1297 5198 gri
1322 5128 1390 5182 rica
1407 5129 1458 5180 Cui
1487 5126 1627 5180 alluhuerlt
1653 5133 1753 5179 lantum
1781 5143 1795 5178 e
1818 5128 1872 5181 isse
1899 5128 2047 5183 Cenomani

1255 5200 1322 5253 duos
1338 5207 1363 5252 et
1380 5198 1470 5266 viginti
1487 5213 1581 5266 annos,
1598 5197 1702 5266 cogitur
1716 5213 1776 5251 eum
1793 5145 1879 5252 ficere
1894 5199 2044 5268 pontilicem

1255 5285 1326 5324 auno
1350 5271 1428 5333 llllll,
1450 5276 1475 5323 et
1497 5269 1729 5338 archiepiscopum
1753 5269 1830 5337 laea,
1855 5284 1886 5325 ac
1909 5279 2046 5340 postremo

407 5339 521 5394 obsistit.
539 5342 599 5408 lpse
615 5356 722 5411 quoque
738 5341 834 5396 eedem
855 5340 926 5396 libro
945 5356 1005 5410 cap.
1024 5341 1057 5394 ιι
1082 5339 1200 5394 oscitao·
1217 5342 1242 5402 D
1257 5341 1412 5395 defunctum
1430 5341 1508 5400 1130.
1524 5339 1605 5408 paulo
1619 5339 1921 5409 postlouoeentiumll,
1933 5341 2045 5396 electum

406 5408 514 5464 tissime
528 5411 596 5466 dixit
610 5412 795 5467 llildebertum
811 5419 930 5467 creatum
954 5412 1039 5466 fnisse
1062 5411 1201 5480 archiepi-

405 5495 517 5549 scopum
541 5482 726 5536 'furonensem
748 5497 823 5537 anno
846 5484 926 5537 tlon.
947 5483 976 5538 Si
998 5485 1069 5537 hunc
1091 5484 1197 5550 lapsum

403 5550 508 5606 tribuas
529 5551 630 5608 labenti
656 5554 837 5625 typographo,
854 5554 953 5607 tribuo.
975 5553 1040 5607 llem
1065 5553 1198 5608 sollicitus

402 5622 557 5677 uideamus.
576 5623 682 5679 Sebeda
697 5624 880 5692 manuscripta
904 5625 985 5677 habet
1009 5622 1195 5678 llildebertum

400 5709 471 5748 anno
500 5697 568 5751 ttae
596 5695 763 5750 Turonensis
793 5695 1044 5764 archiepiscopatus
1081 5693 1194 5748 infulam

398 5772 539 5834 gestasse,
554 5764 663 5822 Tabulae
677 5768 898 5821 Cenomanenses
913 5765 984 5836 apud
996 5765 1194 5821 Democharem

397 5837 524 5894 etll'ion
545 5837 654 5916 signant
677 5838 780 5899 sedisse
802 5836 951 5895 Cenomani
975 5837 1053 5895 anuis
1077 5853 1145 5892 sarx
1167 5846 1194 5894 et

1257 5427 1327 5468 anuo
1345 5413 1411 5466 1130
1427 5411 1460 5464 ad
1476 5425 1521 5463 ιιιιι
1538 5410 1650 5464 Kalend.
1667 5410 1785 5463 Martias.

1293 5483 1345 5539 Sed
1361 5485 1418 5536 hmo
1433 5482 1585 5550 supputatio
1609 5479 1752 5535 dissideret
1766 5480 1800 5534 ab
1815 5479 1889 5535 obitu
1899 5481 2045 5536 llildeberti

1253 5553 1353 5608 mortui
1380 5568 1444 5606 nrm
1468 5551 1597 5606 Deceurb.
1621 5560 1797 5622 praeterquam
1833 5553 1904 5622 quod
1929 5552 2045 5608 coactior

1252 5633 1362 5694 apparet
1378 5621 1597 5693 ualentiorque,
1613 5623 1684 5676 rande
1701 5625 1816 5692 priorem
1831 5622 1969 5677 lubentius
1983 5639 2044 5678 am-

1251 5695 1355 5764 plexor.
1371 5696 1435 5750 llac
1450 5695 1599 5749 excussisse
1622 5702 1648 5748 et
1670 5693 1816 5748 adnotasse
1839 5695 1929 5764 coegit
1951 5703 2044 5764 aperta

1249 5773 1373 5838 tempore
1389 5767 1577 5838 repugnantia,
1593 5779 1674 5838 qnam
1688 5765 1731 5820 vel
1746 5764 1810 5822 caeci
1825 5764 2003 5822 advertissent
2017 5766 2044 5823 in

1248 5837 1446 5912 superioribus.
