4750 6725
324 598 373 651 sai
423 590 427 597 ·
806 592 984 652 arnone.
1004 592 1487 683 eusnnntsmrttruomnus.
1824 590 1827 599 '
1922 618 1975 677 eae

621 737 733 795 cgppp
751 738 821 796 χιι,
1132 721 1271 790 Atacino,
1293 724 1441 781 seeundum
1465 740 1570 798 genera
1592 728 1789 802 cogitationum
1812 734 1974 797 mundorum

344 835 509 895 Similitudo
523 836 604 893 inter
616 851 664 893 cot·
677 838 836 893 demonum
851 840 881 893 el
895 834 1102 895 molendinum.
1175 825 1237 880 ⁴1¹¹ae
1251 810 1323 867 Μ’
1338 812 1495 871 mummi·
1522 814 1561 871 E*
1584 815 1627 873 Μ’
1650 828 1742 877 ¹⁰¹⁰s¹¹
1762 818 1976 897 ⁰⁰ss³²⁸li⁰¹1ffll¹⁸

361 934 415 991 Cor
428 934 528 991 etenim
542 942 663 990 nostrum
677 934 769 991 simile
783 937 822 991 esi
836 933 991 991 molendino
1013 950 1122 1005 semper
1176 897 1295 969 mundis,
1310 907 1337 956 ⁰²
1350 900 1407 958 ⁰⁰⁰
1428 918 1476 959 ‘³⁸⁵
1496 904 1641 973 ⁰⁰ssi²⁸¹¹d⁰
1656 907 1786 978 dfflefflils
1802 920 1828 967 0²
1843 920 1976 973 aeternem

324 1024 450 1090 molenti,
465 1023 538 1096 quod
556 1023 684 1079 dominns
706 1023 818 1095 quidam
840 1023 950 1081 cnidum
973 1038 1051 1080 servo
1073 1040 1123 1081 suo
1175 986 1228 1041 &bi
1251 986 1334 1045 mm
1355 989 1469 1091 mum}
1487 992 1541 1092 [⁸³
1562 1008 1626 1050 '⁰¹¹⁰
1648 995 1799 1095 ‚dfiflbfflflffl
1823 1016 1872 1057 ⁰⁰¹⁸
1894 1018 1973 1060 ⁸⁰¹¹OE

323 1112 531 1169 custodiendum
545 1112 632 1179 dedit,
646 1112 812 1183 precipiens
825 1111 850 1168 ei
872 1121 904 1167 ιιι
927 1126 1005 1168 suern
1020 1120 1123 1168 tentum
1177 1089 1353 1147 ‘mmmm
1372 1087 1534 1149 pe‘mffiem·
1551 1096 1615 1138 '¹¹⁰¹
1629 1091 1695 1139 ”¹¹⁸
1716 1100 1767 1155 pel
1789 1103 1884 1146 ⁸0⁰⁵OE
1908 1108 1978 1163 pro·

322 1215 472 1270 annonem,
496 1201 624 1259 videlicet
646 1201 821 1270 frumentum,
844 1201 887 1257 uel
912 1201 1054 1271 hordeum,
1079 1198 1123 1257 rel
1176 1163 1346 1265 “fedifmmn
1374 1166 1454 1238 jum
1481 1184 1583 1241 genem
1611 1172 1806 1245 ⁰⁰Ki²⁸²i⁰¹¹⁰m
1841 1178 1977 1239 ¹⁰⁰¹⁸l¹¹¹¹¹

322 1291 405 1347 etiam
420 1302 544 1360 mmm,
560 1294 588 1345 m
602 1306 636 1347 ω
650 1292 734 1346 mola,
748 1288 789 1359 ⁸⁰⁸,
806 1298 834 1346 e,
848 1306 883 1347 u
895 1290 995 1346 eodem
1007 1286 1039 1317 m
1051 1288 1124 1361 quod
1177 1268 1238 1325 quae
1253 1262 1324 1309 intus
1340 1254 1498 1312 volvuntur.
1511 1258 1576 1315 llaee
1587 1267 1677 1317 autem
1690 1269 1717 1317 et
1730 1262 1788 1321 lieo
1799 1266 1977 1327 vehementer

1178 1340 1333 1413 displicent,
1349 1358 1400 1400 nec
1424 1346 1504 1403 homo
1529 1362 1562 1402 ex
1586 1349 1628 1405 eis
1651 1349 1753 1407 rictum
1776 1353 1829 1409 sibi
1849 1358 1976 1430 acquirit,

1178 1430 1226 1487 sed
1242 1440 1368 1487 mortem.
1401 1432 1470 1489 Cum
1485 1434 1557 1491 enirn
1570 1437 1604 1492 nd
1619 1436 1699 1494 linem
1714 1440 1828 1513 quisque
1842 1460 1977 1514 perrene-

1178 1520 1369 1591 unquentum
1385 1520 1448 1577 boni
1471 1524 1515 1579 vel
1540 1524 1604 1581 meli
1627 1542 1698 1583 nunc
1721 1529 1857 1600 moluerit,
1873 1538 1977 1591 tentum

1178 1606 1310 1665 advitam
1335 1610 1378 1667 vel
1404 1618 1519 1667 mortem
1549 1612 1600 1668 sibi
1624 1625 1808 1686 preparatum
1836 1621 1972 1681 inveniet.

1178 1696 1280 1752 Verum
1299 1697 1440 1754 sciendum
1453 1698 1487 1728 ⁸¹¹
1500 1700 1563 1772 quia
1588 1702 1684 1759 horum
1705 1706 1874 1779 molentium,
1890 1710 1918 1767 id
1938 1721 1979 1769 oet

1179 1783 1209 1841 in
1222 1786 1274 1841 hnc
1288 1787 1344 1843 uita
1359 1787 1551 1859 laborantium,
1567 1792 1617 1847 tria
1631 1806 1733 1867 genere
1747 1804 1822 1855 sunt.

321 1379 461 1447 moluerit,
476 1378 535 1450 ipse
548 1379 632 1435 uiuet.
656 1380 756 1435 ilerum
779 1379 821 1434 illi
846 1394 926 1435 servo
941 1378 1051 1451 qnidam
1067 1377 1123 1433 ini-

320 1470 453 1537 micetur,
468 1466 516 1539 qui
528 1467 594 1524 inuio
605 1468 761 1524 molendino
784 1482 893 1539 semper
905 1467 1062 1531 insidielnr;
1077 1465 1125 1538 qui

320 1556 471 1629 siquando
493 1556 562 1612 illud
576 1572 693 1613 recuum
707 1557 856 1626 invenerit,
880 1564 927 1612 ont
949 1570 1062 1613 arenem
1085 1554 1125 1611 ibi

319 1644 414 1701 stetim
429 1644 540 1716 projicit
555 1661 617 1715 que
641 1645 709 1700 illud
732 1645 858 1717 dissipet,
880 1653 927 1701 aut
950 1644 1041 1716 picem
1064 1660 1126 1715 qute

320 1734 504 1808 conglutinat,
529 1742 574 1789 ant
599 1733 704 1804 aliquid
730 1734 803 1805 quod
826 1733 921 1803 ioedal,
947 1742 993 1789 eut
1015 1732 1126 1803 peleem

319 1840 388 1895 qnae
402 1831 505 1879 tontum
529 1821 600 1877 illud
622 1830 745 1893 occupet.
768 1822 869 1878 Servus
891 1820 976 1894 igilur
997 1822 1045 1879 ille
1059 1819 1126 1885 '¹'si

323 1912 515 1969 molendinum
538 1926 615 1965 suum
630 1910 700 1966 bene
714 1910 879 1979 custodierit,
905 1909 1064 1983 dominique
1086 1909 1127 1965 sui
1469 1897 1584 1955 CAPUT
1607 1898 1691 1956 XLII·

320 2009 427 2057 tentum
440 2014 577 2055 annonem
593 1999 621 2053 in
634 2014 668 2055 oo
683 1999 819 2068 moluerit,
830 1999 929 2054 munde
940 2014 975 2054 ex
986 2014 1020 2055 eo
1035 1998 1127 2054 farine
1255 1991 1418 2051 Similitudo
1432 1992 1510 2051 inter
1523 1996 1663 2055 moleolee
1678 2001 1708 2056 el
1725 2000 1899 2063 laborantes.

322 2089 466 2163 egreditur
476 2088 555 2158 jnete
571 2104 659 2160 genus
681 2103 798 2143 ennonae
820 2104 882 2159 quae
905 2086 976 2143 inlus
999 2071 1166 2144 molitur.B
1215 2088 1283 2147 Haec
1310 2096 1400 2149 euwnn
1424 2090 1475 2147 tria
1498 2108 1600 2165 genere
1614 2092 1646 2123 ”⁸
1661 2097 1736 2153 uelut
1760 2106 1897 2160 ireseum
1924 2102 1978 2163 lto·

319 2181 368 2236 Ex
390 2178 488 2235 eodem
510 2185 602 2234 autern
624 2177 698 2249 quod
721 2176 864 2244 moluerit,
890 2184 917 2232 et
937 2176 1049 2232 domino
1073 2192 1122 2233 suo
1176 2176 1322 2245 mines,de
1336 2194 1513 2251 mensusque
1528 2181 1562 2237 ud
1577 2198 1722 2255 vesperam
1736 2191 1978 2250 menumolentee.

320 2267 417 2337 servit,
432 2266 539 2338 sibique
552 2266 603 2337 ipsi
618 2266 721 2321 uictum
743 2264 866 2335 ecquiril.
891 2264 920 2321 si
943 2279 1006 2321 uero
1025 2264 1121 2319 inimi·
1176 2264 1281 2323 florum
1304 2267 1395 2338 inque
1419 2268 1524 2339 primus
1550 2270 1682 2343 quidquid
1710 2273 1839 2333 molitio
1867 2295 1976 2339 succum

319 2372 388 2415 curn
411 2371 488 2413 suum
512 2355 617 2411 riolere
640 2353 829 2410 molendinum
853 2368 931 2409 suum
959 2352 1121 2425 permiserit,
1176 2354 1288 2426 suscipit
1302 2363 1328 2411 el
1342 2355 1492 2413 ebuondit.
1521 2357 1598 2415 Alter
1611 2374 1677 2417 vero
1691 2370 1798 2433 perlem
1812 2367 1895 2438 cepit,
1910 2384 1978 2439 per.

319 2444 399 2501 mele
413 2460 447 2500 ex
461 2460 494 2500 eo
509 2442 597 2499 tanna
610 2442 744 2513 procedit,
770 2442 832 2513 quia
854 2442 928 2497 mela
952 2448 993 2497 est
1015 2456 1124 2498 annone
1178 2451 1232 2499 lom
1248 2442 1275 2497 in
1290 2442 1391 2501 llumen
1405 2445 1573 2519 negligentia
1594 2446 1692 2506 cedere
1716 2453 1855 2522 permittit,
1870 2466 1976 2527 perlem

318 2548 405 2606 quem
419 2532 505 2589 molit.
522 2531 587 2587 lluee
600 2540 691 2587 autem
706 2530 802 2599 surina,
824 2538 852 2585 el
875 2532 1051 2587 vehementer
1064 2528 1123 2585 dis·
1177 2545 1246 2588 vero
1266 2540 1364 2588 cronius
1387 2533 1472 2605 rupit.
1498 2533 1602 2591 Tertius
1627 2545 1717 2595 antem
1744 2541 1874 2613 quidquid
1889 2545 1977 2613 molit,

319 2623 407 2694 plicet
420 2621 532 2678 domino
543 2620 593 2687 illi,
608 2636 658 2675 noc
672 2636 768 2676 seruus
780 2634 815 2675 ex
829 2635 863 2675 eo
876 2618 928 2673 sibi
945 2618 1057 2689 uictum,
1076 2617 1125 2676 sed
1178 2617 1296 2690 impetos
1309 2620 1426 2677 fluminis
1447 2604 1538 2681 secum
1555 2624 1624 2681 tollit
1647 2626 1690 2683 vel
1712 2636 1810 2685 vontus
1837 2630 1975 2690 dissolvit.

322 2710 428 2767 famem
447 2709 590 2780 conquirit.
613 2710 672 2765 lloc
695 2710 786 2779 itaque
808 2706 995 2764 molendinum
1018 2723 1126 2778 semper
1178 2708 1311 2765 Veniente
1327 2725 1449 2780 uespere,
1464 2712 1575 2783 quando
1589 2728 1604 2769 e
1619 2714 1711 2771 lnbore
1725 2725 1853 2789 cessetur,
1869 2728 1897 2777 et
1914 2721 1979 2779 iru-

322 2799 433 2872 eliquid
455 2800 570 2867 molens,
586 2813 633 2854 cor
647 2806 688 2853 est
703 2800 866 2866 homanum,
890 2796 999 2853 assidue
1020 2795 1125 2868 eliquid
1178 2804 1239 2854 ctus
1254 2797 1355 2853 laboris
1369 2798 1523 2871 inquiritur,
1538 2801 1603 2871 quid
1626 2810 1706 2872 pules
1727 2804 1852 2881 cingulos
1865 2808 1978 2867 hebitu-

321 2889 464 2960 cogitens.
492 2888 549 2943 Hoc
569 2888 642 2943 Deus
664 2886 813 2956 unicuique
834 2884 938 2941 homini
962 2884 1125 2941 seruandum
1178 2887 1246 2942 ros‘l
1261 2883 1313 2955 Qui
1326 2884 1446 2943 lerinum
1471 2894 1555 2946 lolem
1576 2892 1733 2959 reservavit,
1751 2900 1836 2952 toturn
1856 2897 1980 2957 laborem

324 2977 450 3044 tradidit,
462 2974 650 3047 jubensutin
664 2990 697 3031 eo
712 2971 846 3030 voluat*
862 2973 924 3029 illos
947 2980 1050 3029 tanturn
1074 2988 1124 3029 co·
1177 2990 1258 3029 suum
1284 2973 1354 3031 beno
1376 2977 1544 3049 recognovit.
1574 2976 1627 3047 Qui
1650 2996 1716 3037 uero
1737 2990 1842 3054 perlem
1856 2985 1979 3061 collegit,

322 3066 429 3138 giletus
441 3062 473 3093 ”⁰
487 3080 554 3135 quos
567 3063 627 3133 ipso
650 3062 783 3135 suggerit.
808 3060 931 3131 Quorum
954 3061 1124 3135 cogitatuum
1179 3060 1362 3119 indelaetetus
1385 3072 1426 3121 est
1449 3065 1522 3137 quod
1534 3065 1647 3135 nebule
1674 3068 1741 3126 inde
1765 3079 1855 3131 eutem
1868 3084 1980 3133 moeslns

322 3154 373 3211 elii
388 3161 418 3209 nt
430 3152 604 3219 frumentum,
627 3151 674 3207 alii
695 3160 725 3206 nt
744 3150 887 3220 hordeum,
913 3150 960 3207 elii
985 3157 1014 3205 ut
1037 3165 1126 3208 avane
1180 3154 1232 3219 est,
1249 3152 1322 3222 quod
1337 3160 1419 3209 uento
1433 3161 1480 3209 nul
1492 3154 1521 3209 in
1535 3153 1645 3213 flumine
1659 3157 1760 3215 emisit.
1790 3159 1842 3232 Qui
1857 3176 1923 3219 vero
1937 3172 1982 3221 to-

322 3250 398 3299 sunt.
413 3240 475 3297 Puri
489 3240 591 3313 qnippe
612 3247 640 3296 ul
661 3239 827 3295 frumentum
850 3245 926 3308 sunl,
941 3253 1014 3310 quos
1033 3238 1126 3296 enime
1180 3248 1236 3296 tum
1251 3240 1349 3310 amisit,
1366 3256 1399 3298 eo
1414 3242 1517 3299 tristior
1533 3252 1584 3301 est.
1606 3244 1720 3303 Flumen
1742 3263 1793 3320 pro
1820 3251 1913 3309 secuit
1929 3252 1981 3311 de.

322 3331 456 3404 replicet,
483 3346 546 3387 cnm
570 3329 598 3386 in
621 3327 852 3399 contemplatione
880 3326 970 3400 posita
996 3342 1065 3399 pure
1091 3327 1126 3384 de
1179 3344 1262 3387 cursu
1276 3328 1417 3402 accipitur,
1429 3338 1511 3390 rento
1525 3348 1592 3390 uero
1606 3332 1694 3407 gloria
1709 3335 1866 3412 designetur
1876 3339 1983 3414 inenie;

321 3421 385 3477 Deo
407 3419 523 3492 cogitat.
551 3417 584 3474 lli
611 3421 702 3473 eutem
730 3415 836 3474 hordeo
863 3416 1049 3472 assimilentur
1077 3415 1124 3488 qni
1140 3426 1166 3491 c
1180 3417 1369 3475 molendinum
1383 3420 1457 3492 quod
1473 3428 1528 3478 tole
1541 3421 1587 3479 die
1600 3422 1688 3491 molit,
1703 3439 1823 3495 presens
1839 3427 1919 3486 labor
1933 3431 1984 3488 ltu·

324 3509 362 3565 de
377 3509 475 3564 uirtute
487 3507 516 3561 in
531 3507 669 3573 uirtutem,
685 3504 762 3578 qussi
785 3519 836 3575 per
860 3503 992 3576 quosdam
1007 3504 1128 3571 labores,
1180 3505 1229 3579 J‘us
1242 3504 1273 3535 '¹‘
1285 3506 1390 3576 seculi,
1406 3509 1451 3579 qui
1464 3523 1481 3564 a
1495 3525 1576 3566 mene
1589 3527 1675 3584 usque
1689 3513 1724 3568 ed
1739 3529 1884 3586 coeperam
1909 3535 1982 3576 nun·

324 3596 476 3654 ascendere
500 3593 677 3651 meditentur.
697 3593 730 3648 lli
746 3593 867 3660 etenim,
891 3591 954 3650 licet
975 3593 1030 3648 sint
1053 3592 1129 3659 boni,
1183 3609 1266 3666 quam
1281 3593 1350 3650 finit.
1373 3596 1453 3652 Mane
1475 3596 1555 3656 nobis
1578 3606 1636 3656 erat
1660 3601 1768 3671 quondo
1792 3603 1848 3660 neti
1868 3605 1979 3678 fuimns,

323 3687 418 3744 micus
438 3691 528 3741 tomen
550 3681 737 3754 superioribus
764 3689 826 3738 sunt
851 3680 976 3752 perlecti.
1002 3680 1046 3736 illi
1062 3695 1129 3738 roro
1185 3697 1297 3754 uespere
1320 3699 1386 3741 uero
1405 3684 1455 3740 erit
1469 3685 1580 3756 quondo
1593 3703 1644 3758 per
1657 3689 1753 3746 mortis
1774 3690 1895 3750 debiturn
1916 3695 1983 3754 hinc

326 3783 391 3832 sunt
414 3780 444 3830 nt
466 3787 562 3842 evene,
594 3771 691 3845 quibus
719 3773 803 3827 homo
828 3769 944 3826 intendit
970 3783 1020 3825 sne
1047 3770 1129 3826 deee-
1184 3771 1366 3828 transibimus.
1382 3773 1501 3844 Tempus
1523 3773 1615 3847 itaque
1638 3793 1761 3848 praesens
1779 3779 1839 3836 dies
1862 3790 1904 3840 cst
1926 3799 1979 3855 quo

325 3881 388 3923 rere
412 3863 499 3928 vitia;
522 3861 588 3918 boni
611 3875 730 3930 nemque
752 3867 814 3916 sunl
834 3860 862 3916 et
884 3857 939 3927 isti,
964 3858 1013 3915 sed
1035 3865 1129 3916 temen
1183 3860 1313 3918 lebornre
1326 3859 1547 3928 debemus‚unde
1556 3861 1710 3937 incoepere
1719 3867 1854 3926 vivamus.
1863 3870 1897 3928 tit
1911 3871 1980 3930 sieut

325 3952 544 4025 imperfectiores
569 3949 721 4021 predictis.
749 3948 806 4004 llos
832 3947 922 4018 inque
951 3961 1047 4004 omnes
1072 3949 1131 4004 uult
1183 3950 1267 4016 mole,
1283 3949 1386 4006 circum
1404 3951 1477 4008 circa
1493 3950 1582 4020 ductu,
1599 3952 1635 4010 ed
1655 3954 1782 4014 eumdem
1803 3973 1913 4031 semper
1936 3961 1981 4020 lo·

326 4045 401 4100 Deus
414 4049 444 4098 ut
457 4042 539 4098 homo
553 4045 609 4096 toto
623 4037 706 4095 corde
721 4035 855 4104 revolvet,
871 4043 898 4094 et
912 4051 945 4092 ex
960 4035 1064 4093 eisdem
1076 4035 1129 4092 sibi
1183 4053 1246 4095 curn
1259 4037 1411 4108 revertitur,
1427 4038 1468 4096 oio
1490 4037 1569 4097 labor
1592 4040 1643 4098 islo
1663 4042 1782 4118 cingulis
1805 4048 1883 4104 annis
1906 4065 1982 4109 ruore

328 4133 433 4189 victum
447 4137 581 4187 aeternum
596 4125 731 4197 nequiret.
756 4123 811 4182 Sed
826 4123 890 4196 quia
903 4124 1007 4180 homini
1021 4140 1131 4196 semper
1182 4125 1263 4183 solito
1277 4125 1429 4183 reiteratur.
1452 4125 1533 4184 llodo
1556 4143 1674 4203 nemque
1696 4140 1799 4205 aretur,
1824 4136 1982 4209 seminetur,

326 4221 490 4278 adversetur
504 4215 640 4285 diabolus,
656 4221 684 4271 et
698 4228 806 4284 semper
827 4213 972 4269 insidietur
994 4213 1071 4269 cordi
1092 4214 1128 4270 il·
1184 4214 1302 4282 metitur,
1317 4213 1487 4286 peniflcetur,
1500 4217 1654 4276 comeditur
1668 4221 1740 4291 quod
1755 4221 1852 4280 itemm
1866 4225 1982 4286 edident

326 4309 390 4375 lius,
406 4306 480 4379 qnod
495 4305 518 4361 si
533 4301 680 4375 aliquando
691 4316 807 4360 vacuum
828 4301 907 4357 bonis
920 4301 1131 4373 cogitationibus
1184 4302 1339 4360 revortitur.
1361 4301 1393 4358 ln
1413 4319 1527 4374 uespere
1541 4319 1622 4378 ergo,
1637 4309 1749 4378 quendo
1763 4308 1870 4368 dicem
1885 4331 1892 4370 :
1913 4315 1982 4374 l'ccu

326 4395 475 4464 invenerit,
500 4393 591 4449 stetim
614 4391 710 4462 replet,
735 4390 758 4446 si
780 4396 881 4461 potest,
901 4389 992 4446 malis.
1027 4390 1130 4446 llamrn
1183 4389 1980 4474 operariaemtrmmttosmerccdcmeuumlltatti.,xx,

327 4493 418 4542 antem
438 4483 584 4550 malcrum,
599 4479 661 4536 aliae
675 4493 724 4535 cor
736 4478 882 4549 dissipent,
897 4486 927 4533 ut
941 4478 989 4535 irae
1010 4487 1038 4534 et
1056 4477 1129 4535 invi·
1184 4481 1223 4550 8),
1239 4477 1403 4536 letebnntur
1414 4479 1491 4550 justi,
1508 4487 1563 4536 tota
1591 4481 1680 4538 larino
1700 4493 1814 4554 munte,
1830 4487 1859 4544 id
1873 4497 1915 4546 est
1928 4492 1983 4548 uite

325 4572 475 4631 dioe.lilioe
488 4569 677 4642 conglutinant
688 4576 716 4626 et
730 4567 915 4639 coinquinent,
927 4573 957 4623 nt
970 4567 1131 4641 gastrimer-
1183 4583 1242 4624 sue.
1258 4565 1313 4623 Alii
1328 4581 1393 4623 roro
1421 4566 1466 4640 qui
1490 4583 1545 4626 non
1568 4583 1630 4626 cern
1646 4574 1731 4629 lolem
1752 4585 1937 4647 semeveunol,
1952 4579 1980 4638 in

326 4662 384 4736 gioe
406 4667 433 4716 et
455 4658 581 4715 luxuriae.
606 4657 676 4714 llice
700 4665 803 4712 tentum
826 4662 973 4727 occupent,
998 4664 1028 4712 nt
1049 4673 1128 4714 uentu
1184 4657 1237 4712 hoo
1250 4654 1447 4720 messuerunt:
1464 4653 1518 4714 len
1533 4663 1633 4728 temen,
1650 4659 1722 4731 quod
1736 4676 1771 4718 ex
1784 4673 1862 4734 perte
1876 4665 1980 4726 laboris

326 4763 385 4807 non
399 4745 430 4780 “¹
444 4746 525 4804 nimis
538 4747 654 4804 nocive.
676 4745 727 4802 llic
741 4745 827 4818 igitur
841 4745 935 4814 ltorno,
948 4745 973 4800 si
988 4760 1037 4802 cor
1050 4762 1130 4802 snum
1146 4743 1228 4840 Doni
1243 4744 1330 4802 Deum
1344 4753 1571 4818 recognoverunt.
1583 4747 1682 4804 Verum
1696 4749 1743 4806 alii
1758 4751 1804 4823 qni
1818 4767 1900 4813 omne
1913 4764 1982 4814 tem·

327 4839 402 4895 bene
411 4836 579 4902 custodierit,
594 4842 757 4905 senetosque
769 4830 904 4906 cogitatus
927 4832 955 4888 in
978 4847 1012 4890 eo
1037 4834 1130 4892 reuol-
1186 4850 1238 4906 pus
1250 4849 1329 4890 suum
1342 4832 1371 4889 in
1385 4833 1504 4892 renitele
1516 4843 1630 4906 ponunt,
1655 4843 1682 4894 et
1707 4839 1780 4909 quod
1801 4839 1906 4900 iaciunt
1924 4860 1980 4904 non

327 4928 411 4995 uerit,
426 4925 529 4982 munde
539 4939 590 4995 per
603 4923 739 4990 osrerlte,
753 4922 828 4980 velut
849 4937 901 4993 per
922 4921 1046 4980 loremen
1065 4937 1130 4980 mo·
1181 4921 1217 4978 cb
1232 4923 1351 4979 humeae
1371 4921 1452 4979 leude
1474 4922 1654 4994 ebscondunl,
1669 4926 1745 4997 quiesi
1759 4943 1841 4988 omne
1859 4932 1978 4992 studium

329 5014 445 5082 lendini,
461 5013 635 5079 emittuntur;
651 5011 769 5066 mundns
781 5026 832 5082 per
844 5010 938 5066 oculos
948 5009 1031 5081 risus,
1045 5027 1129 5067 mun·
1180 5010 1245 5069 riter
1262 5025 1318 5068 sttae
1330 5010 1358 5066 in
1371 5009 1515 5067 decursum
1529 5009 1648 5069 fluminis
1670 5014 1825 5088 projiciunt,
1842 5019 1976 5080 lenium.

326 5103 380 5160 dus
393 5117 444 5174 per
458 5117 538 5158 aures
551 5100 669 5169 unditus,
685 5099 802 5155 mundns
812 5115 863 5171 per
875 5114 908 5155 os
921 5107 1028 5174 gustne,
1044 5116 1128 5158 mnn-
1182 5115 1235 5174 qne
1247 5114 1325 5156 suem
1348 5106 1429 5156 vento
1451 5099 1638 5172 committunt;
1654 5102 1765 5162 undeet
1778 5106 1807 5164 in
1831 5105 1896 5180 line,
1904 5126 1982 5184 peno

326 5191 537 5263 dnspernares
555 5190 695 5258 odoratos,
711 5189 827 5244 mundus
849 5203 900 5260 per
922 5192 1008 5246 totum
1030 5205 1129 5261 corpus
1180 5189 1245 5247 uite
1259 5195 1365 5246 aetomae
1379 5183 1411 5216 “⁸
1425 5186 1564 5244 carebunt.
1583 5187 1630 5247 Vre
1644 5189 1720 5248 illisl

980 5390 1094 5448 VARIAE
1115 5389 1325 5450 mentones,

363 5543 395 5577 ”⁸
411 5547 441 5602 ln
454 5559 485 5602 ee
498 5542 584 5600 molet
597 5556 665 5600 mu.
680 5540 707 5596 in
722 5556 755 5598 eo
768 5539 864 5598 molet.
918 5538 950 5571 Μ
962 5541 999 5600 Ut
1020 5557 1055 5599 ex
1074 5541 1172 5600 eodem
1184 5560 1254 5602 mee.
1270 5543 1302 5598 l.
1319 5544 1332 5599 l
1349 5545 1379 5600 el
1399 5537 1461 5600 Vtct
1483 5539 1518 5599 ts
1539 5543 1569 5600 ei
1584 5541 1658 5602 etot.
1669 5545 1763 5608 Coloe
1775 5556 1801 5607 el
1811 5565 1846 5610 ex
1868 5556 1975 5620 eodm

328 5617 360 5650 ⁸⁸⁸
374 5619 476 5676 Servos
489 5623 582 5672 entem
595 5614 642 5669 ille
654 5628 723 5668 mee.
738 5616 767 5669 et
780 5612 856 5669 nott.
872 5613 966 5672 Coloe
982 5613 1083 5671 Serene
1094 5615 1177 5686 igitur
1189 5613 1237 5670 ille
1250 5612 1281 5642 ⁸⁸·
1292 5613 1325 5670 Ut
1339 5613 1366 5669 in
1380 5627 1414 5670 eo
1427 5613 1513 5670 molet
1526 5629 1584 5672 mee
1597 5623 1626 5672 ut
1639 5617 1667 5672 in
1681 5632 1716 5674 eo
1729 5621 1830 5680 volvet.
1867 5623 1899 5656 ‘⁹’
1908 5629 1978 5688 'l'en-

330 5697 386 5746 lntn
401 5689 524 5762 cogiuns
536 5701 605 5742 mee.
621 5691 726 5740 motum
737 5683 871 5755 cogitatus
917 5681 949 5714 ”¹
963 5685 997 5741 Ul
1010 5700 1091 5742 reue}
1103 5685 1203 5759 glories
1216 5699 1270 5743 non
1292 5699 1361 5742 neec.
1376 5685 1408 5740 l.
1430 5687 1442 5741 l
1460 5689 1490 5742 el
1507 5685 1624 5743 Victis
1647 5693 1678 5743 ιιι
1697 5703 1776 5748 rane
1795 5709 1850 5751 non
1898 5687 1931 5728 ὴ·
1943 5702 1977 5760 1„

327 5777 384 5818 nee.
399 5763 432 5818 l.
449 5763 462 5815 t
478 5759 583 5831 incipit
597 5757 612 5828 l
627 5755 662 5812 nl
674 5755 719 5856 '2¹1⁸
732 5755 822 5812 mlle
836 5772 846 5809 .·
861 5769 954 5811 uerum
966 5753 1119 5840 sciendum,
1132 5759 1188 5814 etc.
1204 5753 1235 5784 ”⁸
1249 5755 1314 5812 ilco
1325 5761 1417 5813 eutem
1432 5753 1484 5840 trie
1496 5771 1609 5858 genem,
1625 5758 1700 5842 uelut
1711 5777 1765 5818 me.
1776 5760 1848 5823 νισι.
1859 5771 1888 5824 el
1899 5769 1974 5831 ειη,

326 5833 569 5976 gssoengcoessotcm
582 5825 666 5887 reiut
722 5824 844 5884 Praesens
856 5824 937 5884 leben
944 5826 1025 5900 ungue
1037 5842 1105 5888 mee.
1121 5842 1242 5902 precem
1255 5835 1297 5886 eel
1305 5825 1384 5886 leber
1393 5826 1484 5900 oman.
1540 5829 1624 5890 Pente
1636 5836 1700 5890 vilre
1708 5843 1819 5892 tetemae
1831 5853 1885 5897 nee.
1906 5839 1974 5902 l'let.
