4750 6725
333 575 382 635 397
880 563 1043 624 HISTORIA
1061 563 1245 625 NOVORUM.
1261 595 1296 606 -
1311 564 1374 622 tta.
1390 565 1424 622 ll.
1926 577 1978 632 39⁸

331 705 384 762 Sed
405 717 439 757 oe
462 698 551 755 cordis
573 697 632 766 ejus
646 692 757 749 affectus
777 691 929 764 perveniret
944 688 1168 758 adeffectum,A
1218 693 1372 762 Insequenti
1394 700 1483 748 autem
1510 710 1602 752 mense
1623 698 1748 770 Augusto
1763 714 1825 754 cern
1850 699 1884 754 de
1907 707 1977 756 erere

332 801 389 851 orta
402 798 442 847 est
456 787 581 844 instinctu
597 781 721 855 maligni,
736 798 817 852 qnam
833 779 900 848 dixi,
912 793 994 835 causa
1010 777 1128 846 discidii,
1184 781 1263 852 regni
1278 788 1384 835 actums
1400 782 1605 855 renepiscopos,
1617 785 1740 854 abbates,
1757 791 1783 842 et
1799 803 1919 861 quosque
1933 805 1979 845 re-

331 882 423 954 utique
446 894 502 933 non
522 891 556 930 en
571 873 609 928 rei
624 869 888 942 veritateproducta,
909 868 956 923 sed
974 867 1009 922 ad
1023 882 1131 922 omnem
1184 868 1231 940 gni
1246 884 1371 939 proceres
1384 869 1412 924 in
1426 887 1510 925 unum
1520 874 1649 943 praecepti
1664 874 1705 929 sui
1716 877 1855 933 sanctione
1870 879 1982 952 egisset,

331 987 380 1044 pro
405 971 463 1026 Deo
477 961 606 1036 loquendi
630 961 731 1016 aditum
752 957 879 1014 dnselmo
898 955 1131 1012 intercludendum
1184 965 1220 1026 et,
1234 957 1371 1028 dispositis
1385 959 1497 1030 hisquae
1512 962 1685 1018 adunationis
1700 964 1807 1021 illorum
1823 969 1981 1025 causariae

332 1051 636 1124 malitiosecomposita.
651 1049 730 1118 Quod
742 1048 786 1103 ille
801 1047 974 1118 dignoscens,
987 1043 1133 1112 etinsuper
1186 1054 1255 1110 rant,
1280 1047 1345 1101 dum
1370 1047 1482 1119 quisquc
1501 1049 1528 1103 in
1542 1066 1591 1106 sua
1606 1052 1738 1122 repedare
1753 1057 1905 1126 sategisset,
1922 1060 1981 1114 An.

331 1155 427 1206 cuncta
456 1141 556 1216 regatis
582 1139 664 1195 curias
690 1137 795 1207 judicia
823 1133 942 1206 pendere
974 1133 1009 1188 ad
1039 1139 1133 1186 nutum
1187 1136 1300 1204 selmus,
1317 1145 1413 1206 coeptae
1428 1139 1564 1208 petitionis
1578 1157 1632 1196 suae
1647 1157 1700 1198 non
1715 1142 1870 1213 immemor,
1896 1163 1983 1221 roge.

333 1237 414 1310 regis,
435 1233 555 1302 nihilque
572 1228 599 1283 in
618 1227 683 1299 ipsis
693 1225 742 1280 nisi
757 1224 845 1280 solum
865 1222 935 1280 aelle
955 1221 1028 1276 illius
1042 1219 1133 1276 consi·
1184 1225 1226 1279 rit
1246 1240 1339 1297 regem
1362 1233 1493 1297 quatenus
1512 1229 1653 1299 quaesitam
1674 1230 1731 1300 jam
1756 1231 1822 1288 oiim
1846 1234 1982 1294 licentiam

334 1325 422 1385 denari
452 1317 601 1378 certissime
626 1316 722 1379 sciens,
748 1313 876 1368 indecens
902 1309 1045 1367 aestimarit
1080 1323 1131 1380 pro
1186 1314 1229 1370 ael
1242 1321 1305 1370 tunc
1315 1315 1436 1386 repetitis
1448 1316 1578 1387 precibus
1591 1334 1646 1374 non
1656 1329 1781 1393 negaret.
1798 1322 1852 1378 Sed
1863 1328 1981 1383 seeundo

334 1413 410 1472 aerbi
434 1407 571 1466 calumnia
598 1403 782 1476 placitantium
805 1415 880 1457 more
907 1399 1078 1466 contendere,
1106 1403 1133 1452 ct
1187 1410 1281 1475 negat,
1297 1405 1367 1459 sient
1379 1404 1470 1475 primo
1486 1415 1607 1479 negarat.
1626 1408 1720 1464 Postea
1735 1419 1869 1467 conventu
1882 1415 1982 1484 soluto,

333 1500 456 1562 veritatis
475 1513 530 1554 suae
545 1510 655 1552 causam
669 1491 763 1549 curiali
775 1490 881 1564 judicic
900 1489 973 1560 quod
987 1486 1062 1542 nulla
1077 1487 1133 1554 lex,
1188 1492 1216 1546 in
1230 1509 1326 1549 mense
1348 1492 1461 1550 Octobri
1475 1495 1626 1552 Wintoniae
1644 1497 1678 1551 ad
1696 1515 1790 1570 regem
1809 1515 1843 1555 ex
1858 1503 1984 1561 eordiero

334 1593 409 1650 nulla
424 1587 547 1661 aequitas,
567 1583 643 1640 nulla
669 1581 737 1637 ratio
757 1580 904 1646 muniebat,
921 1575 1130 1633 examinandam
1187 1580 1324 1635 venimus.
1340 1582 1487 1637 Instantius
1503 1582 1593 1654 itaque
1603 1592 1656 1639 tarn
1667 1601 1753 1657 perse
1767 1603 1847 1658 quam
1857 1604 1906 1659 per
1916 1592 1985 1648 eliee

334 1681 516 1740 introducere.
555 1672 649 1728 Tacuit
681 1685 747 1743 ergo
783 1684 832 1724 neo
861 1667 1010 1740 quidquam
1039 1663 1133 1719 nuntio
1188 1669 1420 1741 regempontitex
1435 1678 1503 1740 orat,
1520 1673 1736 1743 quatenusbono
1752 1674 1907 1734 animosibi
1922 1695 1986 1736 con·

332 1769 485 1842 respondit,
519 1767 648 1833 reputans
680 1760 732 1816 boc
759 1773 845 1830 genua
877 1753 997 1812 mandati
1030 1753 1066 1808 ad
1103 1767 1136 1806 ea
1188 1758 1267 1812 cedat
1288 1758 1362 1830 quod
1377 1774 1406 1813 se
1427 1759 1485 1829 jam
1509 1760 1588 1816 tertio
1609 1763 1750 1832 postulare
1770 1767 1916 1824 neeesse„
1939 1786 1988 1827 su,
2069 1788 2076 1801 .

333 1855 566 1935 perturbationum
594 1865 693 1924 genera
724 1847 857 1918 pertinere
890 1860 951 1916 quae
977 1844 1034 1914 J'am
1068 1840 1132 1896 olim
1188 1846 1313 1918 regebat.
1337 1846 1408 1902 ilinc
1422 1847 1469 1903 ille
1490 1849 1573 1905 taedio
1595 1849 1717 1918 allectus,
1742 1852 1833 1926 itaque
1852 1867 1989 1928 permorus

335 1963 410 2020 saepe
429 1945 482 2001 sibi
498 1939 694 1998 recordabatur
706 1937 791 2002 illata,
807 1943 834 1991 et
848 1935 910 1989 ideo
929 1933 981 1988 boc
999 1930 1086 1986 solnm
1106 1937 1134 1983 ut
1189 1935 1243 1990 ait:
1267 1958 1278 1983 a
1302 1934 1450 1990 Conturbat
1473 1953 1526 2002 me,
1561 1947 1586 1994 et
1607 1938 1805 2013 intelligentem
1818 1960 1873 2001 non
1887 1963 1991 2005 coace-

334 2041 408 2096 Deus
441 2033 505 2090 talia
536 2029 642 2086 sedaret
680 2024 795 2097 supplici
834 2023 916 2080 eorde
957 2019 1130 2092 precabatur.
1146 2051 1172 2110 B
1189 2023 1307 2078 dandum
1337 2024 1396 2080 fere
1420 2026 1493 2095 qnod
1511 2027 1637 2098 postulat,
1665 2046 1714 2084 sua
1741 2031 1861 2104 graviter
1882 2034 1988 2108 irnper-

333 2131 468 2186 Praeterea
499 2119 596 2178 ridens
630 2116 757 2172 ecclesias
796 2121 822 2168 et
849 2109 1014 2166 monasteria
1052 2105 1131 2162 solito
1188 2112 1299 2168 ienitate
1313 2111 1421 2185 fatigat.
1441 2113 1610 2187 Quapropter
1616 2115 1700 2186 jubeo
1716 2127 1745 2174 nt
1758 2121 1874 2193 amplius
1888 2124 1923 2179 ab
1937 2127 1991 2181 hu-

332 2219 406 2273 intas
433 2220 461 2268 et
488 2216 565 2266 extra
588 2207 644 2262 suis
668 2204 749 2260 rebus
776 2199 898 2272 spoliari,
920 2213 1029 2254 omnem
1047 2197 1074 2250 in
1094 2195 1132 2250 eis
1183 2200 1306 2271 jusmodi
1319 2202 1445 2273 precibus
1463 2205 1651 2277 cesset,etqui
1661 2223 1705 2262 me
1717 2208 1774 2278 jam
1789 2215 1990 2286 repereram,

331 2304 496 2377 religionem
521 2293 704 2362 exterminari,
734 2305 855 2363 quosque
883 2287 1047 2344 secularium
1074 2292 1132 2339 tam
1186 2297 1269 2364 prout
1293 2290 1461 2361 judicabitur
1482 2291 1550 2347 mibi
1575 2295 1711 2365 emendet,
1736 2315 1747 2347 a
1778 2298 1820 2352 Ad
1843 2299 1904 2356 ltaec
1928 2302 1989 2360 ille:

331 2395 452 2465 1111511115
487 2401 567 2458 quam
599 2383 718 2439 1111110111
754 2387 888 2450 mituli&
925 2376 988 2432 11111
1025 2371 1134 2428 1111111111
1190 2403 1201 2428 ι
1238 2379 1365 2434 Paratum
1402 2395 1446 2435 me
1481 2381 1569 2452 potius
1603 2383 1672 2439 aciat
1710 2384 1814 2442 ratione
1850 2391 1993 2449 ostendere

331 2493 425 2540 tencre
448 2477 557 2543 multas,
581 2472 653 2527 mala
675 2469 776 2540 ubique
799 2465 866 2534 fieri,
891 2462 1029 2520 etistade
1045 2459 1131 2515 dicio
1188 2468 1261 2538 quod
1282 2467 1356 2537 justo
1382 2476 1454 2539 pcto,
1484 2478 1511 2525 et
1543 2471 1617 2540 quod
1639 2471 1696 2542 ipse
1719 2474 1787 2528 mibi
1816 2475 1844 2530 in
1873 2478 1915 2533 bis
1936 2495 1992 2536 narr

331 2573 418 2638 diem,
439 2572 560 2623 cessante
580 2558 735 2630 disciplina,
756 2553 928 2625 multiplicari
944 2549 1129 2620 roborarique,
1192 2557 1290 2611 deppae
1310 2557 1384 2627 jugie
1399 2557 1592 2614 ,ontmdrcere'
1612 2581 1622 2608 ,
1646 2559 1811 2632 Respondi,:
1832 2585 1848 2614 a
1866 2565 1995 2624 Rationes

329 2659 476 2718 verebatur
488 2669 523 2708 ne
541 2653 601 2706 baec
615 2649 665 2705 Dei
683 2645 788 2716 judicio
807 2643 858 2698 sibi
873 2643 974 2697 damno
994 2638 1096 2704 tierent,
1112 2633 1136 2689 si
1188 2661 1252 2700 sues
1266 2661 1323 2701 non
1348 2645 1461 2702 admisto
1485 2647 1557 2710 ,sed
1572 2646 1594 2703 εἰ
1615 2647 1703 2717 iverit,
1723 2666 1773 2721 pro
1788 2661 1862 2709 cmo
1885 2657 1992 2713 noverit

329 2748 430 2821 quibus
459 2741 547 2799 modis
574 2744 665 2809 posset
687 2735 728 2790 eis
750 2731 861 2790 obviare
883 2745 938 2785 non
962 2726 1125 2783 intenderet.
1190 2734 1262 2804 qued
1277 2741 1360 2789 retum
1385 2733 1648 2807 archiepiscopatum
1671 2737 1702 2792 in
1723 2738 1877 2797 dominium
1901 2760 1992 2802 meum

330 2837 387 2894 Sed
411 2833 523 2891 obviare
541 2827 592 2883 sibi
616 2823 783 2896 impossibile
813 2819 934 2885 videbat,
958 2813 1030 2887 quod
1054 2813 1135 2868 totius
1191 2821 1989 2901 redigamneritinusproarchiepiseopouluarecipiarna

331 2923 412 2998 regni
436 2919 587 2993 principem
612 2922 656 2970 aut
671 2929 703 2968 ea
726 2911 825 2978 iacere,
852 2915 898 2964 eut
912 2907 950 2962 eis
972 2904 1064 2960 sarcre
1077 2915 1136 2972 per·
1191 2910 1259 2967 orte
1273 2917 1312 2967 est
1326 2911 1458 2984 igiturex
1475 2911 1517 2968 his
1532 2914 1659 2985 quaedam
1671 2930 1772 2987 magna
1787 2925 1935 2990 tempestas
1946 2923 1988 2976 di-

329 3015 455 3087 spicuum
474 3013 540 3064 erat.
562 3005 653 3061 Visum
668 3002 759 3072 itaque
778 2998 830 3053 sibi
853 3003 892 3052 est
907 2992 1095 3088 auctoritatem
1110 2995 1137 3088 et
1170 2999 1173 3004 '
1190 3001 1276 3056 versis
1288 3000 1402 3056 diverse
1416 2999 1487 3071 perri
1497 2999 1722 3058 acclamantibus.
1741 3003 1927 3070 Quamobrem
1934 3011 1989 3081 qui·

330 3080 1132 3168 sententiamapostolicaesedissuperbisoportercinqurrt.
1191 3090 1255 3145 dem
1283 3088 1396 3160 permoti
1418 3094 1561 3145 sunsemnt
1581 3089 1610 3145 in
1637 3092 1783 3148 crastinam
1806 3110 1863 3151 rem
1888 3096 1988 3171 differi,

370 3187 527 3260 6111181111
545 3185 572 3238 111
590 3176 806 3248 Ρθη1111111101),
822 3167 1131 3242 1111111111118111111111·
1190 3185 1331 3249 sperantes
1347 3193 1407 3233 eam
1422 3177 1476 3233 alio
1486 3179 1568 3234 modo
1585 3179 1686 3234 sedari.
1700 3181 1843 3238 Ascensum
1855 3193 1895 3240 est
1902 3187 1988 3243 utrin-

332 3282 388 3355 eia
403 3277 485 3334 eune
500 3289 529 3330 se
543 3275 741 3346 praesentasset.
759 3273 786 3321 er
800 3263 891 3332 modo.
911 3262 980 3316 uter
993 3256 1133 3329 praanen-
1191 3283 1244 3338 que
1261 3267 1291 3321 in
1304 3266 1372 3334 rsus,
1391 3272 1416 3322 a
1430 3266 1511 3322 urrist
1532 3267 1680 3340 bosporum
1704 3268 1816 3327 inimus.
1839 3273 1918 3330 nane
1938 3291 1990 3332 aa.

332 3372 412 3439 dum,
435 3364 519 3422 modo
540 3362 618 3428 alias,
641 3353 877 3432 quemadmodum
896 3345 1086 3421 opportunitas
1107 3357 1136 3398 sc
1192 3364 1246 3411 rere
1262 3354 1393 3429 regressis
1404 3372 1465 3411 cum
1476 3355 1503 3410 in
1517 3354 1578 3413 loeo
1592 3364 1655 3428 apto
1667 3358 1839 3432 sedissemus,
1851 3378 1915 3421 ecoe
1929 3366 1992 3437 qui-

330 3456 475 3521 offerebat,
495 3458 594 3509 statum
613 3447 695 3504 animi
712 3444 812 3517 regalis
828 3442 887 3513 quis
907 3454 974 3512 erga
988 3436 1133 3495 colendam
1149 3411 1174 3474 C
1194 3445 1258 3500 dere
1279 3444 1400 3516 episcopi
1420 3461 1483 3499 eum
1505 3444 1640 3501 nonnullis
1654 3446 1822 3519 principibus
1837 3452 1873 3506 ad
1887 3456 1990 3511 Ansel-

334 3546 494 3619 aeqnitntem
516 3547 585 3596 esset
607 3537 726 3593 studiose
747 3531 930 3605 perquisisset,
954 3540 1070 3597 eumque
1093 3524 1137 3595 qui
1194 3550 1268 3589 rnurn
1281 3532 1418 3588 venientes
1431 3533 1558 3589 sciscitati
1570 3542 1632 3589 sunt
1646 3535 1714 3605 quid
1729 3552 1819 3593 secum
1834 3540 1868 3595 ab
1881 3542 1941 3597 beri
1957 3544 1992 3601 de

336 3636 406 3694 olim
430 3634 518 3687 luerat
532 3625 691 3685 omnimodo
705 3621 858 3695 reperisset,
884 3616 952 3672 nibil
967 3614 1024 3686 spei
1045 3614 1079 3669 de
1093 3612 1140 3666 iu·
1194 3638 1276 3677 eeuee
1290 3622 1452 3677 tractaverit.
1473 3622 1567 3676 Dixit:
1588 3643 1600 3672 ι
1616 3622 1678 3678 Non
1697 3639 1730 3679 ea
1744 3641 1773 3680 re
1787 3630 1910 3685 concessi
1928 3648 1991 3688 cau·

337 3735 400 3782 tura
415 3721 500 3794 ipsius
519 3716 707 3774 emendatione
726 3714 753 3767 in
773 3726 805 3767 eo
825 3708 893 3765 ultra
913 3705 1055 3762 remansit.
1077 3704 1139 3758 Per·
1194 3726 1250 3765 sem
1266 3710 1301 3764 de
1315 3724 1368 3779 qna
1382 3708 1462 3781 agitis
1475 3710 1603 3765 bestamo
1618 3710 1760 3781 induciari,
1776 3716 1854 3784 quasi
1876 3716 1992 3790 ignora-

338 3814 409 3873 actis
419 3804 693 3884 igituriestirioribus
708 3802 813 3869 diebus,
830 3799 998 3853 diversorum
1011 3792 1139 3865 negotio·
1194 3798 1279 3853 verim
1295 3798 1360 3867 quid
1383 3796 1465 3852 hodic
1479 3798 1543 3853 inde
1563 3813 1742 3869 responsuma
1762 3801 1870 3875 lucum,
1886 3808 1934 3862 sed
1957 3826 1991 3867 ne

336 3920 400 3961 rum
413 3916 502 3957 causae
516 3898 543 3954 in
557 3895 675 3952 medium
692 3892 753 3948 duci
768 3906 802 3946 ex
816 3891 1046 3958 morecoeperunt.
1064 3880 1141 3950 Qua·
1195 3886 1303 3942 viderer
1316 3890 1418 3941 tantum
1431 3902 1492 3941 meo
1508 3886 1732 3957 sensuicredere,
1747 3897 1776 3945 ut
1790 3906 1994 3955 necunaneere
2046 3935 2051 3950 ,

337 3994 449 4050 rebatur
468 3988 549 4044 etiam
569 4000 623 4057 quc
646 3982 756 4055 ingenio
779 3977 920 4050 praelibata
943 3990 1024 4031 causa
1047 3978 1140 4027 contra
1194 3972 1229 4029 ad
1237 3973 1277 4028 sui
1289 3972 1487 4029 discussionem
1498 3973 1626 4046 dignarer
1634 3974 1748 4032 alierum
1757 3980 1868 4037 eonsqjo
1883 3985 1990 4043 cedem·

337 4080 488 4140 Anselmun
503 4050 549 4131 ⁴sic
571 4080 706 4147 ageretur,
730 4076 759 4125 ut
772 4069 858 4139 culpae
880 4064 1006 4121 addictus
1030 4068 1074 4117 aut
1095 4059 1139 4115 in·
1194 4063 1275 4119 Nunc
1288 4078 1354 4135 ergo
1373 4062 1474 4117 sciatur
1488 4063 1561 4136 quod
1576 4062 1604 4118 in
1624 4066 1770 4137 sententia,
1786 4082 1839 4139 qua
1854 4070 1903 4142 ini,
1919 4090 1990 4144 surr,

340 4178 451 4245 gentem
462 4165 519 4237 regi
530 4158 824 4237 pecuniampenderet,
837 4154 926 4211 autad
941 4150 1139 4225 implorandam
1195 4160 1222 4207 et
1232 4151 1294 4208 ideo
1308 4166 1405 4222 precor
1417 4152 1563 4207 Dominum
1574 4168 1664 4208 meum
1674 4162 1805 4225 quatenus
1822 4157 1993 4222 bonomonte

341 4254 560 4315 misericordiam
574 4252 633 4322 ejus
650 4256 734 4320 capnt
749 4244 865 4317 amplius
879 4260 934 4300 non
948 4243 1096 4310 levaturus,
1112 4252 1142 4294 se
1195 4248 1221 4296 et
1236 4240 1320 4297 alacri
1339 4240 1424 4309 vultu,
1444 4248 1473 4296 ut
1486 4257 1548 4296 eum
1566 4240 1653 4311 decet,
1669 4242 1736 4299 mibi
1757 4244 1894 4305 licentiam
1909 4268 1991 4322 qnerrr

341 4356 428 4404 totum
450 4341 628 4415 impenderet.
651 4338 756 4393 Interea
778 4334 932 4401 anselmus,
953 4328 1092 4388 accersitis
1106 4326 1141 4383 ad
1195 4330 1302 4401 postulo
1324 4330 1379 4399 dot,
1405 4328 1591 4385 indubitanter
1613 4330 1702 4386 sciens
1725 4334 1796 4402 qnod
1821 4352 1901 4392 causa
1924 4355 1993 4399 meae

340 4452 370 4493 se
384 4450 455 4507 quos
477 4431 586 4489 volebat
600 4428 635 4483 de
648 4424 816 4497 principibus
842 4422 924 4495 regis,
941 4417 1080 4476 mandavit
1093 4430 1143 4487 per
1194 4416 1303 4487 salutis,
1316 4424 1342 4472 et
1356 4433 1439 4472 causa
1448 4424 1546 4472 sanetae
1556 4416 1775 4503 Christianitatis,
1791 4429 1818 4477 et
1831 4440 1896 4481 rare
1910 4442 1991 4486 eausa

340 4541 389 4582 eos
403 4520 461 4595 regi
477 4536 506 4576 se
525 4532 631 4574 summa
645 4512 802 4570 necessitate
819 4509 992 4567 constrictum
1007 4507 1078 4563 velle
1091 4520 1142 4576 per
1195 4506 1238 4561 aui
1253 4505 1363 4561 bononis
1377 4510 1413 4561 ac'
1423 4504 1570 4578 pmlectus,
1584 4507 1608 4560 si
1625 4506 1737 4563 credere
1750 4509 1825 4580 retii,
1840 4512 1880 4570 ire
1895 4515 1990 4589 dispo.

343 4612 483 4671 licentiam
493 4607 578 4680 ipsius
587 4606 700 4662 Romam
712 4604 761 4657 ire.
773 4600 813 4656 td
824 4599 897 4673 quod
909 4598 954 4653 ille
964 4595 1140 4667 stupefactus,
1196 4611 1245 4652 no.
1268 4616 1284 4645 a
1299 4593 1447 4650 Dixerunt:
1467 4615 1478 4645 a
1493 4592 1521 4650 Si
1537 4592 1590 4649 alia
1604 4610 1666 4665 quae
1681 4594 1757 4652 dicas
1771 4598 1865 4668 babes,
1881 4606 1989 4674 proter.

343 4726 354 4752 ι
375 4702 567 4773 Nequaquam,
580 4694 626 4750 ait.
637 4693 695 4748 Nec
705 4690 777 4747 enim
787 4690 863 4745 illum
876 4686 957 4743 alicui
967 4685 1012 4741 tali
1030 4690 1140 4755 peccato
1196 4685 1236 4740 De
1245 4683 1355 4739 licentia
1364 4698 1461 4754 nempe
1477 4698 1644 4753 supervacue
1664 4684 1794 4757 loqueris.
1806 4688 1867 4745 Noa
1878 4692 1990 4754 debir,

343 4789 493 4849 obnoxium
517 4782 661 4848 credimus,
686 4788 714 4835 ut
734 4792 843 4835 necesse
857 4776 954 4831 lrabeat
967 4774 1030 4829 inde
1045 4759 1183 4845 singu-D
1201 4796 1213 4823 a
1235 4772 1266 4829 Si
1281 4771 1357 4840 dare,
1372 4771 1419 4841 ait,
1434 4787 1489 4828 non
1505 4772 1572 4839 vult,
1592 4787 1645 4844 ego
1658 4774 1749 4844 utique
1762 4774 1836 4830 iliam
1852 4795 1937 4853 snper
1950 4801 1994 4844 me

344 4882 428 4936 larem
444 4873 585 4949 apostolici
596 4869 794 4927 absolutionem
804 4874 904 4939 petere,
917 4863 1014 4919 necita
1028 4860 1142 4933 cujusli-
1195 4860 1327 4933 arcipiam
1351 4858 1425 4931 quod
1445 4858 1574 4931 scriptum
1592 4868 1650 4916 est:
1666 4860 1782 4919 Obcdira
1806 4873 1915 4937 oportet
1938 4874 1993 4931 Dee

339 4966 385 5023 bat
408 4962 515 5021 consilii
534 4966 673 5030 expertem
693 4965 789 5012 utnon
804 4952 894 5025 magis
923 4952 999 5007 illum
1023 4950 1142 5005 sciamus
1196 4947 1635 5023 mopisquomiaomiaibus(ict.
1649 4950 1741 5021 esta).
1760 4970 1772 5001 s
1789 4952 1903 5013 adher
1920 4960 1996 5018 wer.

342 5053 493 5128 apostolico
506 5064 588 5123 quam
609 5045 789 5118 apostolieum
805 5042 856 5099 sibi
872 5041 899 5097 in
916 5039 1006 5097 dando
1026 5037 1141 5095 consilio
1198 5038 1480 5095 chelinusWentanus
1493 5036 1635 5108 episcopus
1645 5036 1776 5109 aspiciens
1789 5040 1818 5097 in
1831 5058 1894 5100 curn
1910 5048 1995 5108 dixit:

341 5158 421 5217 posse
445 5152 615 5197 succurrere.
638 5158 649 5184 n
672 5134 765 5189 liciata
788 5121 862 5187 sunl‘
870 5129 998 5186 dnselmo
1022 5129 1093 5195 baec,
1119 5134 1146 5181 et
1201 5152 1212 5177 ι
1234 5128 1269 5182 Et
1279 5126 1388 5197 quidem
1402 5125 1529 5181 dominus
1543 5140 1619 5180 meas
1637 5142 1686 5181 rex
1700 5134 1724 5181 et
1739 5145 1868 5198 proceres
1882 5138 1922 5192 sui
1938 5156 1997 5197 cre-

343 5228 503 5303 respondit:
527 5250 538 5276 ι
565 5228 685 5282 Potestas
699 5222 727 5277 in
742 5238 823 5277 manu
842 5234 890 5275 sua
910 5226 958 5285 est,
985 5216 1050 5272 dicit
1073 5214 1146 5285 quod
1200 5217 1267 5272 dunt
1277 5224 1303 5271 te
1313 5230 1372 5271 esse
1389 5213 1547 5285 hujusmodi
1558 5213 1640 5270 moris
1648 5222 1740 5272 utnon
1751 5216 1832 5276 facile
1848 5223 1883 5277 ab
1893 5226 1926 5282 iis
1934 5246 1996 5302 quae

343 5321 396 5377 sibi
416 5318 514 5392 placet.
531 5318 570 5371 At
584 5314 607 5369 si
623 5312 706 5369 modo
723 5326 778 5366 non
799 5310 855 5368 vult
870 5308 1029 5373 concedere,
1046 5319 1146 5361 conce·
1201 5302 1585 5375 certaineoeperismovearis.
1603 5304 1704 5359 Verum
1718 5305 1747 5360 in
1770 5308 1823 5366 boc
1837 5312 1941 5373 scilicet
1955 5328 1995 5391 ut,

345 5411 391 5466 det
401 5406 517 5464 forsitan
528 5404 581 5460 alia
590 5402 659 5461 rice.
671 5402 746 5473 [lngo
756 5413 852 5471 preces
861 5395 1059 5466 multiplicabo.
1075 5416 1086 5443 a
1100 5391 1148 5447 llis
1201 5396 1294 5465 spreto
1318 5392 1383 5448 tanti
1406 5391 1579 5465 pontificatus
1596 5393 1699 5449 honore
1722 5394 1803 5452 simul
1826 5407 1853 5457 et
1870 5405 1997 5477 utilitate,

346 5512 396 5571 pro
408 5493 518 5552 licentia
532 5491 623 5561 dictis,
635 5488 724 5545 statim
740 5486 829 5545 omnis
846 5482 1036 5542 commentatio
1051 5481 1149 5553 impla·
1201 5483 1315 5538 Romam
1326 5489 1412 5554 petas,
1435 5497 1491 5537 non
1509 5479 1570 5537 lere
1592 5488 1632 5536 est
1655 5482 1769 5541 credere
1790 5490 1864 5558 quod
1891 5495 1998 5552 διώξῃς

346 5583 449 5642 citandi
471 5580 618 5639 ilnselmun
633 5590 788 5650 compressa
808 5574 909 5631 omissa
923 5580 973 5640 est,
989 5579 1015 5627 et
1029 5585 1078 5627 nos
1092 5569 1150 5626 irn'·
1205 5585 1328 5626 maneas.
1354 5573 1416 5626 »tt
1430 5570 1477 5625 ille
1490 5568 1577 5627 sciens
1590 5570 1708 5626 animum
1723 5572 1788 5644 riri,
1804 5576 1897 5637 vivido
1911 5584 1998 5655 rultn,

347 5690 443 5732 munes
456 5671 492 5729 ab
506 5670 553 5727 ille
571 5664 771 5742 querelacuria
786 5662 974 5722 discessimus.
1202 5658 1312 5716 intentis
1328 5659 1357 5715 in
1381 5674 1444 5716 curn
1466 5658 1561 5729 oculis,
1585 5659 1746 5734 respondit:
1768 5684 1780 5713 a
1802 5664 1880 5727 vere,
1902 5692 1913 5721 ,
1940 5670 2000 5743 Quo

1002 5756 1218 5849 HENSCHlel
1236 5756 1354 5816 ΝΟΜ).

384 5896 425 5973 (α)
442 5894 523 5955 anno
536 5894 617 5966 lotii,
632 5897 663 5950 ut
675 5885 748 5949 inira
762 5886 910 5947 indicatur.
