4750 6725
420 702 472 765 911
964 678 994 734 S.
1013 665 1172 731 liodorus
1191 654 1340 719 ABBATIS
1358 650 1519 713 cluntre.
2028 634 2088 688 sta

420 829 550 892 lesceatia
563 822 736 885 macalicem
750 808 879 873 minaris
906 801 1055 875 accipiens,
1086 787 1223 869 pusatoms
1239 782 1266 842 Α
1280 799 1346 843 sane
1360 779 1483 839 nondum
1498 766 1646 846 pontificali
1660 766 1734 837 (100)
1746 758 1848 838 [apice]
1862 756 2023 831 insignitus,
2041 766 2094 825 pn·

421 920 580 980 Dominicae‘
598 912 719 971 imitator
743 897 927 975 evangelicus,
954 883 1098 960 Evangelii
1133 878 1220 941 verba
1274 852 1826 933 11111110111111111111111111,1)11111
1841 846 1935 905 mundi
1953 843 2093 903 iudicem

420 1009 500 1068 vertit
512 1009 542 1065 in
555 1016 651 1078 opera,
665 1007 692 1057 et
704 1008 792 1067 usqne
805 991 834 1047 in
847 988 985 1045 seneamm
998 985 1099 1035 nomen
1108 964 1218 1028 Domini
1274 958 1415 1037 perhibuit
1426 970 1459 1011 se
1471 950 1572 1011 vidisse
1587 946 1619 1003 S.
1648 940 1757 1017 liuponi
1783 934 1973 996 collateralem
1997 948 2005 996 ;
2042 944 2093 1001 qni

1275 1052 1375 1110 sedens
1388 1063 1404 1103 a
1419 1039 1524 1101 dextris
1539 1034 1694 1109 regularem
1709 1026 1882 1100 dsiciptinarn
1897 1023 1991 1079 tovers
2016 1034 2091 1092 pno-

421 1104 431 1142 ,
536 1096 541 1108 .

432 1104 825 1255 nv2⁰.cltvrnjrupillarihusannis
838 1161 1011 1223 constitutus,
1034 1166 1091 1209 non
1117 1153 1148 1204 nt
1172 1143 1222 1201 illa
1275 1136 1451 1212 sequebatur.
1468 1128 1541 1191 Hinc
1555 1138 1626 1197 papa
1653 1120 1748 1182 111111,
1776 1112 1908 1171 blandum
1935 1116 2091 1181 tyrannum

1275 1242 1338 1288 eum
1350 1222 1473 1281 vocitare
1487 1214 1602 1277 solebat,
1618 1223 1679 1268 cum
1707 1204 1789 1262 servis
1816 1202 1934 1267 leonem,
1962 1196 2082 1253 mitibus
2164 1200 2165 1219 ¹

421 1284 490 1333 retas
503 1270 611 1339 amoiet,
623 1263 741 1323 lasciviae
756 1259 835 1317 irena
852 1247 965 1317 laxavit,
980 1257 1032 1301 uec
1045 1237 1126 1297 inerti
1153 1234 1221 1290 luxu

421 1348 805 1431 emollitusnnpelesineptiaa
815 1340 994 1401 sectatusest,
1011 1329 1061 1387 aed
1069 1321 1221 1385 secundum
1275 1330 1378 1389 agnum
1390 1325 1420 1367 se
1432 1305 1601 1367 exhibuerat,
1615 1296 1688 1355 haud
1703 1294 1836 1367 ignarum
1847 1302 1961 1362 parcere
1975 1282 2081 1355 subje-

421 1451 495 1529 quod
508 1449 639 1521 scriptum
652 1450 695 1500 est
708 1439 744 1496 de
762 1432 847 1492 lacoh
864 1445 872 1499 ;
895 1428 1057 1482 innocenter
1078 1410 1221 1472 habitabat
1275 1406 1327 1463 ctis
1342 1410 1369 1460 et
1380 1398 1518 1469 castigare
1532 1387 1675 1461 superbos.

420 1531 727 1614 commeruerant).
742 1522 851 1582 Deinde
864 1512 1020 1575 cluniacum
1047 1506 1154 1568 adiens,
1182 1499 1219 1555 B.
1312 1496 1338 1549 1.
1354 1491 1490 1559 Tempore
1503 1478 1603 1537 beonia
1618 1470 1776 1549 paparoni
1801 1468 1824 1525 tt
2164 1516 2165 1519 Ἴ

419 1630 529 1691 Odiloni
543 1644 572 1685 se
586 1620 885 1688 trucidandamque
901 1604 984 1662 vitam
1023 1610 1088 1654 cum
1118 1586 1219 1653 tunica,
1277 1588 1318 1638 est
1330 1592 1432 1649 corpus
1443 1574 1473 1629 11.
1491 1560 1759 1641 Remigii;praeiuit,
1774 1565 1864 1615 autern
1879 1559 1962 1611 unte
1990 1559 2088 1607 trans·

420 1720 543 1779 habiturn
556 1726 645 1772 sacrae
658 1702 800 1779 religionis
812 1690 989 1756 devotissime
1003 1681 1132 1753 suscepit.
1146 1678 1221 1734 Con-
1276 1667 1371 1727 lationi
1400 1658 1576 1735 apostolicus,
1606 1666 1640 1711 ao
1667 1646 1794 1723 generals
1824 1641 1982 1710 concilium,
2010 1653 2088 1711 prm·

421 1814 565 1881 sequenter
576 1803 612 1858 da
624 1795 751 1869 rubigine
763 1786 902 1845 mundana
914 1780 945 1835 in
958 1774 1066 1833 camino
1076 1765 1223 1839 deciplinoe
1276 1758 1356 1829 cipue
1371 1760 1467 1810 contm
1480 1742 1664 1808 Simonianae,
1679 1732 1838 1795 celebravit.
1860 1728 1984 1787 interfuit
1999 1728 2088 1784 etiarn

959 1866 1072 1936 tongum
1101 1865 1222 1927 teporem
1277 1848 1360 1901 Pater
1374 1842 1455 1914 lingo
1468 1835 1523 1891 lide
1538 1838 1665 1897 mustus,
1689 1825 1836 1896 ipsumque
1850 1820 1948 1891 ingens
1962 1816 2086 1873 virorum

423 1898 460 1955 ad
475 1908 572 1969 parum
586 1892 724 1955 excoctus,
739 1877 829 1935 subito
843 1871 932 1930 calore

422 1984 604 2059 plurimorum
617 1969 768 2045 superavit.
782 1966 848 2021 Post
861 1962 921 2016 hee
935 1954 1023 2010 iactus
1038 1945 1123 2021 prior,
1139 1942 1223 1998 etiarn
1276 1930 1421 1990 illustrium
1435 1922 1600 1997 sequebatur
1613 1930 1722 1989 agmen.
1752 1912 1790 1967 Ar
1804 1916 1878 1965 tanta
1891 1913 1950 1965 crat
1963 1917 2087 1975 perver-

423 2076 455 2131 tt.
470 2066 581 2129 Odiloni
595 2064 724 2123 defuncto
752 2050 846 2112 abbati
866 2046 895 2103 in
919 2038 1053 2115 regimine
1080 2027 1221 2095 successit,
1276 2033 1372 2079 sorum
1385 2011 1532 2072 multitudo
1545 2016 1576 2063 ut
1589 2003 1656 2063 honi
1669 2002 1717 2059 vix
1728 1999 1861 2056 auderent
1881 1990 2087 2065 reprehendere

422 2162 491 2219 licat
504 2172 565 2215 cnm
580 2148 721 2222 lacrymini
736 2143 854 2201 renitens
870 2154 877 2200 ;
894 2125 1086 2197 honusntiqua
1097 2117 1222 2183 scientie,
1235 2137 1262 2198 Β
1276 2109 1373 2174 malos,
1399 2112 1426 2161 et
1439 2096 1546 2159 ahumai
1564 2094 1625 2152 ausi
1648 2090 1769 2153 fuissent,
1795 2084 1902 2141 lacilius
1923 2081 2086 2151 erumperet

423 2249 522 2307 melior
534 2238 710 2303 conscientia,
726 2231 844 2306 optimus
857 2216 1045 2294 temperantia,
1061 2212 1151 2267 torma
1170 2220 1224 2261 arr·
1276 2192 1437 2257 reclamatio
1452 2188 1524 2245 male
1536 2180 1700 2248 virentium,
1715 2192 1797 2250 quam
1811 2190 1865 2230 vox
1887 2170 1974 2227 libera
1988 2182 2084 2225 eorum

420 2340 535 2414 pelicus,
551 2330 675 2389 moribus
689 2317 864 2394 compositus,
879 2306 995 2368 naturali
1016 2302 1126 2360 incessu
1153 2310 1222 2352 con-
1277 2285 1324 2360 qui
1351 2281 1444 2339 sanius
1470 2272 1632 2333 sentiebant.
1665 2268 1730 2323 llox
1756 2260 1901 2333 cujusdem
1916 2255 2082 2316 nominatis-

422 2426 546 2501 spicuus,
560 2431 685 2477 sermone
698 2426 753 2468 nou
767 2406 892 2464 affectato
906 2394 1008 2463 suavia,
1024 2397 1051 2446 et
1078 2384 1141 2443 aliis
1168 2384 1223 2438 hn-
1278 2372 1340 2431 simi
1364 2369 1416 2425 viri
1423 2361 1612 2425 exhortatione
1629 2352 1755 2429 synodali
1766 2364 1861 2417 causa,
1880 2348 1962 2419 jussu
1975 2344 2085 2402 domini

419 2512 540 2588 jusmodi
553 2500 761 2566 charismatibus
774 2487 942 2567 mactabitis.
967 2481 1018 2537 llio
1045 2477 1074 2532 in
1102 2482 1225 2541 tempore
1276 2474 1369 2534 papae,
1385 2466 1412 2514 et
1438 2452 1568 2511 suasione
1597 2444 1739 2515 cujusdem
1781 2433 1990 2497 nominatissimi
2031 2431 2085 2489 riri
2164 2430 2165 2449 ¹

421 2603 553 2661 llenricns
567 2593 701 2653 secundus
714 2589 861 2659 imperator
873 2572 951 2649 regni
965 2570 1073 2642 apicem
1087 2557 1224 2619 strenuis·
1278 2546 1366 2606 sancti
1376 2538 1543 2603 Constamini
1556 2538 1642 2609 (101),
1658 2528 1801 2591 hamanus
1816 2523 1954 2591 mnonici,
1969 2522 1995 2579 ei
2010 2520 2085 2577 alin-

423 2646 1225 2763 simegnhernshstmajuspeterangustusinstgnisue),
1278 2652 1348 2707 rum,
1376 2628 1552 2689 laudabiliter
1578 2624 1636 2696 egit
1662 2628 1690 2677 et
1717 2614 1894 2691 probabiliter
1913 2608 2085 2669 conanitavit
2164 2626 2165 2659 r

425 2797 485 2854 quea
499 2780 595 2835 Rome
607 2764 736 2844 gestavit,
763 2762 792 2817 in
818 2752 897 2829 regni
924 2744 1068 2819 adeptione
1095 2734 1224 2794 cluniaco
1278 2716 1517 2798 tergiversationis
1530 2726 1628 2771 eorum
1643 2708 1689 2781 qui
1703 2714 1798 2765 contra
1812 2716 1911 2761 vemm
1936 2696 2085 2757 mendacio
2164 2686 2165 2693 '

422 2864 572 2940 delegavit.
593 2860 767 2930 Quapropter
793 2844 865 2902 filius
891 2834 1062 2895 dilectionem
1091 2820 1224 2889 Cluniaci,
1279 2809 1572 2871 stareconsneverant.

424 2941 787 3032 quasijushaercditarium,
802 2928 962 2990 medullitus
988 2920 1118 2982 retinens,
1146 2907 1225 2965 ilari-
1315 2904 1343 2957 b.
1358 2894 1546 2959 Hildeiunaus,
1573 2904 1623 2945 rex
1648 2882 1850 2957 Hispaniarum,
1879 2885 1987 2952 penem
2017 2889 2083 2931 san-

422 3049 490 3104 durn
503 3044 610 3097 Patrem
624 3033 678 3090 sibi
691 3027 791 3085 arctius
811 3018 941 3090 colligare
967 3004 1100 3066 decrevit.
1130 2998 1226 3070 111101
1280 2996 1364 3056 ctum,
1393 2982 1498 3041 scilicet
1525 2979 1681 3050 hugonem,
1710 2972 1772 3045 plus
1798 2961 2084 3030 omnihusreccleus,

424 3141 550 3192 sanctum
572 3126 730 3196 hugonem,
757 3108 924 3186 pubescente
950 3102 1031 3156 aetate
1058 3094 1226 3152 vernantem,
1280 3076 1351 3133 votis
1366 3069 1525 3130 ardentibus
1542 3074 1572 3123 ut
1585 3080 1647 3121 eum
1663 3062 1760 3117 videre
1771 3063 1924 3115 mereretur
1950 3054 2087 3125 impetra·

426 3221 520 3281 venue
534 3214 570 3272 ad
583 3229 612 3269 se
625 3204 759 3270 rnvrtavit,
775 3197 919 3254 invitatum
933 3184 1054 3261 gloriose
1066 3175 1184 3248 accepit,
1200 3180 1228 3229 et
1280 3166 1336 3236 rit;
1347 3162 1436 3236 primo
1444 3160 1508 3231 quia
1522 3153 1673 3225 scaptione
1682 3148 1774 3207 iratris
1783 3146 1826 3203 sui
1850 3142 1940 3201 Saucii
1953 3140 2085 3213 precibus

425 3312 458 3371 ut
471 3307 557 3365 filium
571 3314 651 3359 snum
675 3291 823 3351 llenricum
850 3279 958 3338 tertium
987 3273 1022 3327 de
1048 3280 1126 3324 seem
1151 3263 1226 3319 tonte
1280 3251 1366 3309 sancti
1382 3246 1505 3321 lingonis
1517 3240 1637 3305 emersit,
1648 3236 1749 3295 deinde
1771 3234 1836 3306 quia
1861 3228 2087 3302 conjunctionem

424 3399 532 3459 lavaret
545 3393 684 3469 gratanter
696 3374 824 3438 obtinuit.
835 3371 911 3426 Tunc
925 3364 1010 3421 etiarn
1023 3354 1128 3414 Pascha
1149 3346 1226 3407 ceie-
1279 3338 1366 3416 patris
1387 3337 1428 3394 sui
1455 3329 1617 3393 Fredelandi
1644 3335 1672 3385 et
1700 3320 1918 3384 cluniacensium
1945 3314 2086 3390 compagi-

653 3476 660 3487 ·
749 3467 755 3480 ·
801 3464 808 3476 ·
954 3464 1016 3508 cum
1043 3446 1224 3516 imperatore,
1280 3445 1346 3487 nare
1361 3426 1459 3484 lortius
1471 3419 1643 3495 disponebat,
1655 3413 1821 3488 alioquinB.
1833 3411 1914 3466 Petro
1922 3406 2083 3464 inobediens

427 3576 553 3652 angelica
565 3559 737 3626 cremerensi
850 3549 856 3561 '
1198 3541 1224 3591 a,
1281 3526 1308 3577 et
1321 3513 1459 3574 benificiis
1468 3514 1593 3582 ingratus
1604 3504 1828 3564 constitueretur.
1851 3499 1877 3554 ls
1901 3497 1978 3568 (101)
2009 3494 2085 3552 eninr

424 3673 454 3729 in
468 3660 620 3740 agrippina
632 3649 750 3712 colonia.
764 3643 823 3700 Nec
838 3632 925 3694 multo
949 3636 1020 3702 post.
1034 3624 1080 3680 vix
1106 3618 1140 3677 ab
1167 3619 1226 3672 hu·
1281 3623 1343 3666 cum
1358 3601 1508 3660 arctissima
1525 3601 1664 3654 teneretur
1677 3589 1812 3656 custodia,
1837 3595 1865 3644 at
1892 3583 2086 3642 cluniacenses

423 3754 635 3837 pertoleratus,
650 3738 809 3799 Cluuianum
823 3722 913 3792 rediit,
928 3713 1086 3776 maneribus
1106 3705 1227 3765 comita·
1280 3710 1329 3770 pro
1344 3709 1377 3751 eo
1392 3687 1508 3749 arcioni
1521 3683 1719 3748 incumberent,
1734 3693 1787 3752 per
1799 3677 1961 3748 episcopum
1985 3686 2084 3744 qnem-

426 3855 510 3907 Μ
523 3840 623 3919 mun·
1281 3773 1600 3849 deminuatuitqualiter
1612 3768 1737 3827 11111101
1765 3765 1891 3837 lingonis
1918 3770 1946 3818 et
1973 3774 2084 3817 suorum

464 3941 490 3992 3.
516 3929 602 4000 cnjus
626 3921 708 3980 etiam
734 3909 821 3986 gratia
847 3898 1017 3972 Stephanum
1044 3899 1147 3962 papam
1172 3894 1229 3938 non
1282 3871 1406 3946 pulsatus
1432 3875 1461 3922 ut
1474 3863 1554 3920 bravi
1568 3862 1658 3934 ipsum
1673 3855 1790 3928 proprie
1800 3849 1929 3926 potestati
1956 3848 2085 3906 mannei-
2164 3865 2165 3918 3

429 4025 517 4100 fugin
528 4017 644 4090 quicum
654 4003 796 4063 incivitate
806 3987 950 4051 Florentiae
971 3975 1130 4037 valetudine
1157 3983 1229 4027 eon-
1282 3965 1390 4034 gnsret,
1405 3963 1433 4012 et
1446 3953 1482 4010 ad
1496 3957 1632 4024 sceptrum
1641 3960 1729 4020 usque
1743 3942 1921 4016 proveheret.
1935 3938 2083 3994 Neomora

429 4113 541 4171 strictus
553 4097 739 4160 decumberet,
753 4080 916 4142 adveniente
931 4073 1026 4128 sancto
1040 4066 1158 4135 llugone
1172 4057 1229 4113 ini·
1283 4048 1407 4120 claviger
1420 4042 1493 4108 coeli,
1508 4038 1610 4096 Sancio
1625 4048 1741 4108 reguum
1754 4028 1904 4101 usurpanti,
1929 4024 2087 4083 terribiliter

428 4202 529 4260 micum
543 4188 683 4252 recedere,
698 4176 817 4237 exeunte
828 4167 924 4224 eodem
953 4156 1085 4216 accedere
1110 4149 1231 4205 circum-
1286 4143 1369 4194 noctu
1388 4145 1533 4205 apparens,
1562 4133 1678 4182 mortem
1705 4117 1861 4187 intentavit,
1893 4115 1947 4172 nisi
1975 4113 2087 4170 rupem

431 4286 568 4350 mutibus
581 4275 745 4351 protestatus
772 4268 823 4319 est.
852 4255 944 4326 Quare
970 4261 1005 4302 ne
1032 4233 1232 4298 iafoederebilis
1284 4241 1350 4282 mox
1364 4221 1511 4278 dimitteret
1525 4215 1610 4286 (103).
1627 4210 1749 4270 Surrexit
1761 4207 1837 4266 ocius
1849 4205 2012 4264 exturbatus
2045 4209 2088 4272 ty-

891 4351 944 4407 tnr,
971 4330 1144 4392 sedulitatem
1171 4323 1233 4394 ejus
1285 4328 1395 4378 manus,
1410 4301 1635 4366 decendentis
1648 4295 1831 4369 emancipato,
1847 4293 1969 4350 cubitum
1989 4287 2085 4346 rediit.
2164 4295 2165 4308 ¹

889 4413 1231 4486 'distorconiundebatur·.
1285 4405 1379 4472 ltaque
1394 4397 1495 4455 lactum
1508 4401 1550 4452 ast
1563 4401 1593 4448 nt
1606 4405 1657 4446 rex
1671 4386 1812 4454 liberatus,
1836 4381 1974 4454 duplicato
2001 4391 2088 4434 censu

733 4535 739 4546 '
796 4543 856 4584 rsus
882 4521 1011 4588 lacryma
1036 4504 1124 4580 petris
1150 4501 1233 4572 longe
1285 4499 1410 4564 patemo,
1425 4479 1648 4540 intercessoribus
1667 4475 1728 4532 suis
1755 4473 1879 4530 diversas
1906 4467 1967 4526 auri
1992 4463 2089 4521 unnim

834 4611 932 4671 tolicue
945 4605 975 4660 in
988 4600 1048 4668 sinu
1061 4587 1234 4669 presidentis
1286 4575 1426 4634 annuatim
1452 4572 1535 4629 etium
1558 4566 1713 4633 destinaret,
1750 4561 1878 4633 demque
1917 4552 2088 4612 liberationis

887 4698 947 4752 ibus
969 4689 1053 4761 digne
1075 4675 1234 4752 compositis
1286 4661 1386 4724 nostris
1399 4659 1535 4719 celebrem
1547 4651 1757 4723 delerinquerel.

1009 4773 1122 4831 dissime
1136 4766 1234 4824 111111-
1322 4747 1491 4812 bituitus.
1507 4747 1589 4819 liuga
1604 4742 1640 4798 ad
1663 4755 1726 4796 usus
1754 4749 1907 4810 pauperum
1933 4729 2089 4796 conferens,

878 4883 905 4931 et
932 4867 1029 4944 gradu,
1056 4857 1234 4935 postmodum
1247 4835 1274 4900 D
1289 4841 1368 4918 quasi
1382 4841 1452 4898 viles
1463 4832 1613 4892 sarcinulas
1627 4837 1766 4901 reputans,
1778 4823 1959 4897 direptionem
1978 4819 2089 4874 illarum

860 4958 1016 5021 itastissime
1040 4947 1139 5008 claruit
1161 4942 1235 5016 quod
1290 4947 1368 5004 sepe
1381 4925 1495 5003 pertulit
1510 4937 1563 4980 noa
1578 4921 1673 4989 halus,
1689 4915 1753 4988 quin
1781 4912 1863 4970 etiam
1892 4914 2091 4981 preceptorum

1148 5072 1157 5091 .
1187 5031 1238 5088 llic
1291 5023 1374 5081 talem
1388 5013 1483 5073 hahuit
1495 5023 1666 5075 mensuram,
1682 5021 1717 5062 na
1732 5010 1777 5062 aut
1791 4999 1876 5058 nimia
1895 4994 2031 5065 remissio,
2045 5001 2091 5050 snt

434 4827 548 4888 traditus
561 4824 604 4874 est
616 4806 770 4883 sepultura.
808 4883 814 4894 .

437 4922 551 4982 branna,
564 4908 667 4963 mutato
690 4899 718 4950 et
741 4895 852 4944 nomme

772 5271 861 5325 arator
888 5251 1031 5314 defunctus
1058 5233 1237 5319 11101039,
1291 5227 1322 5285 S.
1337 5213 1635 5302 Constantiicanouioi,
1648 5209 1708 5283 ejus
1719 5215 1793 5266 certe
1807 5200 1989 5262 alihinullam
2010 5213 2090 5256 men-

1107 5352 1115 5383 ,
1227 5335 1238 5346 ·
1291 5299 1393 5356 tionem
1405 5295 1568 5350 inveurmus.

1328 5366 1403 5439 (tua)
1415 5364 1451 5433 la,
1466 5360 1569 5417 scilicet
1583 5356 1612 5414 S.
1642 5355 1744 5421 Petrus,
1754 5358 1784 5408 nt
1797 5347 1870 5406 clare
1889 5342 2054 5417 exprimitur
2063 5341 2091 5396 irr

1291 5440 1354 5498 tiu
1368 5452 1419 5508 per
1430 5430 1626 5490 hildebertum.

1329 5508 1403 5578 (103)
1418 5505 1484 5562 llaec
1498 5499 1588 5556 verba
1594 5497 1720 5556 videntur
1728 5489 1902 5552 occasionem
1910 5483 2022 5543 dedisse
2029 5481 2089 5538 1111-

1293 5581 1407 5640 deherto
1421 5571 1562 5640 credendi,
1591 5575 1715 5626 coactum
1743 5561 1823 5621 luisse
1852 5559 1991 5616 sincium*
2010 5552 2090 5610 fratri

1147 5667 1241 5740 osterr-
1294 5653 1440 5710 restituere
1453 5641 1636 5719 dignitatem:
1653 5650 1715 5694 cum
1730 5635 1755 5690 ia
1769 5633 1847 5690 illurn
1861 5629 1993 5686 duntaxat
2006 5623 2090 5682 dimi-

1109 5738 1133 5792 's
1177 5729 1243 5785 'alra
1295 5723 1519 5783 serittecarcere,
1534 5713 1570 5769 ah
1584 5709 1738 5766 liberiorem
1759 5705 1789 5762 iu
1811 5700 1980 5760 monastario
2002 5703 2091 5754 custo·

1173 5799 1243 5859 esis
1295 5795 1462 5858 diammec,
1477 5784 1530 5842 nisi
1557 5787 1619 5856 post
1646 5777 1786 5836 biennium
1812 5775 1947 5845 mortuns,
1976 5783 2089 5842 manum

1185 5873 1243 5929 lie-
1295 5866 1435 5941 alphonso
1449 5853 1633 5929 recipiendum
1647 5846 1792 5908 dimiserit.
