4750 6725
309 583 473 644 ‘idi

914 577 1074 636 aeonem
1094 578 1371 653 cantorattsttsts
1399 578 1572 641 uonsufltt

2018 589 2075 646 408

418 724 481 766 rum
495 706 643 767 monadum
658 705 828 782 prudentiam
852 704 1080 762 etauctoritatem
1101 712 1217 777 aposto·
1232 703 1588 779 Aquasiparesessemus,
1618 710 1692 767 nullo
1721 711 1828 766 Patrem
1841 719 1964 768 nostram
1985 729 2082 770 coram

419 798 491 855 latus
505 797 585 856 vestri
598 797 751 854 consulatis.
772 794 952 865 Omnipotens
964 793 1096 849 Dominus
1106 803 1223 848 vestram

423 886 590 944 sanctitatem
615 885 694 941 nobis
712 885 740 940 in
766 899 822 938 suae
845 881 940 956 gratias
968 881 1148 954 prosperitate
1176 882 1222 937 diu

422 983 512 1031 servet
535 973 697 1031 incolumem
727 979 754 1028 et
777 979 898 1028 conterat
921 971 1049 1026 Satanam
1078 979 1104 1026 et
1128 977 1222 1040 portas

421 1063 501 1120 inlesi
515 1079 563 1118 sua
577 1062 692 1134 pedibas
707 1061 813 1118 vestris.
828 1061 923 1115 Amen.
943 1082 953 1108 a

445 1155 529 1207 'lator
541 1152 601 1208 haec
615 1151 728 1206 Romam
745 1165 828 1220 usqne
848 1149 988 1220 vulgatum
1016 1153 1057 1204 est
1083 1148 1221 1220 arobiepi-

422 1255 535 1311 scopum
556 1238 707 1295 Centuariae
729 1238 873 1310 primatem
891 1237 1035 1292 Britanniae
1056 1237 1140 1292 multo
1163 1240 1220 1294 auri

421 1336 446 1384 et
461 1328 566 1400 argenti
580 1329 705 1400 pondere
719 1333 843 1384 onustam
860 1341 935 1382 mare
948 1325 1097 1394 transiisse,
1105 1326 1221 1383 Romam

421 1432 546 1489 pergere.
556 1417 669 1474 senensi
685 1433 751 1489 ergo
766 1414 889 1472 nonnulli
908 1415 1054 1487 cupiditate
1068 1431 1122 1471 non
1150 1414 1223 1470 bona

419 1505 491 1562 viam
511 1506 667 1574 observant,
691 1505 880 1576 exploratores
903 1513 1015 1576 ponunt,
1039 1504 1150 1574 laqueos
1173 1519 1221 1575 pa·

420 1603 489 1661 rant,
517 1603 546 1649 ιιι
570 1609 631 1650 eum
659 1593 777 1664 capiant.
806 1594 855 1648 His
883 1601 973 1648 tamen
1000 1606 1082 1664 qnam
1098 1592 1221 1648 maxime

419 1683 552 1740 Homines
566 1681 741 1738 Alamannici
756 1682 828 1756 regis
842 1682 881 1754 (o)
897 1681 1080 1748 intendebant,
1109 1682 1145 1738 ab
1160 1684 1220 1738 dis-

420 1773 573 1829 sensionem
597 1789 660 1845 qnae
676 1773 764 1828 suerat
783 1771 836 1826 illis
851 1770 946 1826 diebus
970 1768 1041 1826 inter
1068 1785 1169 1842 papam
1194 1780 1221 1827 ιι

418 1859 517 1932 ipsum.
546 1859 694 1930 Supererat
722 1876 829 1934 quoque
843 1876 874 1915 ea
889 1867 1048 1932 tempestate
1075 1859 1219 1916 wibertus

1277 792 1338 848 allis
1351 794 1508 850 dominandi
1520 798 1584 868 juro
1598 806 1737 870 sequente.
1753 799 1821 856 Cum
1843 800 1926 872 igitur
1952 803 2084 860 monachi

1276 881 1314 935 illi
1329 883 1484 954 nobiscum,
1500 885 1570 941 sicut
1583 887 1746 960 peregrinis,
1762 889 1919 959 vespertina
1941 891 2010 946 hora
2038 892 2084 947 lo-

1276 978 1433 1042 querentur,
1467 981 1493 1028 et
1527 975 1600 1030 unde
1631 977 1798 1032 venissemus
1829 986 2082 1047 pemunotarentur,

1275 1059 1466 1128 respondimus
1485 1061 1521 1117 de
1546 1063 1666 1119 Francite
1694 1064 1816 1136 partibus
1839 1081 1889 1121 nos
1915 1067 2083 1124 adventasse

1275 1149 1302 1202 et
1316 1147 1430 1203 Romam
1445 1165 1542 1222 usque,
1559 1151 1580 1206 si
1602 1153 1674 1208 Deus
1695 1154 1868 1220 concederet,
1892 1155 1933 1209 ire
1950 1157 2031 1212 velle.
2047 1161 2083 1212 dt

1274 1235 1312 1290 illi
1329 1253 1336 1290 :
1356 1259 1367 1285 α
1384 1239 1415 1291 ln
1438 1238 1505 1293 nibil
1534 1241 1655 1307 tenditis,
1675 1241 1807 1313 inquiunt.
1823 1242 1894 1297 Nam
1909 1243 1983 1298 viam
1998 1245 2080 1300 istam

1275 1340 1356 1395 quam
1385 1327 1567 1398 aggredImini
1595 1329 1683 1384 nullus
1706 1330 1734 1385 in
1763 1330 1855 1386 habitu
1883 1331 2014 1406 religioso
2029 1351 2082 1404 per

1275 1429 1359 1486 agere
1373 1423 1461 1485 potest
1476 1416 1540 1485 quin
1555 1417 1679 1487 capiatur
1693 1417 1838 1490 multisque
1852 1419 1958 1489 injuriis
1973 1421 2080 1478 afficia-

1275 1510 1326 1556 tor.
1349 1500 1428 1573 Quod
1444 1504 1665 1577 archiepiscopus
1686 1506 1885 1563 Cantuariensis
1911 1509 2080 1584 intelligens,

1274 1591 1387 1661 sapienti
1402 1592 1516 1647 consilio
1528 1609 1592 1647 usus
1621 1601 1669 1649 est.
1697 1594 1842 1666 Proposuit
1859 1611 1979 1668 namque
2003 1599 2081 1654 idem

1275 1678 1316 1733 vir
1331 1695 1360 1733 se
1371 1695 1422 1751 pro
1436 1695 1494 1747 sna,
1509 1687 1539 1735 ut
1553 1681 1647 1748 sertor,
1664 1697 1746 1737 causa
1772 1699 1857 1754 nuper
1884 1685 1999 1740 Romam
2025 1687 2078 1742 ita-

1273 1783 1343 1834 rnm,
1359 1776 1385 1823 et
1399 1769 1473 1824 venit
1495 1785 1580 1841 usque
1608 1771 1783 1826 Placentiam.
1814 1773 1913 1828 ilerum
1941 1789 2002 1829 oum
2024 1775 2085 1832 illio

1274 1858 1413 1927 sequentis
1444 1856 1495 1913 viae
1526 1857 1675 1928 periculum
1702 1859 1854 1928 didicisset,
1873 1877 2003 1918 reversus
2023 1873 2076 1933 est,

418 1949 642 2020 archiepiscopus
657 1949 810 2018 Ravennas,
840 1947 885 2022 qui
913 1947 948 2004 de
971 1948 1121 2019 apostolatu
1136 1965 1218 2021 quem
1272 1954 1298 2000 et
1313 1960 1384 2001 nunc
1399 1945 1522 2017 Lugduni
1546 1954 1673 2003 moratur.
1693 1947 1837 2005 sddbaec
1851 1949 2078 2007 balduinusait:

417 2045 510 2092 contra
522 2037 567 2108 jus
588 2037 727 2094 invaserat
754 2039 857 2109 pulsus,
887 2037 961 2093 omni
988 2036 1123 2108 religiosae
1151 2043 1259 2108 per-B
1276 2057 1288 2084 ι
1305 2035 1340 2089 Et
1353 2033 1400 2089 ille
1415 2035 1483 2090 bene
1497 2034 1607 2106 quidem
1622 2034 1695 2102 lecit,
1710 2044 1737 2091 et
1751 2052 1801 2092 nos
1813 2037 1877 2108 quia
1892 2038 2077 2108 servitioliei,

413 2140 488 2182 sonae
503 2126 616 2182 Romam
626 2126 728 2198 petenti
743 2143 794 2197 per
808 2143 838 2182 se
848 2141 967 2198 suosque
986 2123 1075 2181 modis
1085 2124 1212 2198 qualibus
1265 2133 1290 2182 et
1322 2123 1477 2181 obedientia
1507 2123 1655 2193 spiritualis
1687 2125 1773 2180 Patris
1805 2126 1845 2182 ire
1872 2127 2076 2199 compellimur,

409 2221 516 2282 poteret
542 2214 663 2270 struebat
682 2214 804 2270 insidias.
833 2213 911 2270 Unda
939 2214 1051 2286 quidam
1079 2215 1209 2287 episcopi,
1266 2223 1395 2286 quantam
1410 2211 1489 2266 nobis
1505 2210 1609 2266 licuerit
1623 2212 1739 2268 ducente
1766 2213 1885 2270 Domino
1907 2217 2076 2288 progredie-

413 2302 551 2372 monachi,
568 2312 594 2359 et
608 2303 728 2375 religiosi
756 2303 847 2360 clerici
875 2318 908 2358 oa
936 2302 1063 2359 saeviente
1078 2319 1211 2375 persecu·
1265 2320 1334 2358 mur.
1351 2301 1466 2370 Quando
1480 2299 1550 2355 ultra
1563 2315 1617 2357 non
1632 2301 1810 2374 potuerimus,
1825 2303 1901 2360 salva
1914 2302 2077 2360 obedientis

411 2389 485 2446 tione
508 2391 591 2462 capti,
620 2391 727 2463 spoliati
752 2392 895 2464 multisque
917 2391 1089 2448 contumeliis
1108 2391 1208 2460 allecti,
1264 2399 1353 2447 nostra
1385 2396 1567 2444 revertemur.
1599 2390 1687 2444 Ducat
1717 2406 1779 2458 nos,
1814 2391 1897 2460 aiunt,
1930 2391 2072 2464 benignos

407 2479 496 2534 necati
515 2487 587 2535 aunt.
618 2480 673 2552 Spe
696 2481 778 2555 igitur
798 2482 917 2537 maxima
938 2497 1033 2536 manus
1053 2480 1143 2554 iniqua
1157 2482 1209 2536 sibi
1264 2479 1346 2535 Deus.
1366 2501 1377 2528 ι
1395 2477 1538 2532 Celebrato
1548 2477 1631 2548 igitar
1642 2477 1712 2534 inter
1726 2493 1773 2534 eos
1783 2478 1869 2535 noctis
1884 2477 1973 2536 allicio
1988 2489 2072 2552 atque

402 2566 505 2624 conlisa
520 2577 560 2625 est
574 2569 656 2624 simili
678 2585 820 2641 poenarum
841 2585 942 2644 genere
965 2585 1025 2625 sese
1050 2568 1208 2625 Anselmum

404 2655 606 2712 damnaturum.
637 2657 692 2714 Sed
717 2658 772 2725 ille,
802 2664 832 2713 ut
859 2657 986 2727 diximus,
1015 2659 1139 2730 Lugduni
1160 2675 1208 2715 re-

407 2744 517 2813 mansit,
547 2746 662 2802 reditum
691 2747 844 2804 nuntiorum
873 2761 981 2803 suornm
999 2745 1037 2802 ibi
1069 2747 1205 2818 operiens.

407 2832 474 2888 Cum
489 2849 554 2890 vero
568 2834 750 2907 malignantes
765 2835 803 2891 illi
823 2851 926 2892 moram
941 2851 977 2891 ex
1006 2834 1122 2891 adventu
1147 2835 1207 2906 ejus

401 2927 480 2976 extra
510 2937 585 2993 spem
618 2931 787 2994 paterentur,
821 2924 976 2980 didicerunt
1007 2940 1023 2979 a
1055 2924 1207 2997 peregrinis

404 3024 466 3064 cum
481 3009 574 3067 valida
588 3011 711 3083 corporis
726 3011 882 3068 infirmitate
898 3021 1010 3082 tentum,
1035 3028 1052 3069 a
1074 3013 1206 3086 lugduno

1264 2567 1330 2636 diei,
1346 2583 1395 2622 nos
1409 2566 1463 2621 vire
1478 2564 1659 2621 reddidimus.

1299 2655 1490 2711 Sabinorum
1505 2653 1766 2726 Romamprospero
1795 2655 1893 2712 itinere
1922 2658 2072 2728 pervenis·

1263 2760 1364 2813 semus,
1379 2752 1406 2799 et
1428 2741 1604 2797 dnselmusa
1626 2759 1698 2814 papa
1718 2744 1912 2800 decentissIme
1925 2753 2072 2815 susceptus

1263 2834 1298 2888 de
1319 2833 1362 2887 sui
1384 2831 1518 2887 adventas
1540 2844 1623 2886 causa
1652 2831 1799 2903 requisitos
1822 2831 1926 2897 fuisset,
1942 2847 1976 2890 eo
1990 2832 2070 2888 illam

1262 2921 1359 2977 ordine
1374 2918 1464 2975 rotulit
1479 2933 1532 2989 qno
1545 2919 1573 2972 in
1587 2917 1703 2988 epistola
1716 2934 1764 2973 sna
1788 2935 1870 2991 quarn
1893 2921 2069 2994 abugdnno,

1261 3018 1290 3064 ut
1313 3007 1442 3075 diximus,
1465 3007 1490 3062 ei
1513 3006 1621 3075 dixerit,
1642 3007 1729 3077 ipsam
1757 3007 1881 3080 digessit.
1912 3009 1995 3064 Audit
2023 3008 2071 3066 ille

404 3096 521 3168 amplius
535 3113 589 3154 non
604 3101 828 3172 promovendum.
850 3100 928 3170 Quod
951 3101 1051 3157 dictum
1080 3101 1204 3172 peregri·
1261 3114 1322 3168 quse
1336 3096 1467 3162 seruatur,
1497 3101 1524 3150 et
1549 3095 1756 3151 subventionem
1781 3095 1937 3166 pollicetur.
1963 3097 2072 3152 Scribit

402 3201 501 3242 norom
517 3201 570 3242 non
587 3186 684 3244 initex
705 3195 761 3245 toto
789 3189 894 3245 veritati
923 3189 1097 3245 contrarium.
1124 3189 1204 3244 lnfir-
1260 3184 1346 3240 litters
1372 3183 1525 3240 Wilbelmo
1549 3183 1609 3256 regi
1634 3184 1750 3257 Angliae,
1780 3185 1807 3238 in
1840 3185 1938 3257 quibus
1964 3191 1996 3240 ut
2024 3203 2072 3242 res

403 3282 492 3330 matus
506 3291 605 3347 nempe
620 3276 717 3344 lueret,
733 3285 762 3333 ut
776 3277 810 3333 de
824 3277 947 3333 sanitatis
962 3278 1035 3333 illius
1055 3294 1204 3349 recupera·
1259 3273 1378 3329 Anselmi
1395 3273 1492 3328 liberas
1519 3271 1546 3326 in
1574 3287 1659 3344 regno
1686 3287 1736 3328 suo
1763 3272 1864 3328 laceret
1888 3289 1920 3329 ac
1948 3273 1983 3330 de
2011 3275 2072 3329 suis

402 3364 474 3435 ,ione
500 3365 656 3437 desperatio
679 3382 731 3423 nos
753 3381 806 3422 non
830 3382 913 3439 parva
936 3374 1051 3424 teneret.
1081 3368 1141 3437 Quo
1165 3368 1204 3424 illi
1258 3362 1477 3419 omnibusillum
1492 3362 1633 3417 revestiret
1648 3365 1749 3426 monet,
1778 3362 1911 3433 hortatur,
1937 3362 2068 3434 imperat.

403 3452 505 3521 audito,
522 3456 686 3511 consternati
703 3465 764 3511 sunt
779 3456 887 3522 animo;
904 3467 930 3513 et
945 3458 1017 3529 quod
1032 3457 1066 3514 de
1081 3458 1203 3514 tnselmi
1260 3451 1359 3508 Scribit
1372 3466 1478 3522 quoque
1492 3450 1638 3504 noscimus
1654 3448 1705 3504 sub
1733 3451 1830 3505 eadem
1858 3451 1972 3507 materia
1990 3451 2069 3507 litte-

403 3541 600 3599 disturbstione
615 3560 693 3615 spem
721 3543 868 3615 habebant,
897 3546 1081 3617 perdiderunt.
1106 3548 1205 3601 Verum
1259 3556 1313 3608 ras,
1329 3548 1357 3595 et
1371 3555 1417 3595 eas
1430 3554 1483 3594 noa
1497 3554 1558 3593 cum
1573 3538 1669 3592 litteris
1691 3552 1772 3609 popm
1795 3538 1848 3610 ipsi
1863 3540 1924 3612 regi
1938 3539 2069 3595 destinat.

404 3628 536 3703 languore
564 3648 664 3705 magna
687 3648 721 3689 ex
742 3641 819 3705 parte
849 3635 948 3706 sopito,
974 3643 1001 3690 et
1023 3650 1131 3691 rumore
1159 3636 1205 3707 qui
1260 3628 1410 3684 blansimns
1425 3626 1962 3699 ergoRomaedecemdiebosinpalatio
1981 3628 2069 3684 Late-

404 3719 521 3792 populoa
541 3720 576 3776 de
596 3736 724 3792 processu
748 3722 832 3795 ipsius
855 3724 1007 3795 repleverat
1030 3725 1206 3797 circumqua—
1261 3716 1379 3784 ranensi.
1395 3732 1456 3773 0⁰¹⁰
1471 3730 1545 3786 papa
1559 3716 1700 3787 desinite·-

400 3823 454 3879 qne
481 3808 636 3877 exstineto,
660 3826 724 3867 ecce
752 3826 820 3883 quos
848 3812 963 3869 Romam
988 3813 1098 3869 miserat
1121 3814 1207 3868 nuntii
1297 3815 1414 3870 Praeerat
1423 3829 1457 3869 eo
1471 3816 1595 3883 tempore
1610 3812 1697 3867 abbas
1712 3812 1834 3884 quidam,
1863 3814 1985 3876 loannes
2013 3830 2069 3871 no-

402 3897 524 3963 veniunt,
540 3902 567 3953 et
581 3898 654 3969 quod
675 3900 748 3953 omni
773 3901 946 3957 excusatione
964 3901 1072 3956 sublata
1095 3918 1157 3957 euin
1173 3901 1208 3956 ad
1262 3904 1344 3969 mine,
1360 3901 1485 3959 coetrobio
1500 3900 1654 3958 Salvatoris
1669 3901 1742 3971 quod
1756 3916 1843 3971 prope
1860 3900 2014 3957 Telesinam
2030 3904 2069 3975 (c)

401 4000 431 4039 sa
444 3998 516 4056 papa
535 3999 683 4055 properare
695 3988 826 4058 praecepit
841 3988 973 4044 referunt.
992 3987 1063 4058 Quid
1091 3990 1207 4045 moror‘l
1261 3990 1357 4047 urbem
1372 3992 1451 4046 situm
1467 3998 1517 4045 est.
1544 3988 1615 4058 Quid
1643 3990 1769 4055 loannes,
1794 3989 1931 4046 Romanus
1952 4006 2067 4063 genere,

403 4071 516 4125 Nescius
543 4086 630 4126 morae
657 4062 814 4143 apostolicis
841 4075 920 4142 jussis
953 4075 1078 4146 obaudit,
1107 4077 1159 4133 viae
1178 4092 1208 4132 se
1262 4080 1453 4137 discendamm
1468 4078 1558 4134 studio
1573 4078 1721 4133 litterarum
1746 4079 1804 4149 jam
1833 4078 1897 4133 olim
1926 4078 2070 4135 Franciam

403 4158 540 4229 periculis,
557 4166 670 4215 mortem
690 4176 740 4233 pro
755 4162 812 4217 Deo
827 4178 880 4219 non
896 4164 1008 4232 veritus,
1026 4164 1119 4220 tradit.
1261 4176 1382 4233 venerat,
1404 4168 1497 4238 ibique
1516 4166 1589 4221 sama
1609 4174 1751 4237 permotus
1778 4166 1897 4221 dnselmi
1926 4166 1973 4240 qui
2002 4175 2071 4224 tunc

437 4244 746 4321 Discedentesigitura
778 4249 917 4323 langduno
950 4253 1027 4307 tertia
1050 4253 1120 4308 seria
1146 4270 1209 4327 quae
1262 4256 1339 4313 Becoi
1354 4256 1440 4311 abbas
1453 4263 1519 4323 erat,
1542 4269 1604 4309 eum
1629 4254 1768 4327 religionis
1795 4254 1937 4325 proposito
1957 4254 2070 4311 fervens

403 4342 466 4390 anta
484 4334 653 4395 Dominicam
673 4336 747 4395 diem
766 4338 920 4395 Palmarum
940 4349 1007 4409 erat,
1027 4342 1150 4397 venimus
1181 4342 1209 4396 in
1263 4344 1340 4413 adiit,
1355 4360 1441 4415 eoque
1456 4344 1558 4411 audito,
1574 4342 1813 4398 Beccimonacbus
1828 4342 1915 4397 lactus
1930 4342 2070 4412 estQuod

407 4422 583 4497 subsequenti
602 4426 724 4483 Sabbata
745 4427 779 4483 ad
799 4428 889 4484 villam
909 4432 1055 4501 quamdam
1076 4448 1136 4503 quae
1152 4432 1209 4486 As·
1263 4431 1308 4486 nbi
1323 4439 1386 4504 post
1407 4432 1512 4502 aliquot
1531 4445 1617 4486 annos
1643 4431 1677 4486 ad
1702 4447 1781 4486 aures
1804 4430 1904 4485 sommi
1930 4430 2070 4501 pontilicis

405 4528 422 4584 p
487 4513 525 4584 lb)
541 4514 646 4583 dicitur,
664 4514 692 4570 in
707 4532 760 4589 qua
775 4532 837 4573 oum
851 4517 982 4589 hospitati
1010 4527 1090 4591 atque
1117 4521 1210 4576 relecti
1262 4520 1366 4577 Urbani
1382 4519 1514 4591 pervenit,
1530 4520 1660 4575 loannem
1674 4518 1762 4589 ipsum
1790 4519 1826 4573 ad
1853 4534 1883 4573 se
1905 4519 2070 4576 accercitum

543 4620 552 4631 ³
583 4604 671 4659 visum
691 4605 764 4661 Patri
784 4615 825 4662 est
845 4606 985 4663 decentius
1016 4608 1088 4665 inter
1115 4624 1210 4666 mona·
1263 4607 1369 4680 praelati
1396 4606 1511 4663 caenobii
1540 4606 1669 4662 abbatem
1696 4606 1769 4662 lecit.
1794 4606 1948 4679 llicitaque
1971 4608 2068 4681 agnito

610 4692 684 4749 ‘dam
714 4694 779 4750 villa
802 4695 1005 4765 cohabitabant,
1035 4713 1115 4768 quam
1141 4698 1212 4753 inter
1264 4698 1370 4752 Patrem
1395 4712 1473 4751 suarm
1501 4694 1658 4751 anselmum
1688 4695 1802 4750 Romam
1829 4696 1947 4763 venisse,
1978 4696 2070 4751 missis

677 4798 681 4809 ·
699 4798 749 4838 nos
764 4784 932 4853 conversari,
949 4791 1004 4839 tam
1021 4785 1206 4857 proptnrreli-
1221 4760 1248 4823 D
1262 4785 1364 4840 nuntiis
1377 4784 1450 4839 omni
1466 4783 1554 4839 studio
1568 4784 1729 4853 deprecatus
1744 4792 1795 4854 est,
1818 4792 1951 4855 qnatenus
1978 4785 2014 4841 ad
2038 4802 2069 4841 se

742 4871 846 4940 *rdinis,
869 4880 924 4927 tum
944 4881 1057 4943 propter
1088 4874 1206 4930 odicium
1260 4872 1364 4929 veniret
1378 4880 1458 4943 utque
1472 4872 1499 4926 in
1514 4888 1563 4926 sua
1577 4872 1695 4943 quadam
1711 4871 1853 4929 mansione
1878 4873 1922 4927 coi
1950 4872 2070 4929 salubris

799 4959 854 5014 '‘ri.
872 4960 1059 5033 Dareitaque
1088 4962 1205 5017 manda·
1260 4960 1454 5026 auralarebat,
1472 4960 1664 5015 adevitandas
1692 4960 1823 5017 Romanae
1851 4960 1933 5018 Urbis
1953 4962 2069 5033 aegrita·

885 5058 1068 5105 ossensemnt.
1090 5051 1206 5106 Erannos
1261 5050 1348 5117 dines,
1360 5048 1470 5104 instanti
1481 5048 1641 5121 dignaretur
1655 5057 1748 5103 aestate
1770 5050 1935 5104 conversari.
1961 5048 2069 5118 Quibus

941 5138 1056 5207 bamus,
1082 5138 1207 5195 dominns
1260 5138 1425 5207 incenditis,
1441 5154 1565 5208 supernae
1578 5137 1672 5208 pietati
1686 5152 1718 5191 ac
1742 5134 1867 5193 fraternae
1890 5137 2069 5195 sollicitudini

998 5226 1153 5293 ”aldoinus
1181 5236 1208 5284 et
1261 5226 1362 5299 gratias
1373 5227 1439 5298 egit,
1454 5241 1616 5298 summoque
1629 5222 1748 5295 pontifici
1776 5224 1876 5280 relatas
1902 5241 1999 5295 preces
2022 5228 2068 5283 in·

1074 5314 1208 5372 ·ibamus
1261 5314 1357 5370 notuit.
1385 5316 1419 5369 dt
1446 5314 1516 5371 ille:
1536 5337 1547 5363 a
1564 5313 1598 5381 Ο,
1628 5312 1724 5385 inquit,
1754 5311 1856 5369 divinae
1884 5313 2069 5371 miserationis

1160 5438 1276 5497 “HENII
1293 5438 1408 5495 Note

1260 5562 1343 5617 niori
1358 5562 1419 5618 Vita
1433 5562 1532 5617 dicitur
1541 5560 1664 5624 secam,
1680 5556 1763 5631 vulgo
1777 5558 1858 5627 Susa,
1870 5558 1917 5614 nbi
1929 5567 1990 5615 eret
2004 5574 2068 5616 mo-

1312 5633 1409 5688 'arium
1423 5634 1451 5688 S.
1467 5633 1546 5699 lusti,
1561 5644 1591 5687 nt
1603 5630 1706 5687 ibidem
1719 5630 1922 5685 annotavimus.

1358 5704 1453 5759 ‘alesia
1468 5706 1532 5759 urbs
1547 5702 1651 5760 Samnii
1666 5700 1839 5771 episcopalis,
1855 5700 1906 5755 sub
1920 5702 2067 5757 Beneven-

1420 5776 1598 5846 'naimonem
1627 5772 1700 5829 baud
1726 5772 1823 5842 procul
1849 5788 1864 5826 a
1898 5770 2065 5829 continentis

1477 5847 1515 5900 “ri
1529 5846 1671 5901 fluminum
1698 5840 1726 5897 in
1754 5842 1887 5898 hodierna
1915 5843 2001 5899 Tem
2015 5845 2064 5900 Le-

1518 5917 1537 5945 '·
1563 5932 1635 5973 nunc
1647 5914 1707 5971 fere
1720 5912 1835 5970 deserta.
