4750 6725
278 646 310 703 81
947 642 1010 704 Lib,
1030 641 1079 713 111,
1099 642 1210 708 attsr.
1231 648 1273 711 Ll.
1894 664 1927 721 82

277 788 394 831 serrare
408 772 542 846 poteritis,
559 772 582 831 si
596 774 782 850 unusquisque
796 789 851 833 non
862 780 892 832 ut
904 775 972 833 alius
985 791 1073 845 snam,
1089 770 1119 835 Α
1133 772 1204 830 dicio
1232 776 1382 832 ostenditur
1405 778 1542 837 sustinens
1557 795 1615 839 esse
1629 798 1702 849 suus,
1719 778 1746 841 in
1766 786 1927 847 monachico

276 863 327 918 sed
355 872 385 919 ut
411 863 473 933 ipse
490 864 604 920 alterius
627 866 794 922 voluntatem
817 866 909 933 faciat,
933 866 1075 922 studuerit.
1129 864 1262 934 probatur
1276 882 1395 922 nonesse
1410 884 1488 923 suus.
1503 870 1571 924 Nam
1582 874 1705 943 quamvis
1720 891 1765 929 rex
1782 885 1827 932 aut
1838 878 1924 944 dives,

276 952 453 1009 otiositatem
471 970 580 1027 quoque
596 955 665 1010 sicut
688 971 743 1010 rem
766 956 903 1012 inimicam
923 957 1076 1010 animarum
1129 964 1190 1004 crim
1206 960 1301 1021 sponte
1318 954 1436 1022 reputat,
1454 966 1660 1025 sepeecatoram
1676 962 1817 1017 humiliter
1832 972 1926 1019 asten-

276 1057 293 1097 a
308 1042 388 1097 robis
398 1042 543 1109 excludite,
561 1050 588 1098 et
602 1044 789 1117 unusquisque
803 1044 1031 1114 consideretquia
1042 1044 1076 1099 de

276 1132 395 1204 singulis
405 1132 551 1188 momentis
565 1132 627 1188 rita
642 1143 742 1189 nostrae
756 1134 889 1188 reddituri
904 1150 997 1188 sumus
1016 1134 1075 1188 Deo

203 1277 204 1280 ,
275 1222 419 1277 tationem.
436 1221 594 1294 cuicunque
609 1238 676 1293 ergo
691 1222 820 1278 Deusdat
831 1224 950 1296 aliquam
960 1228 1074 1294 gratiam

274 1310 309 1365 ad
324 1310 476 1383 quamlibet
495 1310 648 1376 utilitatem,
678 1328 710 1366 en
724 1319 815 1367 utatur
842 1311 1000 1383 inquantum
1024 1312 1075 1366 ha-

202 1413 203 1418 *
274 1398 364 1455 buerit
377 1400 617 1470 opportunitatem.
626 1399 679 1468 Qui
690 1401 761 1455 enim
776 1416 831 1456 non
846 1401 931 1455 utitur
943 1407 1075 1471 potestate

273 1488 468 1544 benefaciendi
485 1503 566 1558 quam
580 1487 672 1555 habet,
703 1488 731 1544 in
746 1491 791 1544 die
811 1489 909 1559 judicii
926 1489 1004 1563 quasi
1019 1506 1074 1545 non

274 1578 378 1633 habens
397 1575 571 1648 judicabitur,
598 1584 624 1632 et
643 1576 740 1633 abillo
763 1578 904 1633 auferetur
919 1578 973 1633 hoc
987 1577 1074 1649 ipsum

274 1666 346 1737 quod
367 1665 471 1721 babere
493 1664 610 1733 videtur,
625 1666 689 1738 quia
711 1674 737 1721 at
751 1667 865 1739 praemio
893 1668 965 1739 quod
978 1667 1075 1723 mereri

201 1773 202 1788 ¹
273 1754 361 1826 potnit
390 1753 506 1823 carebit,
533 1758 560 1809 et
582 1754 713 1826 deinceps
735 1754 837 1810 nullam
864 1755 981 1826 alicujus
1009 1756 1073 1811 botri

272 1842 365 1915 operis
382 1848 542 1913 potestatem
569 1845 598 1897 iu
622 1844 712 1914 parnis
736 1843 857 1898 habebit.
884 1843 968 1912 Quasi
983 1852 1072 1899 autern

271 1932 316 1987 alii
327 1932 436 1985 dabitur
447 1931 521 2003 quod
536 1932 572 1986 ah
603 1931 650 1986 illo
678 1932 827 1999 auferetur,
844 1931 955 2003 quando
975 1933 1013 1987 illi
1026 1934 1072 2004 qui

272 2020 341 2075 bene
355 2022 487 2092 operatur
499 2019 646 2075 secundum
659 2021 730 2091 quod
745 2019 776 2048 '⁸'
789 2021 904 2091 accepit,
930 2022 1073 2093 praemium

269 2108 427 2180 augebitur,
456 2108 520 2187 quia
531 2110 611 2177 juxta
635 2108 712 2163 illum
732 2109 778 2181 qui
806 2108 1112 2193 negligenterviniqB

200 2225 201 2234 κ
270 2198 328 2265 eius
342 2197 473 2268 exemplo
488 2214 504 2253 a
517 2197 590 2252 bono
604 2212 689 2268 opere
703 2213 759 2252 non
775 2196 885 2253 deiecit.
897 2197 1004 2253 Gratias
1017 2214 1070 2270 ago

269 2286 348 2341 robis
360 2286 422 2356 quia
432 2301 483 2356 pro
498 2301 542 2341 me
556 2286 651 2353 oratis,
666 2292 695 2340 et
708 2301 758 2343 oro
773 2291 802 2340 ut
816 2286 851 2340 ab
875 2288 926 2343 hac
940 2288 1072 2343 charitate

270 2390 323 2429 non
337 2373 490 2431 desistatis.

486 2462 571 2530 386
587 2462 760 2520 aristote
776 2464 796 2517 L
811 2460 853 2517 '”.

399 2566 520 2606 nnsauan
534 2565 570 2605 an
585 2566 757 2607 annnannua
772 2566 936 2607 nannenus.

269 2642 364 2697 Pluris
388 2656 447 2696 erse
469 2640 586 2725 unicam
606 2641 820 2725 reputationem
839 2658 876 2696 ec
900 2639 1068 2708 obedientia,

388 2728 476 2783 quarn
491 2726 659 2767 annumeras
673 2728 711 2767 ee
724 2726 837 2783 proprio
851 2728 946 2767 serrae.

301 2804 456 2856 atussanus
482 2800 713 2871 archiepiscopus,
742 2801 905 2867 Bassiano,
935 2800 1070 2855 monacho

267 2888 385 2945 caenobii
401 2888 432 2944 S.
446 2889 619 2959 werburga,
636 2888 750 2943 salutem
766 2896 793 2944 et
807 2889 971 2944 orationem.

1128 1038 1183 1105 dat,
1214 1040 1287 1095 nulla
1303 1046 1391 1095 tamen
1415 1042 1526 1097 alterius
1547 1046 1665 1101 lronnnis
1679 1048 1803 1116 jussione
1819 1050 1848 1079 '⁸⁸
1865 1052 1926 1107 huic

1128 1126 1275 1182 humilitati
1289 1146 1316 1183 se
1332 1130 1438 1199 patiens
1454 1132 1595 1201 subderet,
1612 1135 1660 1190 sed
1674 1136 1783 1205 jubenti
1797 1140 1924 1195 omnibus

1128 1212 1231 1267 viribus
1247 1215 1392 1268 resisteret.
1410 1216 1477 1269 Cnnr
1491 1224 1580 1270 autern
1594 1222 1747 1275 monachus
1762 1238 1794 1277 ax
1810 1233 1922 1279 senteu-

1128 1302 1166 1355 tia
1181 1302 1284 1372 praeluti
1296 1302 1322 1355 in
1336 1302 1453 1373 capitulo
1469 1305 1606 1360 humiliter
1619 1306 1735 1379 flagellis
1751 1327 1781 1365 se
1797 1313 1919 1383 subjicit,

1129 1398 1202 1445 tanto
1243 1390 1354 1459 majoris
1382 1392 1471 1446 meriti
1504 1395 1577 1449 hunc
1600 1410 1657 1450 esse
1683 1398 1784 1452 veritas
1809 1400 1921 1469 judicat,

1128 1487 1230 1550 quanto
1256 1481 1343 1553 magis
1367 1490 1393 1535 et
1408 1482 1498 1535 verius
1515 1499 1543 1537 se
1555 1499 1635 1554 quam
1650 1484 1696 1541 ille
1711 1487 1843 1542 humiliat.
1874 1490 1922 1547 llle

1128 1584 1248 1638 namque
1272 1586 1302 1624 se
1330 1568 1382 1624 soli
1397 1572 1455 1625 Deo
1478 1572 1603 1626 humiliat
1617 1582 1725 1644 propter
1749 1586 1921 1646 peccatorum

1127 1658 1331 1725 conscientiam,
1347 1659 1398 1714 iste
1419 1675 1483 1714 reru
1499 1660 1579 1715 etiam
1602 1662 1716 1731 homini,
1729 1673 1837 1735 propter
1851 1667 1921 1722 ohe-

1127 1746 1267 1801 dientiam.
1279 1746 1410 1803 llumilior
1425 1756 1513 1803 autem
1526 1748 1571 1821 qui
1584 1756 1611 1805 et
1626 1751 1683 1806 Deo
1699 1760 1725 1807 et
1738 1754 1839 1809 homini
1855 1770 1921 1825 pro-

1127 1844 1187 1905 pter
1203 1835 1285 1889 [nun
1303 1852 1332 1890 se
1359 1836 1491 1905 humiliat,
1508 1853 1592 1907 quam
1608 1839 1652 1909 qui
1667 1840 1718 1896 soli
1736 1842 1793 1897 Deo
1815 1850 1841 1897 et
1869 1860 1924 1899 non

1127 1924 1251 1977 humanm
1279 1924 1394 1993 jussioni
1410 1942 1439 1979 se
1454 1926 1589 1981 humiliat.
1614 1929 1684 2000 Ergo
1696 1930 1718 1984 si
1734 1930 1780 2001 qui
1791 1948 1820 1987 se
1836 1932 1924 1987 lrumi-

1126 2010 1182 2083 liat,
1200 2012 1360 2067 exaltabitur
1376 2030 1383 2077 ;
1399 2014 1442 2083 qui
1458 2030 1487 2068 sc
1503 2016 1593 2087 magis
1608 2016 1743 2084 humiliat,
1754 2020 1924 2091 magisaxal-

1126 2098 1234 2151 tabitnr.
1245 2096 1323 2165 Quod
1333 2096 1362 2125 ⁹⁶⁸
1378 2106 1467 2152 autem
1495 2098 1563 2166 dixi,
1579 2117 1640 2156 cum
1656 2104 1804 2158 monachus
1833 2120 1922 2175 vapu-

1126 2185 1174 2249 lat,
1190 2186 1243 2240 hoa
1255 2202 1270 2238 n
1284 2202 1333 2241 sua
1348 2186 1659 2255 voluntatndiscordare,
1672 2192 1769 2246 nonita
1784 2192 1920 2265 intelligas

1125 2275 1201 2344 quasi
1226 2275 1295 2329 nolit
1319 2275 1370 2329 boc
1396 2275 1532 2330 obedienti
1548 2277 1687 2333 voluntate
1703 2282 1836 2350 patienter
1859 2298 1923 2351 por-

1124 2370 1192 2427 tare,
1209 2363 1256 2417 sed
1269 2363 1395 2433 (quoniam
1412 2380 1444 2418 ar
1461 2364 1575 2420 naturali
1590 2367 1708 2436 appetitu
1733 2372 1824 2423 carnis
1841 2370 1922 2426 dolo-

1124 2468 1181 2505 rem
1208 2451 1291 2506 nollet
1314 2452 1439 2507 tolerare.
1457 2452 1534 2520 Quod
1550 2454 1573 2508 si
1588 2455 1658 2510 dicis
1677 2475 1682 2509 :
1699 2458 1759 2511 Non
1779 2462 1833 2511 tam
1846 2458 1922 2531 fugio

1124 2539 1260 2609 publicum
1277 2539 1477 2609 reputationem
1496 2538 1527 2569 '⁸⁷
1541 2550 1654 2613 propter
1668 2543 1775 2599 dolores
1802 2561 1871 2617 quos
1896 2554 1923 2603 et

1124 2636 1227 2683 secrete
1254 2630 1342 2683 sentio
1367 2644 1446 2699 quam
1473 2639 1583 2701 propter
1622 2632 1824 2699 verecundiam,
1853 2634 1921 2690 scito

1123 2715 1187 2787 quia
1204 2715 1248 2770 illa
1259 2715 1455 2786 lortiorcstqui
1480 2718 1549 2772 hanc
1565 2734 1672 2789 quoque
1702 2720 1834 2776 sustinere
1849 2736 1921 2793 gau-

1124 2804 1169 2859 det
1183 2810 1295 2874 propter
1310 2804 1503 2861 obedientiam.
1515 2804 1609 2860 Certus
1629 2822 1695 2877 argo
1709 2816 1767 2863 esto
1782 2810 1844 2881 quia
1860 2826 1921 2865 ma·

1120 2892 1189 2961 juris
1205 2892 1290 2946 meriti
1305 2900 1347 2947 est
1368 2908 1421 2948 unu
1435 2892 1573 2965 vapulatio
1601 2896 1726 2951 monachi
1742 2895 1857 2953 tolerata
1871 2914 1921 2971 per

300 2977 402 3034 Audivi
417 2992 434 3032 a
448 2976 561 3032 domino
582 2976 679 3032 abbate
702 2984 747 3032 tuo
762 2977 836 3048 quod
855 2976 967 3046 majoris
981 2977 1070 3032 meriti
1085 2999 1087 3004 ·
1122 2981 1313 3040 obedientiam.
1326 2996 1407 3051 quam
1423 2982 1636 3038 innumerabiles
1662 2992 1780 3054 acceptae
1792 3002 1841 3056 per
1854 3002 1921 3057 pro·

264 3067 446 3136 judicascum
457 3066 608 3121 monachus
621 3083 650 3120 se
665 3065 859 3132 autverherat,
879 3073 925 3121 aut
952 3066 988 3121 ab
1015 3065 1069 3121 alio
1122 3072 1210 3141 priam
1238 3070 1412 3125 sententiam.
1429 3071 1483 3127 Sed
1499 3088 1561 3129 curn
1590 3072 1650 3127 talis
1674 3081 1715 3128 est
1731 3076 1878 3131 monachus
1894 3083 1923 3131 ut

265 3172 296 3211 sc
310 3154 454 3211 verberari
468 3154 597 3225 postulat,
613 3170 695 3225 quam
707 3170 771 3211 cum
787 3154 814 3210 iu
826 3155 945 3226 capitulo
959 3170 1069 3225 exprae-
1123 3168 1150 3215 et
1160 3176 1270 3229 semper
1283 3159 1382 3214 lrabeat
1397 3175 1443 3215 cor
1472 3168 1598 3231 paratum
1625 3162 1683 3217 sine
1708 3166 1920 3221 murmuratione

266 3250 347 3315 cepto
365 3243 481 3315 praelati,
502 3258 557 3298 non
583 3260 615 3299 er
640 3259 690 3298 sua
721 3242 859 3300 voluntate
887 3243 998 3313 vapulat
1026 3241 1066 3298 Μ.
1123 3248 1370 3318 perobedientiam
1386 3248 1525 3319 vapulare,
1551 3256 1612 3304 tunc
1640 3250 1698 3307 siro
1722 3260 1835 3321 secrete,
1859 3252 1918 3308 sire

266 3331 349 3404 Quod
364 3346 421 3388 uon
436 3333 473 3388 ita
487 3338 529 3388 est
543 3332 613 3388 sieut
627 3328 657 3359 ”¹
668 3330 824 3388 existimas.
851 3330 919 3388 lllud
934 3332 1005 3387 enirn
1018 3331 1067 3403 ju·
1121 3337 1231 3408 publice
1244 3336 1365 3408 vapulet,
1382 3336 1472 3409 magni
1483 3336 1568 3394 meriti
1598 3354 1661 3394 eum
1686 3338 1819 3396 debemus
1839 3340 1918 3411 judi·

266 3422 370 3478 dicium
386 3420 462 3493 quod
475 3430 571 3491 sponte
582 3421 633 3476 sibi
652 3419 753 3493 aliquis
767 3421 871 3488 indic-it,
888 3421 980 3493 regale
1002 3430 1065 3489 est;
1121 3442 1193 3482 cere.

265 3510 334 3565 illud
349 3508 383 3538 ”’
398 3525 465 3565 vero
480 3510 552 3581 quod
570 3524 619 3580 per
633 3508 816 3565 obedientiam
830 3509 858 3563 in
871 3509 988 3578 capitulo
1004 3525 1067 3564 sus·
1377 3513 1549 3570 aatstoas
1565 3515 1601 3571 t.t
1614 3515 1656 3572 m.

266 3603 345 3670 tinet,
374 3598 570 3655 monachicum
586 3606 637 3654 est.
664 3597 786 3653 Alterum
801 3604 842 3654 est
856 3613 890 3652 ex
905 3595 937 3626 ’⁸⁸
953 3614 1001 3653 sua
1017 3614 1068 3654 vo·
1220 3618 1339 3660 assuunt
1352 3619 1388 3658 nn
1402 3619 1567 3659 srarrrsnuu
1582 3621 1822 3664 nnerrtnrnaouru.

265 3689 381 3756 lumen
395 3687 511 3743 anesum
526 3702 561 3743 ⁰¹
574 3686 804 3753 ⁰b⁰di⁰¹¹¹i³¹⁰⁰⁰
814 3701 850 3741 ⁰¹
860 3686 1066 3742 ⁸⁰²V⁰¹¹¹¹¹¹⁸‘⁰·
1126 3713 1159 3768 ttt
1172 3711 1342 3766 abbatissam
1358 3714 1384 3764 et
1399 3710 1634 3766 sanctimoniales
1651 3713 1803 3768 llrtmeseiu
1818 3729 1919 3784 super-

266 3777 336 3832 lllud
365 3775 440 3848 quod
468 3774 561 3848 regale
589 3775 650 3831 dico
665 3789 738 3846 sape
760 3775 812 3829 sibi
827 3783 945 3846 regeset
958 3775 1067 3845 superbi
1158 3783 1266 3837 stitisse
1276 3781 1397 3836 hominia
1405 3781 1545 3849 destinati,
1556 3797 1637 3853 quem
1650 3799 1701 3854 pro
1714 3789 1813 3838 sancto
1833 3785 1918 3842 harbe-

265 3867 367 3921 divites
382 3863 442 3919 lieri
455 3865 629 3935 praecipiunt,
639 3862 705 3918 illud
713 3877 779 3918 vero
791 3862 863 3934 quod
879 3863 1066 3918 monachicum
1158 3855 1237 3919 bant,
1254 3854 1335 3907 cuttu
1349 3851 1507 3922 prohibeat-

265 3955 339 4021 dico,
355 3968 410 4008 nou
425 3953 628 4024 praecipientes,
659 3951 708 4006 sed
722 3951 880 4006 obedientes
904 3951 1064 4022 suscipiunt.
1158 3944 1312 3996 asarinus
1340 3939 1570 4011 archiepiscopus,
1602 3941 1750 3998 STEPHANO
1776 3941 1917 4000 archidia-

266 4041 371 4114 Regale
384 4047 460 4095 tauta
475 4039 562 4096 lenias
581 4047 626 4096 ast
638 4037 680 4107 ¹⁸⁴,
697 4045 799 4110 quanto
822 4036 956 4094 vulrtntati
985 4038 1067 4094 susti·
1123 4045 1192 4087 cono
1203 4027 1232 4056 ’⁸'
1247 4029 1366 4084 salutem
1381 4028 1645 4086 athenedictionem.

266 4130 357 4186 acatis
370 4127 529 4185 concordat.
548 4127 737 4182 llonacbicum
752 4134 843 4181 autem
856 4134 932 4181 tanto
956 4127 1068 4197 gravius
1158 4117 1255 4172 Mando
1271 4117 1350 4172 tobis
1362 4123 1391 4171 ¹¹2
1405 4118 1462 4185 (12)
1473 4116 1541 4172 fillis
1556 4119 1590 4172 ad
1610 4119 1746 4186 Rufflflseb
1768 4127 1794 4174 θῑ
1809 4120 1916 4189 ditali&

267 4226 371 4292 quanto
386 4233 403 4272 a
417 4216 558 4273 uoluntate
572 4215 697 4288 patientis
710 4213 861 4270 discordat.
880 4215 911 4269 ln
922 4214 1009 4286 regali
1018 4215 1067 4285 ju·
1122 4215 1150 4262 et
1163 4205 1279 4262 dicendo
1294 4204 1457 4277 precipiatis
1470 4207 1578 4262 domnae
1592 4206 1735 4263 abbatissae
1754 4205 1784 4237 ¹⁷⁰
1800 4217 1826 4266 et
1850 4226 1916 4265 sau-

926 4321 1040 4376 VthAE
1055 4321 1258 4378 bactrott'as

300 4413 492 4476 ”Secundum
506 4417 578 4491 qaod
593 4434 646 4474 nra.
666 4417 783 4475 etanta.
799 4415 947 4472 secundum
962 4418 1063 4472 donum
1091 4419 1173 4491 quod.
1198 4417 1299 4473 ¹⁵’Gnm
1321 4417 1415 4474 eadam
1438 4434 1490 4472 ms.
1530 4419 1646 4474 cultata.
1667 4419 1814 4488 ”ttaputar
1839 4421 1916 4478 deest

266 4491 298 4547 ln
325 4506 385 4545 nra.
429 4485 534 4558 ¹¹¹Qutd
561 4504 616 4544 uon
630 4489 666 4544 ita
679 4489 775 4544 ‘lsicut
789 4504 842 4543 ms.
860 4487 939 4554 Quod
955 4504 1009 4543 non
1024 4490 1061 4544 ita
1072 4499 1110 4544 est
1125 4490 1201 4544 sicut.
1232 4487 1379 4557 ¹⁸’llegale
1401 4489 1469 4542 lllud
1485 4505 1537 4542 nes.
1548 4491 1639 4544 renale
1662 4499 1702 4544 est
1715 4510 1720 4545 :
1735 4491 1812 4544 tttud.
1828 4489 1916 4546 ’⁰⁸llo-

268 4563 426 4618 nachicum.
453 4561 575 4615 Alterum
603 4574 639 4614 ex
665 4575 719 4614 mr.
744 4558 932 4613 blonachicum
947 4567 998 4614 est.
1018 4562 1193 4615 alternmcst
1221 4577 1265 4614 cx.
1281 4557 1418 4613 ¹⁶⁴l.enius
1441 4567 1481 4612 est
1496 4575 1550 4612 ms.
1577 4533 1672 4614 leatus
1696 4568 1747 4615 est.
1762 4559 1914 4616 ”hilterius

264 4632 398 4702 jussione
425 4648 479 4687 ms.
504 4630 617 4685 atterius
644 4629 762 4684 hominis
793 4629 927 4699 iussione.
953 4628 1161 4711 ”⁶Ergoquise
1176 4631 1298 4684 transiliat
1314 4629 1486 4683 exaltabitur.
1503 4630 1580 4696 Qtrorl
1598 4647 1652 4686 ms.
1673 4647 1738 4702 ergo
1764 4633 1787 4686 si
1813 4635 1858 4703 qui
1888 4649 1918 4688 se

268 4703 394 4757 humiliat
408 4701 581 4766 exaltabitur,
598 4701 644 4769 qui
659 4716 690 4754 se
705 4700 796 4768 magis
811 4701 944 4764 humiliat,
961 4716 1048 4770 magis
1063 4703 1235 4756 exaltabitur.
1265 4700 1353 4768 Quod.
1369 4697 1604 4770 ”tnppetsttonenr
1627 4719 1680 4756 ms.
1706 4702 1916 4771 reputationem.

267 4771 370 4831 ”anm
398 4773 494 4830 eodem
509 4788 561 4827 ma.
578 4773 695 4827 collata.
715 4769 869 4826 '‘’Diacouo
883 4786 936 4826 nir.
953 4772 1162 4828 Archidiaeano.
1189 4769 1345 4826 ¹⁷⁰Domiuae
1355 4771 1505 4827 Abbatissca
1519 4788 1570 4826 ans.
1589 4774 1702 4826 Domnm
1716 4773 1875 4828 abbatissae.

870 4868 1018 4924 tortn'ttts
1037 4870 1176 4926 Ptctabt
1196 4867 1315 4925 NOTrE.

305 4971 365 5039 (ta)
382 4970 461 5024 lintis
475 4966 513 5024 ad
529 4968 668 5035 numenei,
685 4971 714 5023 et
727 4968 901 5032 disctinetc.
915 4966 1067 5036 llaudlevi,
1082 4971 1108 5031 l)
1123 4967 1284 5022 monasterii
1307 4967 1464 5038 primarium
1479 4975 1505 5022 et
1529 4969 1695 5039 praecipuum
1718 4967 1913 5025 institutorem.

269 5043 320 5096 luit
335 5040 423 5096 labori
438 5039 563 5095 hiclocus
578 5037 678 5093 fateor.
698 5039 767 5092 Nam
781 5054 843 5092 cum
859 5038 1070 5108 interlegandos

268 5109 744 5182 scriptaaglasoccurreretpassim
752 5109 1069 5174 Rameseia,llamesieu·

269 5185 376 5254 sisque,
392 5189 420 5237 et
433 5182 461 5235 in
475 5195 507 5235 ea
521 5181 653 5250 degentes
675 5180 814 5245 monachi,
838 5178 943 5235 stabam
958 5179 1068 5245 dubius,

269 5255 370 5308 ridens
392 5251 419 5307 in
435 5252 486 5306 hac
499 5251 578 5322 epist.
602 5265 763 5320 expressum
778 5265 880 5305 nomeu
907 5250 1065 5305 abbatissae.

269 5323 382 5380 Tabulae
410 5337 478 5378 vero
506 5321 708 5376 lincolniensis
731 5321 852 5376 ecclesiae
867 5336 920 5374 ms.
935 5320 962 5374 iu
978 5330 1071 5376 nostra

271 5395 437 5451 bibliotheca
450 5393 578 5462 injectum
602 5407 729 5447 exemere
743 5391 901 5458 scmpulum
921 5391 948 5444 iu
964 5408 1070 5462 pancu-

269 5467 316 5521 lis.
326 5463 573 5522 atannmeoncat
586 5479 617 5518 ca
633 5467 758 5534 tempore
768 5461 911 5518 abhatiam
921 5464 1071 5518 ttcrnereioe

270 5535 479 5608 increpatorias
489 5535 567 5596 fixit.
579 5532 657 5596 Quod
669 5541 759 5588 autem
773 5534 817 5588 lrae
836 5533 954 5588 tribuant
969 5533 1070 5587 tunda-

270 5609 376 5662 tiouem
390 5605 579 5662 Ramasiensia
592 5603 711 5660 eoeuobii
727 5604 842 5659 nluaino
857 5603 963 5659 consuli
977 5604 1015 5658 ita
1027 5604 1070 5658 vi-

270 5681 324 5734 deo
337 5679 395 5734 acci
417 5677 538 5737 ieudom,
554 5677 616 5746 quia
631 5676 677 5730 ille
691 5673 838 5744 plurimum
849 5690 939 5745 operar
949 5684 976 5729 et
988 5690 1070 5744 opum

270 5765 383 5806 suarum
397 5694 514 5818 Ergitua
523 5745 558 5800 sit
571 5746 605 5801 ad
619 5746 647 5800 id
666 5747 765 5818 aperis.
790 5745 896 5815 Reliqui
918 5745 992 5800 enim
1005 5746 1071 5802 scri-

271 5817 604 5900 ptores,ttth1abnesber.
619 5817 669 5872 lib.
687 5832 714 5872 rr
728 5818 769 5872 De
784 5819 865 5872 Pont.
877 5816 1071 5903 nnqllloned.

270 5901 297 5948 et
308 5890 416 5963 Polyd,
429 5898 458 5947 et
471 5889 559 5946 battua
572 5904 600 5943 nr
614 5889 714 5944 chron.
740 5887 883 5943 adaunum
904 5890 954 5942 9t1
971 5887 1072 5957 pradi-

271 5971 336 6022 caat
349 5969 480 6022 metram
493 5957 656 6018 meatuum
677 5959 795 6018 Eboraci
811 5958 978 6029 autistbem,
993 5957 1075 6030 hujus
1127 5959 1217 6017 mesh.
1234 5959 1548 6018 enuntiandetan.
1561 5959 1924 6016 receaseuscoenobiatt'iu·

1124 5039 1299 5094 htatmesber.
1319 5047 1409 5094 tamen
1423 5047 1449 5094 et
1466 5038 1571 5094 lloned.
1587 5039 1687 5092 Antral.
1717 5048 1791 5110 part.
1811 5059 1828 5106 r,
1846 5055 1917 5096 anno

1123 5111 1186 5167 att.
1203 5109 1320 5163 latentur
1332 5110 1519 5164 communibus
1538 5111 1681 5178 utriusque
1696 5125 1748 5180 ope
1777 5119 1804 5166 et
1820 5113 1918 5181 opibus

1124 5181 1268 5236 ecclesiam
1295 5179 1377 5235 titisse
1406 5180 1556 5234 conditam.
1588 5182 1617 5234 ln
1640 5181 1788 5236 ilonedeno
1815 5191 1915 5248 autem,

1124 5268 1208 5322 quem
1225 5251 1370 5304 Aluvinum
1386 5250 1493 5319 scriptae
1502 5251 1601 5306 tabulae
1616 5251 1818 5307 lincolnienses
1833 5269 1917 5309 roca-

1124 5338 1188 5378 vere
1205 5322 1384 5378 Ethelueinm
1401 5341 1409 5386 ,·
1425 5321 1451 5374 in
1468 5322 1607 5376 tlalmesb.
1624 5322 1921 5392 Epeluuinusappelln·

1125 5402 1180 5448 tur.
1198 5392 1501 5463 llurneseiverodequo
1517 5394 1662 5447 anselmus
1683 5395 1734 5448 lroc
1749 5395 1775 5446 in
1792 5395 1862 5456 loeo,
1879 5404 1921 5450 est

1124 5465 1257 5534 partheno
1294 5464 1445 5518 diaeceseos
1486 5463 1694 5527 Wintoniansis,
1724 5466 1857 5520 excitatus
1885 5466 1920 5520 ab

1125 5534 1250 5589 Eduardn
1262 5549 1337 5604 rege,
1354 5533 1555 5588 utllonadenua
1582 5541 1693 5588 testatur
1717 5535 1789 5589 bisce
1805 5537 1895 5592 verbis
1912 5551 1919 5590 :

1126 5628 1135 5651 ι
1156 5609 1233 5660 rinno
1242 5603 1294 5660 aaa
1305 5621 1352 5660 rex
1361 5602 1514 5672 anglorum
1522 5604 1811 5676 pacificuslldgarnsin
1822 5621 1921 5662 mona-

1124 5675 1210 5731 sterio
1219 5675 1437 5744 llumeseie(non
1447 5675 1597 5742 Ramaraic,
1607 5681 1778 5748 uteorrupte
1792 5677 1922 5749 impressi

1126 5747 1195 5803 tinet.
1208 5745 1321 5814 hubent)
1337 5746 1410 5817 quod
1428 5761 1495 5800 avus
1510 5763 1556 5802 rex
1579 5745 1725 5802 Eduardus
1747 5747 1840 5802 senior
1854 5763 1921 5802 con-

1125 5825 1274 5884 struxerat,
1305 5817 1522 5874 sanctimoniales
1550 5817 1693 5872 colloearit
1715 5834 1722 5871 ι
1748 5827 1921 5888 sanctamque

1127 5888 1274 5943 blem‘iaam
1290 5904 1372 5960 super
1399 5905 1445 5944 eas
1467 5889 1635 5944 abbatissam
1658 5889 1805 5944 constituit.
1824 5909 1835 5936 r
1852 5887 1923 5942 ltlal·
