4750 6725
906 604 973 660 iia.
989 602 1037 674 iii,
1053 598 1277 662 drisimir.

1102 725 1172 787 Aet
1186 729 1237 785 hoc
1247 730 1313 784 mihi
1328 732 1490 802 promittitis,
1512 740 1623 805 paratus
1636 756 1695 797 sum
1723 744 1812 801 redire
1838 749 1874 804 sd
1889 767 1938 809 ios

545 724 718 785 uersauit
736 726 832 784 XCIV.

374 818 495 875 irauaici
508 835 597 875 aiacis
616 832 770 872 aucioauii
784 833 823 872 an
835 833 999 873 ansanuuii.

285 926 367 983 Dolet
381 926 555 982 AnseImum
563 925 616 981 sibi
625 926 813 996 pertinaciter
821 926 971 981 reluctari.
984 925 1089 980 dlisisse

319 1014 350 1053 sc
365 998 597 1068 odopostoli'rurn
614 998 767 1067 sipnifieiit,
796 1001 824 1051 ct
841 1013 870 1051 se
885 998 1004 1052 interim
1019 1010 1088 1051 con-

319 1070 430 1125 sentire
447 1073 482 1124 ut
509 1070 543 1123 de
570 1068 703 1137 beneficio
718 1067 936 1124 cantuariensis
958 1067 1090 1123 denarie

320 1140 529 1199 conuenienter
542 1139 655 1197 micul.

319 1247 473 1302 flauaicus,
488 1262 537 1302 rex
550 1244 715 1317 inpiorum,
734 1248 881 1312 dusmiso,
898 1243 1090 1301 Cautumieiisi

285 1335 503 1405 archiepiscopo,
519 1334 672 1390 salutemet
686 1335 843 1390 amicitiam.

320 1423 458 1481 usnemu
479 1423 545 1479 mihi
561 1424 632 1493 quod
655 1423 689 1477 ad
714 1438 758 1477 me
779 1422 876 1478 venire
900 1436 954 1477 noii
969 1429 1088 1490 poteras,

286 1526 337 1567 nec
350 1528 459 1567 uncum
474 1527 548 1579 assa,
563 1512 631 1566 sicui
647 1511 818 1567 Lanlrancus
847 1521 1007 1567 antecessor
1030 1518 1091 1564 tuus

286 1618 346 1658 crim
363 1609 443 1673 patre
457 1616 520 1657 meo
534 1599 628 1655 multia
642 1603 720 1655 annis
733 1600 805 1669 initi
830 1600 902 1655 unde
917 1599 996 1655 valde
1010 1599 1090 1653 doleo

286 1693 357 1761 qaod
372 1691 466 1745 iacere
481 1705 536 1745 non
546 1689 598 1756 ris,
610 1692 673 1762 qiiia
683 1690 705 1743 ai
715 1688 806 1745 lacere
816 1689 961 1752 voluisses,
975 1688 1092 1742 libenter

285 1784 312 1836 te
324 1781 506 1849 susciperem,
521 1789 548 1835 et
561 1794 658 1835 omnes
673 1778 734 1834 illos
749 1781 874 1839 honores.
890 1786 916 1832 et
928 1777 1091 1843 dignitates,

286 1878 313 1925 et
325 1868 474 1934 amicitias,
489 1883 558 1939 quas
572 1876 648 1939 pater
662 1883 740 1923 meus
760 1866 926 1923 antecessori
956 1876 1002 1921 luo
1018 1865 1089 1928 iecit,

286 1958 333 2011 tibi
351 1957 492 2013 iecissem.
513 1958 645 2012 Dominus
669 1972 735 2012 vera
759 1956 927 2026 apostoliens
952 1954 1092 2009 mandavit

288 2046 353 2099 mihi
369 2046 470 2100 litteris
482 2045 541 2099 siris
554 2060 649 2115 preces
663 2053 690 2100 et
717 2044 917 2100 admonitiones
931 2058 1013 2111 super
1027 2041 1089 2111 qui·
1104 2077 1130 2139 B
1146 2066 1297 2137 gfflpfflffl,
1313 2083 1366 2122 no,
1382 2085 1433 2138 ,330

289 2135 405 2190 busdam
418 2134 510 2189 rebus.
523 2133 694 2205 Quapropter
702 2134 765 2189 volo
774 2134 879 2205 legatos
889 2148 966 2187 meos
976 2134 1090 2186 Romam

288 2224 408 2289 mittere,
420 2232 451 2277 et
464 2222 579 2278 consilio
595 2223 644 2277 Dei
660 2231 686 2277 et
696 2224 828 2278 baronum
843 2237 966 2276 meorum
981 2221 1092 2275 domino

287 2327 367 2383 papie
382 2312 448 2367 inde
467 2312 643 2382 respondere,
660 2320 687 2368 et
716 2313 767 2367 hoc
784 2314 923 2380 requirere
938 2310 1010 2381 quod
1026 2309 1091 2363 mihi

287 2400 482 2470 requirendum
498 2408 550 2456 ist.
568 2402 600 2455 Et
614 2408 729 2471 accepto
743 2414 903 2471 responsus
920 2415 999 2467 papa,
1016 2414 1091 2451 nian-

287 2491 358 2546 dabo
373 2491 424 2545 tibi
439 2490 491 2545 hoc
507 2491 582 2562 quod
598 2490 661 2543 mihi
684 2489 757 2566 Deus
772 2488 904 2543 annuerit.
916 2488 1024 2543 interim
1040 2503 1090 2541 au-

286 2586 339 2633 tem
355 2580 528 2634 consentiam
542 2578 615 2649 quod
635 2586 664 2633 tu
679 2579 714 2633 de
735 2576 866 2633 beneficio
890 2576 1091 2632 Cuntuaricosis

289 2667 422 2723 Ecclesioe
435 2668 631 2723 maienienter
641 2668 762 2738 babeas,
779 2668 905 2737 quamvis
926 2668 977 2721 hoe
991 2665 1091 2719 invitus

287 2756 368 2823 iasio,
383 2756 516 2827 quoniam
533 2755 640 2811 nullum
654 2757 797 2812 mortalem
808 2757 945 2809 hominem
961 2770 989 2809 in
1005 2769 1091 2824 regno

286 2862 347 2901 meo
363 2845 497 2900 libentius
513 2861 619 2901 mecum
635 2861 716 2918 quum
747 2852 772 2900 te
800 2844 903 2898 hahere
931 2842 1089 2911 voluissem,

284 2933 336 2988 uisi
352 2933 381 2987 in
397 2941 425 2989 te
439 2936 629 3001 remansisset,
645 2941 714 2991 leste
742 2932 864 2989 lieberto
880 2933 1009 3002 episcopo
1023 2929 1089 2985 Liu·
1113 2996 1116 3002 Ι

283 3022 420 3080 colnieusi
437 3030 465 3079 et
480 3022 634 3077 Wiilelmo.

531 3142 701 3200 asismat
716 3144 789 3198 XCV
803 3142 846 3200 ⁴⁵¹.

513 3249 639 3290 aasauiu
658 3250 697 3289 an
716 3248 865 3289 sanaretur

424 3340 474 3398 Est
487 3339 743 3413 interuenientem
758 3339 947 3410 rescriptum.

316 3449 460 3512 limico,
478 3447 527 3503 bei
549 3447 638 3520 mulia
658 3445 719 3520 rogi
742 3445 903 3518 duplomm.
924 3453 951 3500 et
971 3433 1123 3499 domiqu

283 3553 341 3606 suo,
357 3541 530 3602 dussimus,
546 3535 767 3607 archiepiscopus
782 3532 993 3599 cantuariensis,
1004 3531 1084 3588 lidcle

283 3628 353 3682 servi
358 3626 428 3680 tium
442 3632 469 3680 et
482 3624 629 3679 orationes.

317 3715 348 3770 lu
364 3713 463 3769 litteris
477 3721 572 3770 amhae
591 3711 761 3769 celsitudinis
782 3725 850 3784 quas
877 3726 964 3783 nuper
991 3709 1085 3782 accepi

282 3802 426 3859 mandarit
442 3802 507 3858 mihi
534 3810 626 3859 uestra
653 3801 776 3871 dignatio
804 3800 960 3867 amicitiam,
980 3801 1086 3873 etquia

280 3893 385 3948 nullum
401 3891 543 3948 mortalem
561 3890 697 3948 homiuem
709 3891 736 3945 iii
752 3904 836 3961 regno
850 3900 943 3944 restro
957 3889 1087 3944 libentius

281 3983 386 4037 habere
400 3997 479 4051 quam
495 3995 540 4036 me
552 3979 667 4048 velletis,
679 3981 703 4034 si
718 3994 771 4049 epo
786 3979 884 4034 vellem
900 3979 1085 4034 iteiobiscum

281 4086 340 4126 esse
354 4070 429 4125 sicut
442 4064 614 4123 laufrancus
628 4067 850 4138 archiepiscopus
866 4066 916 4121 luit
930 4083 992 4122 cum
1007 4075 1086 4138 patre

281 4167 387 4214 restro.
404 4159 444 4212 De
460 4156 579 4214 amicitia
595 4163 621 4211 et
633 4155 666 4212 de
676 4157 749 4213 bona
759 4159 897 4212 voluntate
906 4157 1011 4227 gratias
1021 4171 1084 4228 ago.

281 4249 321 4303 lid
335 4250 393 4304 hoc
406 4247 482 4319 quod
495 4246 585 4304 dicitis
599 4247 635 4302 de
649 4255 727 4317 patre
740 4254 830 4302 restro
839 4253 867 4300 et
881 4245 1087 4315 archiepiscopo

280 4337 437 4393 unimam
452 4335 607 4405 respondeo
619 4335 681 4405 quia
696 4350 784 4407 neque
798 4334 825 4388 iu
840 4333 976 4403 baptismo
997 4349 1086 4403 neque

280 4428 306 4480 iu
321 4427 415 4498 aliqua
430 4424 600 4480 ordinatione
627 4440 689 4479 mea
717 4421 829 4494 promisi
857 4439 900 4477 me
915 4429 1086 4478 servaturum

1876 616 1928 673 lssi

1141 818 1170 871 iu
1185 820 1320 891 Angliom,
1337 830 1364 875 et
1381 824 1483 879 servire
1506 826 1573 890 beo,
1595 837 1621 883 et
1645 830 1729 899 nobie,
1754 842 1781 889 ot
1804 839 1937 895 omnibus

1142 906 1208 960 mihi
1223 909 1388 973 commissis,
1405 913 1554 968 secundum
1574 916 1694 973 officium
1710 920 1774 977 mihi
1789 940 1804 978 a
1820 926 1877 981 Deo
1892 928 1938 983 iu-

1140 994 1275 1065 juuctum,
1291 1000 1349 1066 ipso
1365 999 1522 1070 adjuvante,
1553 1004 1692 1077 Siquidem
1720 1026 1780 1067 curu
1797 1015 1870 1071 uiillo
1884 1018 1938 1075 aiio

1142 1099 1208 1155 rege
1223 1094 1272 1140 aut
1286 1087 1406 1159 principe
1422 1091 1536 1160 mortali,
1552 1094 1613 1149 volo
1627 1099 1804 1158 tamlibeuter
1818 1120 1879 1162 asse
1893 1117 1939 1165 aut

1143 1171 1168 1227 ai
1183 1174 1293 1230 servire.
1311 1174 1338 1229 Si
1354 1185 1443 1231 autem
1466 1182 1516 1235 boc
1545 1198 1714 1254 nequaqnam
1729 1191 1873 1261 suscipitis,
1892 1209 1939 1251 vos

1143 1261 1248 1317 iacietis
1257 1264 1328 1333 quod
1339 1266 1416 1320 vohis
1427 1267 1546 1337 placebit
1556 1290 1563 1335 ;
1580 1288 1630 1341 ego
1641 1291 1714 1344 iero,
1724 1277 1780 1333 Deo
1789 1293 1937 1352 annuente,

1144 1367 1200 1405 uon
1217 1353 1359 1425 abnegabo
1374 1372 1467 1428 repam
1485 1358 1553 1427 ejus.
1571 1360 1606 1414 Et
1627 1378 1679 1417 uon
1695 1368 1792 1435 audeo,
1809 1372 1939 1441 quoniam

1144 1456 1197 1495 uon
1213 1442 1300 1497 debeo
1315 1456 1402 1500 taecre
1419 1446 1565 1517 vobisipiia
1577 1466 1630 1505 iion
1645 1454 1730 1509 solum
1746 1457 1830 1524 402
1848 1462 1939 1531 requi·

1144 1539 1184 1584 ret
1201 1530 1301 1587 Densa
1317 1533 1395 1588 iobis
1410 1536 1482 1603 quod
1497 1537 1578 1593 debet
1601 1540 1639 1595 illi
1651 1543 1726 1614 regia
1743 1556 1873 1616 potestas,
1889 1551 1938 1605 sed

1145 1617 1274 1689 quidquid
1290 1623 1405 1691 pertinet
1419 1625 1453 1677 ad
1470 1628 1592 1693 primatis
1613 1631 1720 1701 Angliae
1750 1634 1937 1695 ministerium.

1144 1708 1221 1780 Quod
1237 1726 1306 1765 onus
1321 1712 1401 1765 nimis
1417 1721 1458 1768 est
1471 1713 1502 1741 ‘⁶‘
1515 1717 1589 1770 vobis
1599 1717 1780 1789 importabile,
1797 1740 1846 1781 nec
1862 1728 1939 1783 vobis

1144 1799 1225 1853 debet
1240 1800 1384 1868 displicere
1400 1802 1471 1873 quod
1486 1804 1583 1861 dicam.
1593 1808 1667 1861 Nulli
1677 1812 1778 1865 homini
1790 1816 1874 1883 magis
1888 1832 1938 1871 eii-

1144 1888 1221 1958 pedil
1234 1906 1315 1959 quani
1331 1890 1391 1960 regi
1406 1908 1435 1944 se
1450 1892 1568 1948 subdere
1584 1894 1637 1967 legi
1653 1898 1711 1965 Dei,
1728 1908 1755 1953 el
1770 1903 1859 1957 nullus
1870 1906 1938 1975 peri·

1144 1979 1265 2033 culosius
1276 1994 1305 2030 sa
1320 1979 1456 2033 subtrahit
1470 1976 1500 2004 ⁴⁵⁵
1511 1982 1595 2053 alege
1608 1985 1678 2053 ejus,
1693 1987 1761 2042 Dicit
1776 1991 1849 2045 anim
1864 2010 1940 2049 sacra

1444 2070 1587 2127 :Potentes
1594 2078 1726 2145 potenter·
1741 2082 1880 2137 tormento
1890 2100 1941 2155 po·

1145 2158 1270 2221 rientem
1281 2160 1309 2212 et
1316 2157 1482 2227 tortioribus
1489 2163 1592 2230 sortior
1602 2163 1692 2219 instet
1704 2170 1848 2225 cruciatus
1862 2174 1939 2247 (Sep.

1145 2262 1181 2310 ri,
1197 2250 1221 2299 7.
1232 2245 1274 2314 u);
1291 2247 1362 2317 quod
1377 2246 1472 2301 Densa
1483 2251 1559 2303 robis
1571 2256 1676 2307 aveilut
1689 2256 1694 2307 l
1712 2256 1741 2309 iu
1751 2274 1883 2321 responso
1894 2278 1940 2317 vc·

1144 2342 1202 2388 stro
1218 2333 1289 2403 quod
1304 2334 1368 2387 mihi
1380 2335 1435 2403 jhm
1453 2335 1494 2391 bis
1513 2338 1624 2406 lecistis,
1653 2342 1719 2397 nihil
1747 2344 1871 2419 intelligo
1887 2350 1940 2405 nisi

1144 2425 1299 2492 quamdam,
1315 2422 1337 2476 si
1352 2426 1439 2479 audeo
1455 2425 1553 2491 dicere,
1571 2445 1631 2497 quai
1656 2448 1706 2488 nec
1732 2435 1830 2491 aniinae
1845 2449 1940 2496 vestiae

1144 2528 1195 2566 nec
1210 2512 1339 2568 Ecclesiae
1354 2513 1402 2567 Dei
1418 2516 1536 2584 expedit,
1562 2517 1732 2577 dilationem.
1766 2525 1793 2579 si
1821 2530 1938 2599 ergoad

1144 2599 1204 2655 haec
1219 2602 1388 2670 respondere
1402 2613 1499 2658 vestrae
1519 2606 1663 2663 voluntatis
1677 2612 1864 2671 certitudinem
1877 2616 1939 2673 diu·

1143 2688 1195 2744 tius
1210 2688 1330 2755 differtis,
1348 2706 1411 2761 ego,
1436 2695 1498 2763 quin
1514 2710 1591 2749 caiisa
1610 2712 1664 2751 non
1685 2708 1724 2753 est
1745 2706 1873 2769 mea,sed
1888 2707 1938 2763 Dei

1142 2779 1210 2833 mihi
1225 2780 1328 2849 abipso
1343 2780 1543 2846 commendata,
1555 2784 1637 2839 timeo
1653 2786 1699 2841 diii
1713 2788 1820 2847 difl'erre
1835 2794 1937 2851 clamo-

1143 2884 1200 2922 rem
1220 2870 1253 2921 ad
1270 2870 1354 2923 Deum
1373 2871 1472 2925 iacere.
1492 2871 1664 2942 Quapropter
1691 2892 1794 2947 precor,
1812 2883 1934 2951 obsecro,

1143 2972 1176 3011 ne
1193 2972 1236 3011 me
1250 2958 1353 3029 cogetis
1376 2957 1513 3013 dolentem
1536 2970 1561 3015 et
1586 2962 1700 3019 invitum
1728 2965 1848 3025 clamare
1861 2988 1867 3025 ε
1881 2974 1937 3029 Ex·

1144 3062 1235 3116 stirpe,
1251 3049 1333 3113 Deus,
1350 3049 1448 3113 iudico
1459 3066 1573 3105 consum
1584 3054 1662 3107 turim
1674 3054 1761 3124 (Psoi.
1773 3072 1867 3127 cxxiii,
1879 3062 1934 3132 εὶ),

1142 3138 1313 3204 omnipotens
1337 3136 1409 3191 [teus
1434 3137 1487 3193 cito
1517 3150 1654 3195 convertat
1680 3159 1728 3198 cor
1755 3159 1872 3203 vestrum
1901 3151 1937 3207 ud

1141 3224 1308 3280 voluntatem
1322 3240 1410 3290 suain,
1427 3237 1456 3282 ut
1477 3237 1537 3299 post
1550 3232 1580 3276 ‘¹⁸
1604 3231 1675 3289 huuc
1690 3233 1771 3290 iitaui
1786 3236 1936 3296 introducat

1140 3337 1190 3379 vos
1203 3322 1231 3378 iii
1245 3322 1362 3396 gloriam
1376 3340 1460 3380 suam.

1403 3459 1575 3517 EPISTOLA
1590 3464 1683 3521 xcvi.

1200 3589 1351 3630 uaruicnis
1366 3589 1477 3630 uncina
1492 3591 1644 3635 mesonma
1659 3595 1696 3636 tn
1711 3597 1873 3645 ausscuuu.

1139 3671 1293 3739 Quomtutn
1302 3687 1334 3728 se
1345 3674 1471 3728 ilnselmi
1484 3675 1590 3732 litteren
1600 3679 1794 3738 entiilnrori'nt
1807 3689 1935 3758 seponit.

1174 3789 1221 3845 Pie
1235 3791 1383 3846 recolendo
1399 3791 1480 3858 Patri,
1498 3799 1524 3847 ct
1548 3793 1629 3862 digne
1651 3799 1801 3856 reverendo
1825 3801 1936 3862 domino

1139 3895 1199 3940 suo,
1216 3881 1354 3935 hasenaro
1369 3880 1584 3951 archiepiscopo,
1602 3884 1770 3956 hiarniinis,
1785 3889 1834 3945 Dei
1847 3895 1937 3964 gratia

1139 3968 1401 4040 reginadnglornm
1426 3969 1538 4025 minima
1565 3971 1714 4030 sanctitatis
1741 3978 1800 4048 ejus
1827 3983 1934 4054 ancilla,

1140 4066 1300 4129 perpetiiain
1316 4057 1342 4112 iu
1356 4059 1462 4114 Christo
1480 4058 1605 4116 salutem.

1175 4147 1343 4202 indesinenti
1360 4157 1456 4204 i'estrae
1471 4147 1594 4216 bonitati,
1613 4167 1683 4221 qiiae.
1700 4156 1753 4212 mei
1767 4175 1820 4214 non
1836 4159 1935 4218 imme-

1139 4253 1209 4305 mor,
1223 4233 1255 4265 ‘⁶⁷
1268 4236 1364 4291 litteris
1378 4237 1559 4308 praesentatis,
1576 4241 1698 4297 absentis
1713 4248 1796 4302 vestri
1811 4265 1936 4318 praesen·

1139 4327 1206 4380 tiam
1222 4325 1351 4381 exhihere
1365 4325 1478 4396 dignate
1488 4335 1539 4388 est,
1550 4329 1654 4399 gratias
1668 4333 1824 4391 innumeras
1834 4341 1934 4399 refero.

1139 4413 1264 4470 Tristities
1280 4414 1380 4485 quippe
1395 4415 1501 4469 nebulis
1516 4417 1614 4485 quibus
1634 4419 1801 4478 obvolvebat
1814 4429 1936 4496 expulsis

280 4514 373 4587 legem
389 4513 432 4569 vel
447 4512 775 4583 cousuetudinempatris
791 4509 885 4577 vestri,
897 4509 1087 4566 autLaiilruu-
1139 4500 1180 4570 ¹⁸⁸,
1196 4506 1341 4559 verborum
1358 4512 1508 4558 vestrorum
1528 4521 1571 4560 me
1599 4508 1713 4579 rivulus,
1728 4521 1865 4581 tamquam
1881 4535 1936 4572 no.

279 4604 302 4658 ci
316 4601 535 4673 archiepiscopi.
556 4601 603 4657 sed
618 4603 710 4673 legem
721 4602 769 4655 Dei
783 4609 811 4655 et
824 4600 943 4654 omnium
958 4600 1086 4653 ordinum
1140 4607 1182 4647 aaa
1206 4592 1272 4662 lpcis
1301 4590 1402 4654 radius.
1433 4591 1613 4660 perlustravit.
1642 4598 1796 4656 chartulam
1826 4605 1936 4674 quidem

281 4707 348 4760 quos
363 4690 484 4760 suscepi.
509 4692 680 4761 Quapmpier
693 4690 716 4745 si
731 4689 811 4744 vultis
835 4703 879 4742 me
899 4687 938 4742 sic
959 4703 1020 4742 esse
1036 4703 1087 4742 vo·
1142 4681 1252 4735 euobis
1268 4681 1376 4734 missam
1387 4680 1448 4735 loco
1464 4680 1551 4735 Patris
1579 4685 1738 4757 amplector,
1769 4692 1828 4746 sinu
1845 4695 1934 4767 loveo,

280 4780 385 4836 hiscum
400 4788 431 4835 ut
444 4779 533 4849 posim
559 4778 653 4833 rivere
677 4777 927 4849 secuudumlegem
942 4776 991 4830 Dei
1007 4769 1217 4858 eloi-Deordi
1233 4767 1321 4840 quoad
1337 4785 1455 4838 possum,
1484 4771 1594 4842 propius
1618 4776 1763 4844 admoveo,
1792 4783 1876 4840 rerba
1900 4785 1938 4842 da

280 4869 372 4926 dinem
387 4885 493 4933 meum,
510 4875 538 4922 et
551 4867 574 4921 si
588 4884 632 4923 me
645 4867 779 4922 revestitis
794 4864 945 4922 secundam
961 4865 1084 4921 eamdem
1140 4859 1212 4915 dulci
1226 4857 1355 4913 bonitatis
1374 4867 1471 4913 vesttae
1499 4856 1573 4916 iente
1601 4867 1737 4920 manentia
1765 4883 1813 4926 ore
1828 4873 1933 4947 relego,

279 4957 370 5030 legem
384 4958 439 5014 Dei
448 4956 484 5012 de
493 4955 620 5014 omnibus
629 4955 712 5013 rebus
725 4971 794 5027 quaa
803 4954 838 5010 de
851 4955 1085 5028 archiepiscopatu
1139 4957 1231 5004 niente
1245 4951 1370 5012 retracto,
1391 4947 1476 5002 corde
1503 4950 1635 5020 recogito,
1665 4958 1816 5030 recogitare
1831 4961 1858 5017 iii
1874 4964 1935 5035 ipso

279 5063 343 5103 meo
359 5046 513 5118 accepistis,
535 5053 680 5117 postquam
702 5061 718 5099 a
740 5043 819 5099 rabis
834 5044 957 5112 discessi,
974 5059 1040 5115 quas
1051 5040 1084 5072 “⁸
1139 5037 1231 5095 cordis
1246 5052 1345 5092 arcano
1359 5051 1473 5106 repoii0.
1493 5037 1545 5092 Ubi
1566 5039 1647 5112 digne
1663 5043 1777 5102 laudatis
1798 5053 1934 5123 omuibus,

280 5136 303 5191 si
314 5152 440 5210 mens
455 5149 542 5192 assem
555 5150 612 5190 non
626 5132 761 5190 deberetis
771 5149 815 5190 me
825 5135 932 5190 uolente
948 5132 1082 5204 accipere,
1138 5130 1189 5183 hoc
1204 5125 1292 5182 solum
1307 5126 1389 5180 miror
1402 5125 1476 5197 quod
1496 5127 1530 5182 de
1545 5141 1643 5200 nepote
1670 5144 1762 5194 vestro
1773 5143 1936 5202 excellenti,

939 5246 1056 5305 VARIAE
1075 5243 1280 5301 LECTiONES.

315 5349 421 5406 ‘⁸'Cuni
444 5348 540 5405 eodem
564 5364 617 5404 nis.
642 5347 757 5404 collatu.
808 5344 1042 5417 ‘⁸'Avobisquas
1060 5341 1240 5401 maerebis
1261 5337 1386 5404 discessi,
1402 5355 1480 5410 quas.
1522 5337 1645 5400 “‘hliuus
1665 5354 1773 5406 astans.
1798 5355 1936 5416 uimisest

279 5420 460 5477 u'Sulitrahet
482 5436 534 5475 nis.
563 5421 704 5473 subtiahit.
749 5414 815 5473 “Et
838 5426 899 5488 post
925 5434 978 5472 ms.
1005 5427 1032 5472 ut
1058 5424 1128 5487 post.
1180 5409 1267 5468 ‘''hlei
1291 5427 1354 5467 vero
1381 5411 1534 5470 immemor.
1556 5432 1612 5471 iiis.
1641 5419 1694 5475 mei
1714 5437 1770 5477 uon
1789 5425 1935 5488 immemor

280 5491 448 5565 mssxpulsus
461 5507 514 5547 ms.
531 5492 660 5563 expulsis.
882 5559 898 5614 J
900 5559 923 5616 0
926 5559 1031 5616 ANNIS
1062 5555 1203 5616 PICARDI
1223 5553 1336 5612 NOq-,p

280 5667 331 5724 est,
347 5661 431 5732 pleno
445 5674 574 5716 sumone
586 5656 730 5714 describit.
747 5680 761 5708 i
777 5655 826 5714 iiie
839 5665 928 5714 auum
945 5657 1079 5713 Gemma·
1134 5663 1188 5710 met
1203 5669 1254 5708 suo
1271 5659 1374 5708 tantum
1391 5653 1506 5724 scriptas
1522 5655 1644 5712 nomine.
1655 5655 1863 5722 Gemmeticensi
1878 5669 1934 5726 cal-

281 5736 391 5789 ticensis
407 5734 487 5787 locus
512 5746 610 5786 ausam
638 5731 743 5800 prabet
770 5730 896 5785 uincendi
921 5731 1030 5784 lectoris
1044 5731 1080 5786 da
1133 5729 1223 5783 culum
1239 5725 1333 5794 adjicit
1348 5725 1505 5780 Willslmus
1520 5727 1777 5798 hlalmesberiensis‚
1795 5739 1841 5793 lili.
1858 5758 1865 5794 ι
1888 5743 1927 5797 [ie

280 5821 373 5859 rerum
387 5804 542 5859 diuinarum
567 5804 804 5872 humanarumque
832 5802 997 5873 cognitione,
1025 5818 1079 5871 qua
1135 5801 1224 5870 gestis
1240 5814 1298 5868 reg.
1316 5799 1470 5869 anglorum
1488 5799 1514 5852 iii
1542 5802 1611 5854 bunc
1636 5811 1796 5864 seutentiam
1812 5827 1819 5865 :
1836 5811 1933 5871 litteris

281 5876 409 5931 excelluit
421 5873 569 5936 Mathttdis,
591 5889 726 5944 quamque
753 5880 884 5927 testantur
897 5874 966 5928 eatis
980 5875 1082 5930 baicet
1135 5885 1244 5944 quoque
1258 5869 1405 5927 Iciniacum
1419 5876 1661 5942 peetusexeieuil.

281 5948 344 6004 alite
357 5946 485 6018 eiusdem
497 5945 533 6002 ad
545 5945 708 6003 anselmum
717 5944 849 6016 epistota,
860 5959 896 6001 iio
908 5943 970 6016 quis
982 5943 1081 6001 existi·
