4750 6725
310 491 374 548 aaa
853 491 917 548 ΗΒ.
932 491 980 548 DE
994 489 1240 548 executurus
1252 491 1283 548 B.
1298 491 1417 548 utute
1914 496 1967 550 ccc

317 630 381 670 rum
394 613 566 685 squaloribus
579 615 682 682 ebrab'.
711 621 827 688 quastus
853 616 939 673 luerit
962 616 1043 686 pleno
1065 631 1120 672 non
1132 615 1265 684 Altaque
1280 613 1323 669 cui
1337 615 1432 669 saltem
1446 613 1484 668 ita
1497 629 1655 670 concessum
1681 613 1763 670 fuerit
1788 630 1866 686 saepe
1895 615 1967 672 dulci

314 717 455 758 sumemus·
468 703 638 776 coningere,
652 704 747 762 saltem
775 719 862 775 praeca
889 705 924 759 de
947 703 993 760 illo
1017 702 1120 760 intelli·
1175 702 1265 757 studio
1279 718 1361 772 posse
1375 702 1495 774 cogitare
1510 702 1543 758 de
1558 703 1757 774 illa,magnmu
1776 705 1972 783 promerendas

313 791 408 862 gendo
422 790 646 850 nummumque
668 793 767 848 ansuis
794 791 922 850 erumnis
949 791 1120 862 aliquatenus
1173 789 1405 845 salutisiudicium
1420 805 1481 869 csse
1496 790 1631 869 cotsjecto.
1648 788 1701 846 Sed
1720 789 1786 860 quid
1814 791 1929 848 dicam?
1949 793 1975 848 si

314 879 456 948 respirare
471 895 539 942 inec
563 878 705 954 putetur'⁷
719 881 753 936 ab
780 881 870 952 aliquo
891 879 1119 938 contemnendum
1174 885 1261 933 tantus
1284 878 1335 933 fuit
1356 893 1434 934 amor
1460 878 1516 948 eius
1544 894 1609 950 erga
1622 871 1642 905 ⁷⁵
1655 879 1727 932 bunc
1765 877 1971 936 dilectissimum

313 967 362 1024 rel
376 983 473 1038 parum
488 957 555 1040 quid
570 970 671 1024 sentire
686 968 834 1040 quemlibet
850 969 879 1026 iu
904 984 934 1024 se
961 968 995 1024 de
1022 967 1118 1024 affectu

314 1053 395 1110 istius
409 1056 544 1112 meirisin
558 1055 643 1114 tilium
658 1073 750 1114 suum·
769 1057 851 1114 Nullo
874 1056 1009 1128 siquidem
1036 1056 1117 1112 modo

315 1143 483 1200 crediderim
498 1129 573 1216 quad
587 1145 612 1200 is
626 1131 672 1216 qui
687 1147 723 1202 ad
736 1161 801 1200 aum
816 1145 1022 1217 intelligendum
1045 1131 1117 1214 'pro-

314 1231 380 1288 vebi
394 1233 525 1290 meruerit
539 1233 783 1304 mandarimus
798 1233 944 1290 dulcedine
972 1241 1116 1288 extraneus

312 1335 512 1393 usquequaque
525 1323 641 1380 existere
655 1321 752 1394 possit.
768 1321 925 1391 (tutantem
940 1321 967 1378 in
983 1320 1115 1380 delectio-

312 1407 359 1466 nis
372 1409 532 1466 suavimus
548 1411 654 1477 transit,
670 1410 744 1468 nullo
763 1419 844 1480 pecto
858 1409 1035 1466 diffidendum
1050 1411 1115 1480 quin

313 1505 342 1554 et
358 1497 386 1552 in
400 1497 588 1556 retributionis
603 1499 664 1570 ejus
684 1487 858 1572 participium
879 1499 1043 1554 transiturus
1070 1500 1113 1554 sit.

312 1583 403 1653 Quem
419 1601 483 1642 vero
497 1587 750 1644 mtdbutlonemsui
770 1586 872 1644 amoris
891 1586 927 1642 sit
941 1586 1040 1656 adepta
1061 1591 1116 1640 tota

310 1672 506 1732 christianitas
520 1675 606 1742 norit,
622 1692 683 1746 quae
698 1675 774 1731 illam
804 1691 886 1747 super
912 1690 1008 1730 omnes
1032 1674 1115 1729 coelos

307 1761 459 1818 exaltatam
477 1771 503 1820 ot
526 1764 659 1837 angelicis
681 1763 773 1820 choris
800 1762 942 1834 prelatum
965 1749 1115 1820 certissime

305 1851 404 1906 mestit.
421 1850 479 1916 iiia.
496 1851 603 1920 iratres,
631 1858 762 1924 quantum
791 1867 953 1922 possumus,
980 1851 1115 1906 enimmur

1172 959 1259 1021 litium
1274 982 1363 1034 suum,
1380 983 1432 1038 quo
1447 966 1489 1022 uel
1504 965 1578 1037 quali
1600 966 1702 1039 garidio
1729 963 1887 1036 replebatur
1915 976 1971 1024 tota

1172 1053 1326 1110 substantia
1340 1055 1408 1124 ejus,
1424 1053 1531 1124 quando
1542 1070 1613 1120 eum,
1626 1069 1706 1124 quem
1735 1059 1878 1125 tantopere
1906 1056 1970 1110 dili-

1171 1136 1263 1213 gebat,
1279 1158 1360 1212 quem
1388 1143 1544 1198 Creatorem
1568 1158 1600 1198 ac
1618 1136 1822 1198 Dominatorem
1845 1143 1968 1200 omnium

1168 1246 1259 1286 rerum
1287 1246 1348 1286 esse
1375 1231 1485 1300 sciebat,
1515 1247 1608 1286 secum
1649 1232 1794 1303 degentem
1803 1223 1845 1300 a,
1874 1247 1967 1288 seeum

1170 1320 1306 1388 edentem,
1321 1335 1351 1374 se
1367 1336 1533 1390 quacunque
1547 1335 1629 1376 nosse
1650 1320 1759 1376 volebat
1787 1310 1859 1376 dulci
1883 1314 1966 1376 affatu

1170 1405 1312 1464 docentem
1322 1407 1443 1475 baberet,
1459 1408 1518 1478 quis
1533 1406 1621 1478 capiet
1634 1400 1681 1460 ”t

1487 1495 1599 1552 CAPUT
1621 1496 1653 1551 V.

1205 1585 1242 1640 Dc
1252 1585 1445 1657 compassione
1459 1581 1548 1640 bsotoe
1560 1586 1654 1642 ltnriae
1667 1599 1716 1658 pm
1725 1587 1785 1656 filio
1794 1588 1943 1658 crucifixo.

1204 1671 1290 1728 Tanta
1304 1660 1460 1740 dilectione,
1476 1681 1550 1728 tanta
1570 1673 1750 1730 exsultatione
1773 1691 1806 1730 ex
1823 1675 1967 1745 praesentia

1168 1749 1242 1816 illius
1257 1763 1499 1818 etcourersatione
1524 1762 1673 1830 iucundata
1699 1755 1729 1827 τ’,
1743 1763 1894 1834 perpendat
1923 1749 1968 1834 qui

1166 1840 1533 1920 potest,quibnsdoloribus,
1564 1841 1662 1919 quibus
1685 1849 1841 1921 gemitibus,
1867 1849 1966 1923 quibus

305 1937 401 2010 aliquo
412 1939 494 1996 ruodo
505 1938 632 1996 affectum
648 1941 726 1996 istius
737 1951 790 1994 tam
807 1941 886 1996 bonae
901 1939 997 1995 aratris
1021 1954 1110 2012 agno·
1124 1967 1152 2029 B
1165 1936 1289 2006 suspiriis
1303 1937 1483 2006 cruciabatur,
1499 1932 1609 2008 quamdo
1640 1953 1701 1992 eum
1730 1953 1788 1993 ese
1806 1931 1962 1993 'crudelium

303 2041 396 2096 scere,
411 2035 438 2082 et
451 2028 478 2082 iu
491 2028 570 2084 uoltis
585 2029 682 2084 saltem
706 2028 745 2082 rei
771 2027 954 2100 magnitudini
983 2043 1111 2084 succum·

303 2113 401 2170 Mada
421 2115 578 2188 degustare,
608 2132 662 2189 quo
690 2117 777 2187 ipsius
800 2117 904 2172 meritis
931 2117 1018 2186 adiuti
1039 2114 1070 2186 ⁸⁸,
1086 2125 1112 2174 et

304 2201 462 2260 dilectionis
471 2205 531 2276 ejus
547 2204 710 2262 suauitate”
727 2205 845 2262 recreari
860 2199 887 2262 et
900 2205 992 2276 atique
1016 2205 1111 2262 sutura

303 2289 504 2346 consolationis
531 2304 685 2346 mereamur
708 2290 926 2346 remuneratione
954 2289 1109 2346 sublimari.

303 2375 562 2450 Quicunqoeigitur
578 2377 697 2450 aliquem
709 2378 816 2434 sincero
831 2387 857 2434 et
868 2363 942 2434 dulci
959 2377 1111 2434 dilectionis

302 2462 407 2521 affectu
422 2465 510 2539 diligit
525 2467 604 2537 eique
617 2466 709 2522 omnia
733 2467 879 2522 commoda
893 2474 919 2522 et
940 2466 1063 2535 jucunda
1086 2465 1110 2520 ci

302 2554 624 2625 succederacupitillius
653 2555 845 2622 incommodis,
874 2557 898 2608 si
918 2571 977 2624 quae
1006 2547 1110 2610 accide-

301 2641 370 2708 rint,
387 2649 501 2698 moestus
518 2642 641 2715 ingemit,
658 2643 750 2700 volvat
766 2650 791 2698 et
807 2643 929 2700 revolvat
944 2644 1015 2700 bunc
1029 2659 1109 2698 suum

301 2728 434 2786 affectum
447 2731 522 2802 apud
536 2746 576 2797 se,
588 2739 615 2786 et
625 2731 728 2804 cogitet
741 2730 805 2804 quid
817 2730 870 2786 sibi
885 2727 966 2798 esset,
983 2731 1006 2786 si
1017 2732 1109 2788 adbuc

301 2834 431 2888 numero,
449 2834 529 2890 quem
542 2816 680 2892 ”tingere
694 2819 769 2886 libet,
802 2818 997 2890 multiplicatus
1025 2819 1052 2873 in
1079 2835 1109 2874 se

303 2905 380 2962 idem
392 2904 503 2962 allectus
513 2908 602 2978 major
616 2907 748 2964 existeret
771 2907 804 2960 ⁷¹.
825 2906 905 2977 Quod
928 2924 990 2962 cnm
1004 2905 1107 2976 lecerit,

305 3004 330 3050 et
347 2994 424 3052 bunc
438 3011 522 3066 auum,
535 3010 666 3068 amorem,
678 2995 917 3068 quantumcunque
932 2995 1108 3052 inintellecta

304 3098 357 3138 suo
373 3081 588 3156 magnificatum,
618 3085 704 3140 amori
732 3083 809 3140 istius
837 3083 966 3154 piissima
990 3083 1109 3140 domine

303 3170 440 3236 meirisin
455 3171 542 3228 Deum
559 3165 657 3227 Filium
671 3187 749 3228 snum
764 3171 932 3248 aliquatenus
956 3174 1106 3244 coiuparari

302 3273 390 3328 posse
403 3258 549 3330 putaverit,
565 3259 662 3316 nescio
677 3268 768 3316 utrum
778 3255 965 3316 audieudnsiu
984 3262 1035 3316 bac
1060 3277 1107 3316 sua

1166 2025 1292 2080 manibus
1314 2025 1404 2094 noelli,
1421 2026 1531 2096 quaudo
1552 2025 1588 2079 ad
1615 2022 1851 2082 condemnandum
1875 2027 1966 2094 tradit,

1166 2114 1275 2184 quando
1285 2113 1318 2168 ad
1329 2113 1499 2168 subeundam
1514 2121 1630 2168 mortem
1646 2110 1750 2183 judicio
1764 2113 1863 2182 judicis
1880 2114 1965 2192 iniqui

1166 2198 1294 2256 tribunali
1304 2201 1473 2271 conspiceret
1493 2201 1561 2256 sisti.
1585 2198 1663 2256 Forte
1692 2209 1783 2258 tamen
1811 2202 1880 2258 inter
1905 2205 1965 2258 baec

1165 2286 1192 2342 ei
1206 2294 1313 2356 poterat
1328 2302 1399 2353 esse,
1415 2291 1525 2340 utmore
1536 2285 1631 2354 loquar
1644 2288 1783 2351 bumana,
1799 2281 1890 2359 aliqua
1905 2287 1964 2357 spei

1165 2372 1315 2430 consolatio
1330 2366 1364 2429 de
1379 2371 1505 2430 evasione
1519 2371 1600 2440 illius,
1616 2374 1680 2428 dum
1698 2373 1859 2428 sententiam
1888 2372 1963 2429 mor-

1165 2461 1198 2516 tis
1208 2464 1267 2533 ejus
1282 2463 1400 2534 pendere
1415 2455 1507 2518 audire
1522 2462 1571 2516 sub
1590 2461 1768 2518 altercatione
1791 2458 1915 2534 praesidis
1940 2457 1960 2491 '⁹

1163 2551 1253 2624 ipsum
1272 2551 1388 2606 liberare
1404 2548 1552 2622 quaerentis
1578 2545 1607 2618 ⁸⁸,
1624 2546 1813 2606 etludaecrum
1837 2549 1964 2623 pessimae

1163 2633 1261 2710 plebis,
1272 2655 1306 2694 ue
1316 2639 1488 2707 liberaretur,
1500 2655 1614 2710 mgnum
1626 2634 1743 2694 casaris
1758 2646 1851 2694 contra
1864 2641 1963 2710 praesi-

1163 2727 1226 2782 deris
1241 2721 1261 2755 '¹
1273 2727 1446 2798 appellantis.
1460 2719 1557 2782 Verum
1574 2725 1630 2793 ubi,
1644 2720 1750 2796 prolata
1779 2736 1851 2781 certa
1862 2719 1883 2755 ⁸¹
1894 2743 1960 2783 sen-

1163 2815 1247 2870 tentia
1261 2815 1356 2870 mortis
1370 2812 1453 2878 illius,
1471 2813 1558 2869 ouiuis
1572 2829 1631 2868 eam
1643 2831 1705 2885 spes
1724 2811 1858 2871 evadendi
1877 2817 1960 2871 dese-

1162 2911 1237 2958 reret
1259 2919 1374 2974 eumque
1402 2919 1520 2971 crucem,
1544 2895 1572 2956 in
1599 2912 1653 2974 qua
1676 2902 1807 2974 suspendi
1829 2899 1958 2974 debebat,

1162 2991 1285 3046 humeris
1300 2989 1334 3046 ad
1344 2984 1363 3017 '³
1377 2991 1466 3046 loetum
1477 3006 1533 3045 suae
1544 2986 1679 3060 passionis
1693 2987 1844 3048 subvehere
1868 3008 1965 3064 geme:

1161 3075 1254 3135 hunda
1264 3077 1440 3152 conspiceret,
1457 3087 1543 3145 estne,
1558 3095 1666 3150 precor,
1676 3075 1782 3150 aliquis,
1804 3077 1850 3152 qui
1880 3090 1962 3152 queat

1160 3165 1301 3238 percipere
1312 3158 1468 3240 qualitatem
1481 3167 1595 3239 pectoris
1610 3165 1696 3236 ejus‘?
1712 3167 1847 3238 AdJectus
1858 3177 1900 3224 est
1917 3170 1960 3224 bis

1161 3247 1381 3327 doloribusejus,
1397 3253 1571 3312 doloralius:
1588 3257 1681 3310 Petrus
1697 3250 1722 3311 ct
1746 3254 1790 3310 alii
1819 3253 1969 3336 discipuli„

303 3345 488 3403 estimatione
498 3347 542 3403 sit.
558 3348 616 3405 Nec
626 3348 738 3418 mirum,
754 3333 817 3421 ipse
829 3349 901 3405 enim
912 3334 1027 3421 Spiritus
1046 3349 1107 3419 Dei,
1122 3317 1147 3381 ⁰
1160 3346 1196 3401 ab
1210 3338 1230 3374 ⁸⁸
1242 3362 1274 3401 eo
1289 3339 1323 3401 de
1338 3339 1456 3401 uiliiloiu
1477 3337 1660 3417 apostolatum
1682 3341 1770 3414 electi,
1803 3343 1829 3401 el
1853 3347 1910 3415 jam
1934 3347 1961 3400 in

302 3435 366 3507 ipse
391 3450 468 3491 amor
495 3435 690 3507 omnipotentis
711 3437 796 3493 Patris
825 3445 851 3493 et
879 3438 947 3505 Filii,
976 3438 1034 3509 ipse
1060 3455 1110 3511 per
1160 3440 1241 3489 tautae
1257 3425 1443 3489 celsitudinem
1458 3430 1576 3500 virtutis,
1594 3441 1622 3487 ut
1636 3434 1718 3488 ctiam
1742 3432 1912 3489 demonmus
1940 3430 1962 3463 '⁵

305 3538 390 3595 quem
405 3523 468 3579 etin
484 3540 538 3595 quo
556 3524 663 3581 ematur'
690 3540 771 3581 omne
798 3526 872 3595 quod
896 3526 968 3583 bene
991 3536 1107 3595 amatur,
1160 3522 1336 3592 imperarent,
1348 3519 1442 3587 erecti,
1456 3537 1569 3575 necnon
1583 3522 1748 3577 secretomm
1766 3520 1838 3576 itlius
1855 3522 1960 3578 conscii

303 3613 378 3683 ipse,
394 3612 515 3683 inquom,
532 3612 718 3689 corporaliter,
734 3616 763 3668 ut
786 3613 822 3669 itu
850 3614 965 3671 dixerim
991 3604 1109 3687 '¹,venit
1161 3618 1186 3687 et
1203 3600 1351 3665 familiares
1366 3609 1393 3661 in
1408 3607 1513 3664 cunctis
1528 3602 1624 3676 allecti,
1647 3610 1763 3663 instante
1788 3606 1855 3664 hora
1874 3609 1957 3665 tradi-

303 3700 331 3757 in
360 3714 432 3767 mm,
457 3700 643 3775 singularique
671 3702 840 3775 gratiaprae
879 3704 1005 3759 omnibus
1047 3720 1107 3774 quae
1161 3697 1243 3755 tionis
1263 3694 1714 3769 ejusiugamineunteteumpro
1731 3701 1959 3769 qucsemortem

302 3796 396 3845 uesta
407 3796 481 3849 sunt,
495 3788 555 3844 sive
570 3788 598 3843 ln
609 3788 679 3845 coelo
689 3778 783 3845 sivein
813 3798 893 3859 uma,
920 3792 1054 3863 requievit
1081 3792 1109 3847 in
1160 3773 1242 3857 paulo
1264 3793 1325 3840 ante
1342 3783 1478 3840 subitruos
1505 3782 1695 3855 promiserant,
1723 3775 1799 3841 obliti
1824 3787 1958 3841 tantorum

303 3892 347 3947 ea,
365 3862 580 3947 etreginamac
600 3877 804 3949 imperatricem
826 3864 897 3949 culi,
929 3888 957 3935 et
985 3888 1064 3937 terrae
1083 3889 1109 3936 et
1159 3876 1291 3931 bonorum
1321 3869 1529 3943 sponsionisque
1553 3869 1806 3943 suae,sotmn'tpsa
1831 3869 1958 3929 conside·

303 3964 429 4021 omniura
445 3964 550 4043 quein
566 3965 681 4021 eissunt
696 3956 761 4021 fecit
776 3982 837 4023 eam
866 3976 892 4023 et
920 3960 1010 4035 alicui,
1035 3960 1108 4025 bono
1160 3970 1236 4019 rante
1262 3954 1426 4032 relinquunt.
1462 3956 1538 4017 Unde
1566 3952 1713 4033 ipsum“,
1740 3960 1773 4016 ad
1801 3962 1957 4033 passionem

304 4054 463 4123 adtempus
478 4051 575 4109 affectu
590 4052 712 4109 debriato
737 4042 948 4121 4¹,inanimum
977 4044 1053 4111 cadet
1081 4073 1109 4113 se
1160 4049 1399 4107 omnibusamieis
1426 4043 1583 4104 destitutum
1612 4047 1778 4120 tendentem,
1810 4049 1862 4106 bac
1885 4068 1953 4107 voce

301 4128 453 4213 quidquam
469 4141 570 4198 amoris
598 4124 708 4209 babere,
738 4142 810 4213 quod
830 4130 884 4198 illis
906 4138 1005 4201 amoris
1029 4142 1109 4215 queat
1160 4137 1462 4212 sequebaturgemeus:
1479 4136 1730 4210 t'adisprupitiator
1753 4134 1788 4195 ad
1809 4138 1957 4196 immolan-

301 4216 493 4309 comparabile
507 4222 647 4301 estimari,
661 4246 742 4303 quem
753 4216 1108 4289 haecboatissimamatrum
1160 4228 1226 4284 dum
1248 4243 1298 4299 pro
1316 4224 1461 4291 omuibus;
1484 4239 1540 4281 110ss
1570 4226 1616 4282 tibi
1643 4228 1764 4283 occurrit
1785 4226 1880 4283 Petrus
1911 4230 1956 4299 qui

301 4318 335 4373 ad
353 4318 381 4373 id
396 4320 487 4389 ipsum
501 4302 617 4375 babebat
632 4335 648 4375 a
662 4335 716 4393 quo
734 4336 764 4375 se
779 4328 832 4377 tam
862 4306 993 4376 ineffabili
1013 4312 1107 4395 digni·
1161 4314 1246 4371 dixit:
1269 4308 1321 4372 l’ro
1346 4316 1374 4372 te
1397 4316 1504 4371 morior
1519 4312 1627 4381 (statii.
1643 4334 1714 4386 xxvi,
1731 4306 1787 4385 asu
1803 4315 1908 4386 reliquit
1933 4316 1958 4371 te

301 4414 355 4461 tate
388 4406 558 4462 sublimatam
578 4396 758 4481 intelligebat.
781 4393 897 4480 {operat
919 4425 985 4481 ergo
1013 4424 1108 4467 omnes
1160 4395 1279 4460 Thomas
1295 4401 1388 4475 quiait
1404 4397 1807 4460 :Homnsutmoriumurccm
1823 4418 1958 4461 cociones

302 4492 425 4549 ominium
450 4511 539 4553 rerum
560 4494 715 4551 creatardiu
743 4511 851 4553 amores
885 4506 911 4553 et
947 4490 1106 4554 dulcedines
1160 4494 1253 4565 (loon.
1270 4485 1630 4561 m,llt),etnullnsextiis,
1647 4489 1696 4546 nisi
1713 4492 1956 4561 insolusdueeris,

299 4566 801 4658 magnitudaamorisistiusVirginis
820 4584 847 4639 in
877 4573 1103 4661 litiumbsuum,
1160 4581 1206 4655 qui
1231 4598 1275 4637 me
1297 4588 1400 4637 castam
1423 4580 1600 4649 consecrasti,
1625 4578 1697 4634 lilius
1717 4594 1796 4635 meus
1819 4584 1845 4635 et
1882 4569 1956 4636 flens

298 4680 325 4727 et
357 4659 508 4729 dulcedinis
532 4672 762 4745 immensitasque
789 4666 938 4729 exsultabat
967 4678 993 4731 et
1019 4661 1537 4745 lique-Dmeuslcrumhaectcrba,
1566 4686 1600 4725 ex
1624 4684 1734 4741 magne
1756 4669 1864 4740 pietatis
1885 4670 1959 4726 fonte

298 4756 379 4815 fiebat
395 4760 485 4817 anima
499 4748 558 4833 eius
569 4760 596 4816 iu
611 4763 737 4818 eumdem
751 4752 898 4819 Dominum
909 4754 995 4819 Deum
1010 4781 1097 4819 suum.
1154 4762 1298 4834 producta,
1314 4760 1352 4815 ita
1376 4758 1472 4831 paucis
1496 4758 1530 4815 ad
1548 4760 1599 4815 boc
1623 4773 1789 4815 memorasse
1799 4754 1819 4786 '⁷
1831 4756 1955 4831 sufficiat,

964 4923 1078 4990 lldltlAE
1099 4923 1303 4991 Lectiones

332 5080 354 5110 ⁸·
369 5081 621 5136 Paucamereamur
632 5097 695 5137 nass.
705 5094 794 5153 pauca
804 5081 837 5137 de
848 5081 894 5138 illo
904 5081 1254 5185 intelligenqomereamur.
1275 5082 1354 5138 “Nec
1368 5088 1440 5151 putet
1455 5096 1524 5137 mss.
1540 5095 1591 5136 uec
1598 5088 1714 5149 putetur.
1736 5079 1860 5135 ''tleritis
1878 5080 1953 5148 adiu·

299 5152 355 5208 vari
365 5150 648 5221 mssmeritisadjati.
676 5150 1029 5209 ‘'Salutat-ismsssueoite.
1062 5144 1261 5223 “dtmdchent
1273 5154 1656 5223 natsadbucnumeroquem.
1674 5150 1955 5223 '¹¹Finge1emultipli-

299 5223 407 5278 catusin
417 5221 548 5279 sescdem
557 5224 738 5323 majorexisqq
748 5232 788 5279 ret
799 5240 865 5280 mss.
882 5222 1256 5297 fingerelibetmultiplicatus
1270 5225 1297 5276 iu
1312 5239 1341 5277 se
1351 5220 1540 5288 idemafl'eetus
1552 5225 1638 5289 major
1647 5224 1785 5277 existeret.
1813 5222 1871 5277 ”Ut
1883 5224 1953 5277 beno

300 5290 465 5349 alcamenes.
480 5295 509 5347 ut
523 5292 559 5348 lt'a
573 5292 701 5351 diderint.
739 5285 855 5365 Tempus
866 5292 990 5349 debriato
1005 5285 1293 5363 nast.tempusetlccttt
1307 5290 1439 5348 debriato.
1463 5283 1516 5346 “ld
1530 5282 1610 5346 lluem
1620 5285 1822 5348 nteriniltium.
1836 5288 1951 5348 “deterit

299 5366 376 5419 arnor
388 5362 448 5435 ejas
462 5368 489 5419 et
499 5364 730 5437 teremajorergtt
749 5374 814 5420 nors.
832 5362 881 5419 luit
890 5366 1035 5435 antorcjus
1046 5374 1121 5438 erga.
1133 5364 1257 5420 '’Secrim
1271 5368 1395 5435 egentem
1409 5374 1474 5421 snas.
1490 5371 1582 5418 sredm
1594 5362 1747 5435 degentem.
1769 5360 1949 5435 ”Quitcape-

298 5442 339 5489 ret
353 5434 419 5491 inti.
431 5435 490 5517 quis¹
505 5434 603 5507 capiet.
625 5424 714 5491 ⁷'Cum
729 5442 797 5504 ergo
807 5430 1033 5491 tantadilectioue
1042 5442 1113 5491 tauta
1122 5432 1288 5490 exultatione
1301 5442 1379 5488 treats
1401 5426 1450 5488 ltei
1465 5433 1580 5505 genitrix
1601 5444 1634 5488 ex
1660 5437 1802 5503 praesentia
1824 5432 1895 5488 iltius
1914 5442 1937 5489 et

299 5510 503 5559 conuersatione
515 5501 735 5573 loretiocnndata
747 5512 811 5560 met.
822 5506 895 5561 tanta
905 5512 972 5579 ergo
981 5506 1132 5571 dilectione,
1144 5506 1387 5559 tantaesuttatiouo
1407 5516 1441 5557 os
1450 5504 1594 5573 praeseutia
1610 5498 1683 5559 illius
1694 5516 1721 5561 ct
1737 5507 1946 5561 conserentibus

297 5576 453 5644 jocundata.
471 5568 491 5603 '⁸
504 5567 625 5630 penitere
636 5574 806 5646 conspiceret
816 5576 974 5648 audiretque
986 5566 1230 5631 sttbsltercattones
1240 5571 1374 5645 peestdits
1391 5586 1455 5630 mss.
1473 5576 1590 5645 pendere
1601 5576 1949 5629 assiliretsubalternattouu

301 5630 443 5715 praesititis.
474 5644 494 5673 ”
522 5642 663 5701 carentis:
679 5646 820 5718 corripiant
837 5654 865 5703 cr
886 5658 969 5702 oeum
981 5656 1007 5701 ct
1017 5640 1149 5701 dimittam
1160 5659 1167 5707 s
1180 5641 1366 5701 ettudreorum
1377 5656 1445 5700 mss.
1457 5647 1613 5716 quaerentis,
1623 5654 1649 5700 et
1659 5644 1821 5700 ludaeorum.
1835 5646 1854 5674 ⁸¹
1874 5647 1949 5699 tton-

302 5724 378 5787 trap
418 5706 555 5793 eldebctll
581 5722 647 5773 obst.
668 5722 759 5771 cursim
781 5664 938 5789 presidem.
978 5712 1105 5773 '’Prolaltt
1126 5720 1200 5772 detta
1222 5716 1410 5785 mts.prolatn
1431 5726 1512 5772 recte.
1547 5710 1696 5771 “insumas
1716 5730 1801 5787 usque
1824 5717 1856 5769 su
1878 5728 1946 5772 nass.

301 5786 383 5842 huttie
408 5788 472 5842 sad.
490 5772 709 5857 b‘llisatpuliejus
725 5789 836 5843 tumes:
853 5774 979 5857 discipuli
998 5789 1043 5845 stt.
1074 5782 1130 5843 ”itt
1146 5789 1205 5857 juin
1221 5778 1388 5843 demsiiibos
1404 5784 1514 5843 nasset
1532 5792 1614 5842 etiarn
1640 5787 1822 5841 [temonibus.
1857 5776 1956 5839 ''rine'

303 5858 389 5929 ipsum
399 5873 467 5913 nass.
479 5858 555 5914 Unde
565 5858 662 5930 ipsum.
697 5858 759 5915 ¹⁷td
771 5861 827 5915 hec
836 5874 1062 5915 commemorasse
1070 5875 1137 5915 mss.
1146 5859 1181 5915 ad
1193 5860 1243 5914 boc
1255 5872 1431 5913 memorasse.
