4750 6725
289 525 348 584 ὄπ
817 520 885 578 tte.
905 521 953 578 DE
972 517 1218 580 excutiamur
1235 521 1267 580 B.
1286 525 1414 583 Miltia.
1885 539 1938 592 57⁸

291 649 344 722 qui
356 650 443 706 Deum
458 664 538 706 suurn
552 648 720 705 incessanter
729 643 931 716 onendeuuffl,
939 645 1091 704 ministrare
1102 646 1133 708 Α
1145 653 1205 702 eata
1218 643 1261 700 Μ.
1280 647 1368 719 lituos
1380 649 1465 723 igitur
1479 659 1534 708 taru
1548 654 1640 727 magni
1664 656 1729 714 boni
1751 657 1876 716 effectum
1901 662 1941 718 illi

290 755 328 795 oc
343 738 423 794 subdi
438 739 498 794 siue
511 737 714 794 intennissione
727 735 903 809 cogebantur.
919 734 1033 792 Duravit
1046 751 1092 790 au·
1146 732 1269 804 proiecto
1283 752 1426 794 censemus
1434 739 1634 813 imputandum,
1642 759 1693 816 per
1702 745 1780 816 cujus
1789 747 1940 822 virgineum

291 835 352 885 tem
366 829 424 884 baee
438 828 466 882 in
480 841 570 884 rerum
585 825 743 882 substantiis
754 825 855 897 injuria
868 839 1011 897 quousque
1020 823 1094 881 venit
1146 829 1252 877 uterum
1265 823 1290 879 ie
1303 826 1378 882 uenit
1388 827 1417 883 in
1430 830 1573 898 muudum,
1588 832 1636 904 qui
1651 842 1679 888 et
1692 836 1837 893 humanam
1858 847 1942 894 natu·

291 917 324 971 in
341 931 449 974 earnem
465 915 521 985 illa,
538 915 573 972 de
588 931 640 987 qua
654 915 799 986 loquimur,
811 914 891 970 beata
905 911 1091 985 Virgoblaria.
1146 923 1205 964 rum
1218 911 1247 966 in
1260 919 1374 983 tanum,
1383 916 1453 973 siout
1460 918 1587 989 diximus,
1595 920 1735 993 diguitatis
1749 925 1941 984 excellentiam

288 1013 329 1061 at
342 1005 390 1061 ubi
414 1005 491 1062 renit
515 1005 585 1076 ipsu,
610 1012 637 1060 et
660 1002 688 1059 iu
702 1019 731 1060 sc
745 1003 842 1058 Filium
856 1003 905 1058 Dei
930 1001 1092 1073 incorpora-
1146 1013 1196 1052 sue
1210 999 1343 1070 sepientis
1356 1006 1504 1075 revocarit,
1520 1016 1549 1063 et
1561 1023 1672 1066 omnem
1694 1013 1774 1067 simul
1789 1023 1941 1072 creaturam

291 1094 346 1160 vit,
363 1100 390 1150 et
405 1093 550 1164 pristinum
562 1093 721 1166 dignitatern
736 1091 764 1146 in
777 1091 846 1159 Deo,
862 1091 908 1162 qui
922 1091 1091 1158 nascebatur,
1144 1085 1293 1160 privilegio
1303 1091 1397 1146 amissi
1407 1093 1595 1151 hononsmira
1608 1097 1810 1168 dispensatione
1819 1105 1941 1162 redona·

291 1183 418 1238 bumana
432 1189 527 1237 natura
540 1181 718 1254 recuperavit,
735 1180 801 1236 nibil
825 1179 895 1236 ultro
914 1178 1091 1248 contusionis,
1146 1172 1197 1228 vit.
1212 1173 1284 1244 Quid
1292 1193 1359 1251 ergo
1373 1180 1437 1236 huie
1450 1183 1638 1241 sacratissime
1652 1184 1771 1244 dominae
1785 1192 1874 1247 omnis
1887 1202 1943 1249 tam

291 1276 343 1326 aut
353 1270 483 1341 injuriam
498 1269 582 1327 alicui
596 1285 686 1326 rerum
700 1269 803 1342 speciei
816 1267 927 1336 resedit,
943 1269 999 1324 imo
1013 1267 1092 1324 liber·
1144 1261 1284 1320 rationalis
1301 1283 1384 1337 quum
1396 1269 1478 1325 etium
1493 1271 1657 1328 irrationalis
1684 1284 1807 1334 ereetum
1818 1280 1880 1350 J'ure
1893 1282 1940 1339 de·
2023 1303 2026 1308 ·

291 1365 380 1416 tatem
395 1358 490 1432 primm
503 1359 650 1416 creationis
664 1357 695 1390 ¹⁸·
719 1374 775 1415 soe
801 1357 945 1415 confestim
970 1356 1093 1428 recipere
1144 1348 1377 1424 bouqueto,
1405 1372 1439 1413 ex
1462 1359 1506 1414 bis
1524 1377 1586 1430 quae
1604 1363 1700 1433 prucis
1731 1367 1940 1437 perstrinximus

293 1447 410 1504 meruit.
428 1447 498 1504 Nam
513 1448 584 1518 ipsa,
599 1447 642 1504 cui
654 1446 835 1518 juxtelegem
856 1461 913 1502 sum
927 1445 1092 1503 conditionis
1145 1435 1500 1503 dilatatosensuadverttt.
1524 1449 1622 1519 Utique
1650 1461 1756 1521 cuncta,
1783 1471 1844 1526 quae
1868 1457 1942 1514 Deus

287 1536 343 1606 jus
360 1534 490 1592 libertatis
513 1535 663 1592 maximum
687 1543 754 1605 erat,
774 1534 939 1608 obsequendi
964 1531 1092 1590 uidelicet
1144 1523 1218 1582 bena
1230 1535 1259 1584 et
1267 1529 1369 1588 utiliter
1381 1532 1457 1604 iecit,
1468 1536 1498 1590 in
1506 1545 1617 1594 eostatu
1631 1555 1685 1611 quo
1695 1541 1802 1598 condita
1821 1543 1939 1616 luerunt,

289 1623 334 1680 ilti
350 1639 432 1695 quem
447 1623 480 1679 ad
497 1624 547 1680 Dei
562 1622 711 1697 imaginem
734 1623 874 1680 conditum
888 1630 1013 1691 noverat,
1028 1636 1090 1676 curn
1144 1613 1214 1670 aient
1246 1620 1426 1692 erundum,
1455 1639 1514 1680 assa
1542 1624 1712 1698 destituerat,
1740 1638 1768 1687 et
1793 1647 1844 1704 per
1868 1634 1939 1692 banc

288 1713 385 1784 ipsum
407 1712 435 1768 in
456 1711 590 1769 creatoris
610 1712 652 1768 aui
675 1711 888 1778 similitudinem.
917 1723 999 1781 qnam
1023 1723 1090 1780 pec·
1144 1702 1328 1762 beatissimam
1342 1707 1483 1783 virginem
1496 1712 1638 1770 instratum
1652 1716 1797 1788 pristinum
1810 1731 1941 1779 reuocato

288 1801 384 1858 cando
397 1801 426 1858 in
440 1817 471 1856 se
483 1807 652 1872 perruperat,
669 1815 718 1872 per
731 1801 803 1857 bona
817 1813 901 1872 opera
922 1798 1014 1854 redire
1024 1813 1091 1854 eon·
1144 1797 1207 1844 ⁸¹¹1ss
1220 1798 1247 1846 0²
1263 1793 1399 1850 millum·
1418 1795 1494 1853 ⁸5⁰¹st
1507 1813 1574 1872 ⁰¹8⁰
1587 1800 1662 1856 ΗΘΜ
1675 1818 1723 1858 ⁸¹¹⁸
1740 1807 1861 1874 Ρθῑθῡῑῑθ
1888 1823 1940 1879 ΡΙ·

287 1891 392 1962 sperit,
407 1904 462 1946 non
474 1889 571 1944 mirum
586 1889 608 1944 si
620 1889 748 1960 deinceps
757 1887 931 1959 obsequendo
941 1885 1090 1944 dorniuttui
1145 1877 1234 1934 raudo
1247 1889 1345 1938 cuneta
1376 1883 1456 1940 Pater
1487 1895 1527 1943 est
1557 1897 1585 1944 ct
1603 1888 1737 1946 Dominus
1754 1894 1887 1960 omnium.
1901 1896 1940 1952 ita

288 1978 364 2049 ejus,
380 1977 582 2035 contumeliose
592 1979 689 2051 jugum
702 1976 837 2034 servitutis
850 1975 977 2033 excussit.
1102 1963 1225 2054 Ehem
1238 1969 1323 2025 Μ
1336 1971 1393 2026 ⁸⁰1⁸
1421 1975 1527 2031 ¹¹¹0&ss
1553 1984 1652 2034 ⁰⁰⁰⁰ss
1672 1981 1826 2051 reparando
1854 1991 1941 2041 milei·

597 2065 710 2124 cqpm·
727 2065 778 2121 xl,
1143 2060 1186 2110 est
1197 2061 1224 2110 et
1238 2056 1350 2114 domina
1362 2075 1469 2127 rerumt
1486 2065 1561 2120 Deua
1574 2065 1647 2122 enim
1662 2076 1705 2124 eat
1717 2069 1849 2128 Dominus
1875 2088 1937 2129 orn-

607 2155 646 2212 pg
667 2155 773 2213 gom,
1141 2142 1227 2212 nium,
1243 2147 1352 2220 ungula
1369 2149 1395 2205 in
1408 2160 1566 2208 suanmura
1587 2156 1700 2227 propria
1719 2158 1843 2228 jussione
1868 2177 1939 2219 con·

325 2243 389 2300 Alio
403 2244 469 2302 item
483 2245 574 2314 modo,
590 2245 614 2300 si
632 2243 731 2318 piaret,
757 2242 961 2300 consideremus
974 2242 1089 2314 qualiter
1141 2233 1294 2300 altuenum
1310 2244 1339 2294 ei
1351 2239 1438 2295 llario
1450 2248 1493 2296 est
1506 2240 1617 2298 domina
1630 2259 1731 2314 rerum,
1746 2247 1854 2321 &naulo
1866 2265 1936 2309 oon-

285 2331 381 2388 omnis
394 2342 519 2390 ereatura
534 2333 569 2388 ad
583 2332 726 2389 utilitatem
755 2331 873 2388 hominis
895 2333 930 2388 sit
943 2340 1046 2400 croam,
1060 2338 1089 2388 et
1142 2326 1244 2396 genite
1262 2327 1390 2402 dignitati
1413 2343 1462 2400 per
1489 2329 1564 2386 illam
1590 2348 1671 2404 ιριιιιι
1698 2335 1797 2392 meruit
1820 2337 1937 2410 qratiam

284 2422 521 2494 quemadmodum
545 2422 641 2479 eudem
663 2419 766 2477 utilitas
793 2421 830 2478 ob
852 2429 992 2492 peecatum
1006 2419 1086 2492 primi
1139 2414 1593 2489 restituendo.thuemadmodum
1602 2421 1936 2486 Deusexsuasubatantia

281 2509 406 2568 hominis
428 2509 631 2582 quodammodo
654 2509 804 2575 evanuerit,
828 2523 917 2581 quoue
936 2517 1015 2582 pacto
1038 2523 1087 2580 per
1140 2503 1235 2574 aenou
1249 2519 1312 2559 eum
1331 2519 1381 2576 per
1403 2520 1485 2578 quem
1506 2509 1611 2564 cuneus
1631 2511 1765 2584 originem
1785 2514 1870 2583 dedit,
1898 2515 1937 2572 ita

281 2598 396 2654 beatam
411 2599 462 2656 Dei
476 2607 591 2655 matrem
606 2598 740 2671 uirginem
755 2597 880 2668 iterium,
895 2599 1013 2669 primam
1028 2612 1086 2653 sote
1139 2590 1225 2646 blada
1239 2591 1431 2650 detruncatae
1445 2592 1475 2624 ¹⁷⁸
1489 2595 1595 2667 peperit
1608 2596 1686 2653 illurn
1705 2599 1751 2671 qui
1765 2600 1793 2656 in
1807 2601 1935 2660 decorem

284 2687 414 2744 utilitatis
426 2687 588 2759 dignitatem
602 2687 818 2759 recuperaverit.
835 2685 914 2742 Certe
937 2687 1018 2742 bomo
1039 2684 1086 2758 qui
1138 2678 1235 2750 primae
1249 2680 1396 2738 creationis
1410 2684 1534 2739 omnium
1549 2694 1647 2743 cuneta
1660 2688 1778 2744 restitnit
1791 2687 1832 2746 ¹⁷⁸.
1855 2691 1934 2761 item,

280 2776 386 2832 mentis
409 2775 513 2832 ratione
536 2775 685 2832 subsistens
707 2774 796 2832 cernis
818 2774 966 2847 fragilitate
989 2771 1084 2844 ‹lepri-
1138 2767 1292 2823 sicutnulle
1305 2785 1397 2826 renim
1410 2773 1591 2843 speciesnisi
1610 2775 1724 2846 perDei
1737 2775 1839 2835 Filium
1853 2780 1933 2850 iada,

280 2864 368 2919 mitur
382 2865 418 2919 ad
432 2863 485 2921 boe
499 2863 626 2920 conditus
640 2872 701 2920 erut
712 2872 742 2919 nt
755 2861 991 2934 contemplationis
1005 2860 1083 2918 oenlo
1136 2855 1267 2926 subsistit,
1282 2857 1321 2914 ita
1334 2858 1378 2915 lex
1392 2858 1492 2916 debitae
1506 2861 1688 2919 damnationis
1700 2865 1838 2922 nerninem
1852 2869 1934 2925 dete-

278 2952 382 3008 tornum
397 2952 439 3010 sui
453 2952 866 3026 Creatoriajugiterintenderet.
879 2951 933 3008 Sed
948 2951 1013 3022 quia
1023 2949 1084 3022 ipae
1135 2943 1182 3014 rit,
1194 2944 1246 3004 uisi
1252 2962 1335 3020 quem
1345 2945 1607 3007 abaetiliusblnriae
1620 2952 1749 3010 absolvit.
1758 2953 1826 3024 Quis
1839 2957 1933 3029 igitur,

280 3038 418 3097 Conditor
432 3042 493 3112 ejus
507 3041 759 3112 incircumscriptos
773 3039 881 3112 spiritns
891 3047 943 3108 est,
959 3042 987 3095 et
1002 3052 1082 3095 uerno
1134 3031 1186 3090 itta
1198 3043 1274 3093 recto
1287 3051 1369 3093 sensu
1382 3045 1410 3093 et
1423 3038 1506 3095 corde
1518 3039 1626 3096 sincero
1639 3044 1825 3114 perpendens,
1853 3045 1935 3117 plene

275 3142 402 3200 unquam
416 3128 505 3186 curnis
519 3127 748 3203 corruptibilitate
761 3128 876 3185 vallatus
891 3128 918 3183 in
933 3125 964 3158 ¹⁸·
977 3125 1083 3200 magni
1133 3123 1278 3195 percipere
1296 3133 1379 3196 quatu
1405 3125 1594 3185 excellentium
1620 3129 1739 3187 dominre
1765 3131 1856 3201 buius,
1884 3149 1935 3206 per

279 3215 384 3272 tudinis
399 3216 457 3288 ejus
472 3217 606 3285 notitiem,
621 3217 664 3274 rel
678 3216 846 3274 admirandae
868 3213 1016 3272 divinitatis
1042 3213 1080 3269 il·
1133 3225 1215 3280 quam
1231 3219 1285 3269 tam
1298 3212 1427 3271 ineffabili
1441 3216 1538 3287 gratia,
1553 3230 1572 3272 a
1590 3223 1646 3274 tam
1668 3218 1824 3276 estimmiti
1850 3221 1932 3292 deje-

275 3305 334 3365 lius
350 3301 391 3377 ¹⁷⁰,
407 3305 621 3379 speculationem
636 3303 677 3377 ²⁷¹,
693 3305 770 3364 sicuti
786 3313 835 3371 est,
855 3305 1011 3379 pertingere
1025 3318 1079 3377 po-
1096 3333 1122 3401 c
1136 3297 1226 3356 ctione
1239 3299 1271 3332 '⁷'
1284 3305 1392 3361 ereetm
1404 3310 1445 3361 est
1462 3305 1603 3362 mundus?
1626 3304 1705 3377 Quis,
1728 3307 1850 3382 inquam,
1878 3318 1934 3369 tem

282 3406 347 3468 test,
372 3396 512 3468 proposita
539 3396 578 3451 illi
606 3395 720 3452 aliarum
749 3411 838 3451 rernm
866 3394 1009 3451 existentia
1031 3401 1081 3463 est,
1138 3387 1246 3460 mirum,
1260 3392 1374 3447 etemni
1388 3409 1498 3464 prorsus
1510 3394 1550 3450 rei
1569 3403 1669 3466 prater
1692 3397 1761 3453 trano
1783 3398 1933 3456 inauditam

287 3494 424 3559 quotenos
436 3500 529 3541 aarum
544 3483 760 3541 consideratione
774 3482 925 3539 sublimitas
937 3483 1008 3553 ejus,
1023 3497 1084 3554 qure
1136 3476 1252 3547 endam
1274 3478 1357 3550 bnjua
1371 3479 1493 3537 mulieris
1511 3482 1591 3539 οειιΙο
1604 3484 1702 3539 mentia
1715 3484 1863 3559 aspicieus,
1879 3502 1935 3547 uon

287 3593 343 3651 per
356 3590 386 3632 se
400 3573 494 3646 nequit
507 3573 594 3631 rideri
609 3570 650 3641 ³¹,
665 3573 700 3629 ab
714 3572 773 3643 ipso
787 3572 924 3629 intellectu
937 3574 1083 3647 conspice·
1135 3564 1319 3637 ⁰b⁵l⁰pe⁸⁰⁸b
1335 3573 1363 3624 el
1377 3582 1433 3625 non
1445 3569 1529 3626 modo
1543 3570 1670 3643 elinguis,
1685 3587 1777 3629 rerum
1805 3575 1889 3632 etism
1917 3592 1934 3633 a

275 3676 368 3723 retur.
387 3664 485 3720 Verum
501 3662 547 3718 ubi
562 3668 623 3735 post
635 3661 785 3734 primorum
807 3661 952 3719 hominum
981 3676 1080 3733 peccu—
1136 3659 1217 3711 liffllae
1231 3655 1272 3711 rel
1284 3656 1527 3727 wfflplehefflifflle
1542 3659 1796 3729 Pl⁰l⁸1¹⁵lmffl⁰1¹i⁸
1809 3661 1880 3720 flii?

275 3764 335 3812 turn
357 3751 544 3827 generationis
568 3752 696 3808 hnmanae
725 3764 851 3823 propago
883 3750 911 3807 in
944 3749 1083 3807 desideria
1438 3745 1549 3803 CAPUT
1567 3746 1628 3801 ΧΠ.

276 3842 358 3899 cordi
373 3841 415 3897 sui
439 3840 569 3914 prolapsa
590 3856 642 3911 per
672 3838 738 3895 vitia
767 3838 880 3908 sorduit,
911 3853 965 3895 non
991 3839 1081 3895 solum
1202 3832 1298 3890 Oratio
1311 3834 1348 3891 od
1362 3834 1557 3893 mamercum
1580 3835 1720 3907 Virginem
1735 3838 1864 3896 lanam.

278 3928 417 3985 Creatoris
439 3926 644 3998 contemplatio,
673 3926 723 3982 sed
745 3934 771 3983 et
804 3942 896 3982 rerum
928 3932 1081 3995 ermurum
1169 3918 1342 3993 Quapropter
1355 3937 1389 3979 eu
1402 3938 1464 3995 qum
1478 3921 1632 3980 nobissunt
1654 3922 1872 3997 impenetrabilia
1884 3928 1932 3985 in-

276 4016 405 4075 mirifieae
437 4014 623 4088 dispositionis
655 4013 796 4070 salutifera
826 4013 966 4070 meditatio
990 4014 1025 4069 ab
1047 4030 1081 4071 ea
1133 4010 1325 4081 termitteutes,
1340 4010 1466 4083 precibus
1480 4010 1625 4083 impetrare
1652 4012 1770 4070 nitemur
1789 4024 1826 4087 ut,
1856 4020 1930 4091 quod

276 4104 374 4179 procul
399 4104 521 4160 euanuit.
549 4103 632 4159 Vides
655 4117 722 4175 ergo
746 4100 822 4174 quali
843 4102 927 4159 modo
949 4102 977 4159 in
1000 4102 1080 4175 lapsu
1132 4098 1270 4155 intellectu
1282 4114 1380 4173 cepere
1392 4098 1545 4173 nequimus,
1573 4099 1684 4158 solntmi
1709 4103 1806 4161 solum
1833 4104 1931 4164 aflectu

278 4192 399 4251 hominis
413 4192 467 4249 ruit
480 4191 598 4265 dignitas
617 4206 718 4247 renim.
731 4192 762 4246 ln
777 4190 993 4248 consideratione
1007 4190 1078 4246 euim
1132 4184 1258 4244 obtinere
1272 4203 1434 4243 mereamur.
1450 4188 1589 4261 ltogrmus
1601 4204 1668 4263 ergo
1683 4198 1718 4262 te,
1733 4191 1854 4265 (lomina,
1881 4210 1932 4265 per
1956 4254 1971 4273 .

278 4280 391 4337 illarum
405 4280 489 4336 borno
503 4294 648 4353 resurgere
661 4278 754 4335 debuit
768 4279 794 4333 in
810 4278 974 4351 agnitionem
983 4278 1042 4348 Dei,
1052 4283 1080 4336 et
1132 4274 1222 4346 ipsam
1236 4276 1353 4348 gretiam
1368 4291 1420 4349 qna
1435 4284 1461 4331 te
1474 4276 1537 4347 pius
1553 4284 1582 4333 et
1594 4278 1768 4349 omnipotens
1792 4281 1867 4337 Deus
1891 4283 1931 4340 sic

279 4370 321 4427 sio
344 4368 422 4441 quasi
445 4368 555 4441 quidem
570 4368 596 4423 ei
617 4366 718 4441 gradus
741 4364 799 4423 lieri
813 4366 963 4423 debuerunt
976 4366 1078 4439 pertin-
1133 4364 1276 4431 exaltarit,
1291 4364 1422 4422 etomnia
1436 4363 1484 4419 tibi
1496 4380 1589 4421 seeum
1603 4365 1749 4435 possibilie
1762 4382 1823 4425 esse
1845 4368 1930 4426 dona·

279 4458 363 4531 gendi
388 4457 423 4513 ad
444 4456 601 4513 Creatorem
624 4452 711 4527 ipsius
736 4462 763 4512 et
785 4455 842 4526 sui;
859 4455 908 4513 sed
923 4456 982 4513 haeo
996 4456 1023 4510 in
1038 4454 1079 4511 eia
1132 4452 1180 4520 rit,
1197 4459 1331 4522 quatenus
1343 4450 1372 4507 id
1383 4450 1457 4523 apud
1471 4451 1559 4522 ipsum
1573 4453 1653 4509 nubis
1667 4453 1801 4525 ubuum,
1817 4462 1846 4512 ut
1871 4456 1928 4528 ple·

281 4544 406 4619 dignitas
419 4546 508 4618 periit,
524 4544 632 4617 mando
647 4544 692 4615 qui
706 4558 739 4601 eo
754 4543 836 4615 digno
855 4548 974 4599 uteretur
987 4542 1078 4599 nullus
1131 4540 1230 4600 nitudo
1243 4540 1341 4613 gratie
1355 4554 1436 4611 quern
1450 4539 1574 4596 mernisti
1588 4540 1616 4596 in
1629 4540 1709 4597 nobis
1735 4542 1776 4599 aie
1801 4551 1929 4615 operetur

277 4633 391 4691 exstitit.
403 4634 462 4690 Nec
475 4632 619 4705 ullatenus,
633 4648 667 4689 ex
682 4646 736 4705 quo
750 4632 854 4704 primus
869 4634 950 4689 borno
964 4631 1075 4701 corruit,
1133 4646 1186 4703 quo
1201 4627 1374 4702 participium
1396 4628 1469 4684 bauti
1483 4628 1588 4700 praemii
1602 4629 1662 4700 ejus
1673 4629 1755 4686 nobis
1770 4631 1930 4691 miseriem·

278 4728 443 4793 receperunt
456 4720 583 4777 amissum
608 4718 783 4777 eminentium
806 4719 871 4775 tanti
898 4718 973 4789 boni,
989 4718 1075 4775 donec
1088 4682 1119 4747 D
1133 4720 1204 4776 diter
1215 4716 1383 4790 quandoque
1396 4717 1511 4775 donetur
1522 4713 1561 4771 ¹⁷¹.
1577 4716 1619 4773 tn
1646 4719 1698 4774 boo
1730 4720 1831 4793 quippe
1857 4722 1931 4778 Dens

280 4809 440 4883 illelguus
454 4808 502 4881 qui
516 4815 630 4879 peecata
645 4807 737 4864 mundi
751 4807 856 4865 tolleret
869 4808 1083 4881 inpersoneDei
1137 4814 1229 4864 noster
1242 4822 1291 4878 per
1320 4813 1346 4863 te
1363 4805 1452 4862 laetus
1473 4814 1514 4862 est
1531 4805 1615 4862 irater
1628 4814 1721 4862 noster
1738 4816 1776 4876 ut,
1794 4809 1930 4879 quemad·

279 4902 308 4953 et
322 4896 444 4953 hominis
458 4896 558 4969 prodiit
572 4897 676 4953 mundo
690 4894 720 4927 ”⁸
735 4914 784 4969 per
796 4898 920 4955 lleriam.
930 4898 1041 4969 Verum,
1052 4900 1082 4955 in
1135 4897 1247 4955 modurn
1256 4895 1316 4967 ipse
1329 4894 1456 4967 dignatum
1469 4903 1510 4951 est
1520 4909 1632 4951 consors
1645 4894 1703 4951 fieri
1716 4904 1815 4952 nostra
1829 4898 1930 4954 huruu-

278 4986 446 5059 eogitionem
462 4986 512 5041 Dei
526 4984 639 5043 bomine
655 5000 706 5056 per
720 4986 793 5042 hune
814 4988 923 5059 agnum
941 4994 1079 5059 revocato,
1134 4986 1236 5055 nitatis,
1251 4984 1356 5042 sicnos
1370 4998 1524 5040 mereamur
1537 4991 1676 5040 consortes
1689 4981 1749 5041 iieri
1772 5001 1829 5041 sure
1854 4985 1928 5043 diri-

277 5074 368 5132 omnis
380 5075 463 5130 etium
479 5073 532 5129 alia
545 5080 672 5131 ereatura
686 5072 715 5128 in
728 5081 826 5130 stetum
840 5090 895 5133 suae
913 5076 1080 5133 conditionis
1134 5074 1237 5131 nitetis.
1253 5073 1366 5129 intende
1379 5086 1456 5143 ergo,
1472 5070 1585 5128 domina
1595 5070 1727 5143 piissima,
1755 5077 1787 5129 ut
1799 5073 1880 5130 nobis
1893 5076 1930 5131 ad

278 5172 305 5219 et
319 5164 423 5219 bonore
447 5160 552 5235 proprii
576 5162 771 5237 congenitique
799 5162 904 5221 decons
928 5172 969 5221 est
994 5180 1078 5222 raro-
1135 5163 1261 5221 effectum
1273 5158 1305 5192 ¹⁷'
1318 5160 1471 5233 proveniat,
1487 5168 1599 5231 propter
1611 5159 1686 5232 quod
1698 5160 1774 5218 Dens
1786 5164 1882 5220 nostm
1894 5178 1928 5220 ex

927 5314 1043 5373 vintru*
1068 5314 1272 5375 memorius,

313 5436 344 5469 ¹¹*
360 5434 522 5496 ostenderet
536 5456 604 5497 mss.
620 5436 789 5519 ostendebat.
815 5434 845 5467 ²¹⁸
869 5438 966 5495 Patriae
974 5440 1121 5498 metionis
1141 5458 1209 5499 rurs.
1244 5438 1320 5520 rime
1340 5434 1494 5519 mendonis.
1520 5432 1552 5465 '⁸'
1566 5435 1661 5518 §mnis
1674 5436 1927 5519 incouuptibilitste

278 5526 390 5581 pressus
404 5510 537 5566 ullatenus
551 5511 580 5565 in
594 5524 660 5567 mss.
677 5524 766 5565 carnis
780 5508 1005 5583 eounptibilltate
1021 5509 1202 5569 uliatenua.¹'⁰
1242 5510 1365 5583 ignitatrs
1379 5506 1455 5562 rllrus
1469 5522 1537 5563 mss.
1551 5507 1701 5563 divinitatis
1714 5507 1796 5565 illiue
1807 5506 1838 5540 ”¹
1858 5510 1930 5583 Spe·

278 5582 450 5663 solutionem·
460 5597 528 5638 mss.
544 5580 695 5651 speculum.
711 5576 745 5609 ”¹
761 5578 857 5650 Neque
871 5580 959 5638 rideri
973 5598 1027 5639 ms.
1038 5582 1080 5665 .⁸·
1097 5582 1192 5655 nequit
1204 5580 1290 5637 videri
1304 5593 1357 5635 ms.
1375 5578 1406 5633 c.
1434 5578 1554 5634 omittit.
1564 5577 1664 5659 rideri.
1678 5576 1709 5609 ”¹
1726 5580 1831 5637 Ptodiit
1847 5580 1932 5637 modo

278 5652 468 5780 obtriuit
475 5648 1071 5781 ‘illiditftttuotttttttt.tt
1079 5645 1496 5781 deturbabitur:
1508 5647 1769 5791 ditum
1779 5653 1930 5779 utut.-

278 5791 344 5849 bitie
358 5791 431 5849 buna
444 5792 526 5848 babet
540 5808 631 5849 rerum
646 5800 750 5860 natura,
759 5806 808 5864 per
817 5809 898 5865 quern
914 5800 967 5849 tum
976 5792 1176 5851 inaestimabilis
1182 5788 1488 5867 gmduatuminetlabili
1497 5788 1723 5859 dejectionemss.
1732 5796 1930 5864 perquamtam

278 5861 424 5919 metiebitis
438 5864 612 5936 matianum
621 5861 751 5921 ineffabili
761 5863 925 5936 dejectione.
940 5858 1147 5923 ²''Condonatur
1158 5880 1227 5923 mss.
1238 5862 1307 5921 leue
1316 5863 1439 5919 donetur.
1455 5858 1529 5917 ‘’'ad
1540 5859 1666 5917 affectum
1675 5876 1742 5919 ruse.
1751 5858 1930 5919 adeffeetum.

1230 6110 1248 6141 U
