4750 6725
1443 387 1451 428 i

344 552 392 605 est
757 549 988 607 nivansontili
1009 546 1234 609 DONATIONES
1253 550 1318 606 PIAE
1338 550 1583 609 proeliante.
1954 560 2007 616 988

330 685 332 688 ·
350 672 579 745 contemplatione
595 690 638 730 me
648 673 757 731 conlido
768 674 803 729 ad
811 689 896 746 regua
902 672 1033 731 emiorum
1044 670 1150 729 sustolli
1161 672 1191 734 A
1204 671 1327 730 ecclesiae
1341 676 1534 747 suprascriptae
1548 676 1650 733 retineo
1661 677 1689 733 in
1707 679 1830 739 duminio
1845 682 1910 739 dum
1924 684 2003 743 rivo.

348 762 462 833 pennis.
484 762 571 833 Hujus
586 779 653 836 ergo
668 763 707 819 rei
737 764 979 837 gratiadouobeo
1000 771 1027 819 et
1051 764 1155 819 sanetis
1210 763 1271 818 Post
1285 763 1390 819 obitum
1403 780 1495 821 meum
1509 766 1636 822 convenit
1650 768 1720 824 inter
1732 784 1793 840 noa,
1820 779 1850 828 ut
1877 773 2008 831 medietas

349 851 483 921 apostolis
498 852 578 907 Petro
593 861 620 909 et
635 853 722 908 Paulo
750 853 874 924 patrique
901 861 927 907 el
954 853 1065 909 domino
1092 868 1154 908 meo
1207 853 1299 922 operis
1313 853 1399 923 ipsius
1413 854 1535 909 ecelesiae
1548 865 1688 912 remaneat
1713 857 1742 912 in
1755 866 1887 929 potestate
1915 861 2006 919 Sancti

350 940 462 1012 Hugoni
481 940 584 1009 abbati,
601 950 627 998 et
642 942 749 997 caeteris
763 942 915 998 senioribus
934 942 1059 997 iratribus
1086 942 1152 997 Clu·
1207 941 1346 1013 Stephani,
1363 950 1390 998 et
1403 943 1591 999 canonicomtn
1613 944 1738 1014 ejusdem
1769 946 1853 1003 aedis.
1868 948 2005 1007 Consum·

354 1028 528 1083 uincensibus
544 1030 667 1099 quemdum
683 1046 716 1086 ex
732 1030 800 1086 meis
828 1030 918 1096 rebus,
947 1038 976 1084 ul
994 1030 1045 1101 ipsi
1073 1030 1152 1087 dein·
1205 1039 1353 1087 matauem
1368 1031 1474 1087 fabrica
1486 1032 1625 1103 praediclae
1652 1034 1774 1091 ccclesiae
1801 1036 2004 1095 medietasom·

349 1130 416 1185 ceps
432 1130 465 1171 ea
477 1116 539 1185 jure
555 1126 686 1188 perpetuo
702 1118 861 1189 possideant
876 1122 901 1174 et
917 1125 996 1189 prout
1017 1118 1152 1175 voluerint
1206 1120 1281 1175 nium
1297 1119 1464 1177 oblationum
1492 1122 1615 1191 praelatae
1629 1122 1766 1193 eeclesiae,
1781 1125 1888 1181 illarum
1902 1128 2008 1186 scilicet

354 1204 512 1275 disponant.
532 1206 599 1263 Sunt
613 1222 679 1262 vero
694 1206 752 1261 haec
768 1224 775 1261 ι
789 1206 819 1261 In
841 1206 936 1278 primis
964 1206 1096 1279 quidquid
1124 1207 1152 1261 in
1204 1224 1296 1263 rerum
1310 1224 1375 1280 quae
1389 1219 1589 1265 consueverunt
1602 1209 1687 1266 dividi
1701 1211 1772 1267 inter
1782 1213 1952 1287 episcopum,
1978 1225 2007 1274 ct

352 1292 470 1348 ecelesia
484 1293 526 1350 vel
543 1294 658 1351 rilinde
673 1296 777 1350 Carmis
792 1296 818 1350 in
835 1296 984 1352 dominium
1012 1295 1149 1367 possideo,
1204 1312 1299 1367 opera,
1327 1304 1355 1353 et
1381 1297 1621 1369 congregationem
1649 1299 1771 1369 ejusdem
1785 1301 1849 1373 loci,
1863 1303 1898 1359 sit
1912 1305 2004 1363 Sancti

350 1382 474 1437 redditus
489 1382 628 1452 videlieet,
659 1386 701 1441 rel
728 1386 939 1441 consuetudines
954 1400 1049 1441 omnes
1064 1393 1091 1441 et
1105 1385 1150 1439 vi·
1205 1385 1372 1458 Stephaniet
1399 1386 1520 1459 episcopi
1545 1402 1578 1443 ac
1601 1388 1791 1445 canonicorum
1814 1390 1889 1449 illins
1913 1393 2000 1451 sedis.

349 1470 440 1526 carias
455 1486 553 1527 omnes
568 1472 607 1527 ibi
621 1473 794 1545 pertinentes,
806 1474 960 1546 quicunque
972 1474 1036 1530 illas
1050 1473 1150 1529 lrabeat
1203 1475 1317 1532 Retineo
1332 1475 1414 1531 etiam
1421 1482 1539 1547 pestem,
1551 1491 1633 1547 quem
1643 1478 1848 1549 recipereaolao
1863 1481 1891 1536 in
1904 1482 2004 1540 iestnm

347 1566 376 1614 ut
391 1559 460 1615 sicul
475 1575 526 1633 ego
542 1563 594 1617 buc
608 1578 693 1634 nsque
715 1578 786 1619 noue
800 1563 883 1632 tenui,
899 1563 936 1619 ita
950 1562 1078 1635 deinceps
1102 1578 1149 1621 aaa
1203 1564 1295 1620 Sancti
1310 1563 1447 1619 Saturnini
1476 1564 1549 1621 sieut
1575 1565 1745 1623 constitutum
1761 1576 1813 1640 est,
1841 1578 1870 1627 et
1895 1571 2004 1629 tertiam

348 1648 467 1704 seniores
478 1650 671 1706 Cluniaoenses
683 1659 800 1707 teneant.
811 1652 891 1707 Dono
909 1652 992 1709 eliam
1006 1653 1097 1709 villam
1112 1653 1149 1711 de
1202 1660 1311 1724 partem
1325 1654 1448 1710 omnium
1463 1668 1555 1710 rernm
1582 1670 1644 1726 qnae
1662 1670 1712 1727 pro
1726 1657 1865 1729 sepultura
1878 1668 2001 1719 mortuo·

349 1736 457 1807 Siurac,
474 1739 544 1794 sicut
559 1754 618 1794 eam
636 1740 770 1810 tenebam,
787 1747 813 1796 et
827 1741 1037 1797 consuetudines
1064 1750 1091 1797 et
1105 1742 1149 1798 vi·
1203 1757 1264 1797 rum
1279 1742 1418 1814 praeiere
1442 1742 1567 1799 ecclesia
1593 1743 1768 1801 conserentur
1793 1747 1837 1803 rel
1856 1748 2004 1823 dabuntur,

348 1826 435 1881 carias
451 1826 553 1883 ibidem
572 1828 734 1900 pertinentes
743 1829 876 1886 similiter.
894 1829 983 1885 Simili
998 1831 1081 1888 modo
1094 1831 1149 1888 vil·
1203 1831 1274 1887 ultra
1289 1831 1408 1902 quinque
1436 1831 1550 1889 solidos.
1567 1830 1681 1890 llatineo
1696 1833 1822 1891 similiter
1842 1835 1910 1893 mibi
1937 1839 2005 1897 dum

348 1914 402 1969 lrru
418 1915 452 1971 de
466 1916 631 1991 Espentegui
647 1934 709 1973 cum
722 1918 964 1975 consuetudinibus
987 1928 1013 1976 et
1040 1920 1150 1977 vicanis
1203 1920 1302 1975 vixero
1317 1935 1427 1976 omnem
1441 1920 1575 1977 bonorem
1589 1922 1786 1993 prepositurae,
1802 1924 1934 1996 decaniae,
1954 1943 2002 1984 sa·

346 2004 483 2060 omnibus.
497 2004 669 2062 Medietatem
684 2022 795 2079 quoque
811 2008 846 2063 da
859 2008 952 2064 clauso
982 2009 1016 2064 de
1043 2008 1188 2089 Vensacss
1205 2004 1350 2060 erislaniae.
1367 2004 1431 2061 Posi
1446 2005 1551 2061 obitum
1565 2022 1657 2062 meum
1673 2007 1804 2079 quidquid
1819 2024 1856 2065 ex
1865 2010 2006 2080 predictis

347 2108 409 2148 cum
426 2094 527 2149 vicaria
548 2110 605 2151 sna.
623 2096 692 2151 ltem
705 2089 980 2168 quidquid'habebam
997 2098 1069 2169 apud
1084 2114 1149 2154 san·
1205 2093 1358 2151 bonoribus
1372 2093 1461 2150 solent
1475 2101 1570 2151 tenere
1584 2094 1648 2150 laici
1667 2111 1717 2167 per
1743 2112 1854 2153 manum
1883 2098 2006 2174 episcopi

347 2189 420 2236 ctum
436 2183 596 2239 Porcianurn
614 2185 647 2240 de
663 2186 751 2241 Borno
766 2201 827 2241 eum
839 2186 992 2243 devicariis
1003 2195 1150 2243 aleonsuc·
1204 2190 1347 2240 remaneat
1363 2182 1464 2239 Sancto
1479 2182 1637 2240 Saturnino.
1656 2184 1770 2242 lletinee
1784 2192 1811 2241 at
1839 2202 1935 2245 omnes
1947 2198 2005 2247 sta-

346 2271 485 2327 iudinibus
499 2282 526 2329 et
541 2281 670 2344 quantum
685 2290 737 2328 una
751 2274 831 2331 leucu
862 2283 934 2332 tenet
962 2277 996 2332 de
1024 2277 1094 2333 silva
1117 2277 1151 2332 de
1205 2270 1832 2345 tionesfestivitatnmsicutabantiquitusannt
1854 2277 2007 2336 constituta

346 2360 434 2416 Boron
448 2362 475 2415 in
488 2362 548 2417 loce
560 2362 606 2417 nbi
619 2363 668 2433 ipsi
685 2365 810 2421 monachi
826 2364 968 2439 elegerint.
984 2368 1052 2421 ltem
1086 2381 1152 2436 qua·
1205 2361 1263 2417 lieri
1278 2360 1351 2432 apud
1366 2360 1472 2416 sedam.
1496 2361 1609 2417 Retineo
1635 2361 1716 2417 etiarn
1745 2360 1799 2418 hec
1825 2361 1953 2423 laudante
1980 2375 2008 2423 et

347 2450 478 2521 draginta
509 2451 617 2506 modios
642 2452 774 2507 debitales
802 2453 918 2510 devino
938 2456 1011 2510 omni
1033 2470 1108 2509 anno
1124 2454 1151 2509 in
1205 2450 1387 2507 conveniente
1396 2449 1533 2506 Holnaldo
1546 2450 1678 2521 praedicto
1687 2450 1789 2507 abbate
1803 2460 1831 2508 et
1855 2468 2009 2529 mugraga·

347 2538 503 2593 Thieruensi
520 2555 603 2611 pago,
625 2549 650 2595 et
672 2542 765 2597 decern
786 2542 918 2608 cervisie,
939 2549 965 2599 et
993 2560 1076 2599 unum
1104 2560 1151 2599 se·
1205 2540 1280 2596 liene
1294 2538 1379 2611 ipsius
1392 2539 1496 2606 loci,ut
1524 2538 1677 2612 quicunque
1702 2556 1738 2595 ax
1764 2540 1876 2599 civitate
1894 2544 2010 2603 volucrit

345 2627 503 2683 mimodinm
533 2628 568 2683 de
596 2629 692 2697 melle,
709 2638 735 2685 et
750 2630 945 2704 quinquaginta
961 2634 1075 2689 rusticos
1089 2649 1151 2688 cnm
1205 2628 1315 2701 sepeliri
1329 2629 1358 2683 in
1371 2627 1526 2684 coemeterio
1541 2634 1653 2684 uostrae·
1669 2627 1753 2696 aedis,
1768 2629 1827 2686 sina
1855 2632 1929 2688 omni
1957 2648 2009 2691 ea-

348 2716 592 2772 cunsnetodinibns
620 2734 686 2789 quas
714 2718 868 2787 debebant,
903 2729 930 2776 et
957 2722 1151 2793 quinquaginta
1205 2718 1308 2773 lumnia
1322 2726 1349 2773 et
1363 2716 1577 2775 contradictione
1590 2717 1736 2788 recipiatur
1750 2719 2003 2790 acaepeliaturibi.

348 2820 455 2878 porcos,
473 2805 639 2875 totidemque
655 2808 805 2864 multones.
1206 2806 1305 2863 Omnia
1318 2806 1379 2863 haec
1393 2807 1590 2878 suprascripta
1604 2820 1658 2879 ego
1672 2808 1781 2864 isarnus
1795 2808 1938 2880 episeopus
1948 2811 2007 2881 jam

383 2896 483 2951 Petrus
499 2894 533 2949 do
547 2896 658 2965 Ariona,
673 2895 786 2951 Eldinus
800 2896 834 2953 de
861 2898 1039 2971 ldontalegra,
1056 2900 1151 2954 Petms
1205 2912 1286 2968 supra
1298 2895 1465 2964 nominatus,
1485 2896 1588 2952 redum
1612 2894 1648 2951 ad
1671 2911 1742 2967 opus
1755 2895 1848 2953 Sancti
1870 2898 2006 2972 Stephani

350 2984 386 3040 de
399 2984 512 3040 Terrae.
524 2982 641 3039 Istisunl
657 2986 793 3057 testesqui
809 2986 860 3042 hec
871 2986 999 3043 viderunt
1013 2995 1041 3043 et
1053 2988 1150 3043 audie·
1205 2995 1306 3042 nostrae
1324 2981 1408 3055 sedis,
1428 2993 1455 3041 et
1473 2985 1508 3041 ad
1532 2998 1623 3041 mcum
1644 3000 1728 3055 opus,
1755 2993 1784 3041 at
1811 2987 2009 3046 canonicorum

345 3081 419 3130 mnt.
1204 3074 1328 3146 ejusdem
1343 3090 1422 3147 opus,
1451 3080 1479 3130 et
1505 3074 1696 3130 canonicorum
1712 3074 1841 3143 eiusdem
1855 3077 1930 3132 aedis
1943 3092 2008 3149 pro·

690 3192 796 3249 XXVI·
1204 3172 1266 3236 pter
1277 3162 1401 3221 laicalem
1415 3162 1510 3218 levum
1523 3162 1648 3233 superins
1661 3161 1729 3231 diri,
1744 3171 1774 3219 nt
1786 3165 1822 3219 sit
1836 3164 1927 3222 Sancti
1954 3166 2009 3225 Sa·

728 3310 733 3323 ,
861 3309 866 3323 ,
987 3310 1027 3323 Η
1204 3252 1315 3319 turnini,
1331 3259 1359 3309 et
1372 3250 1620 3311 exomnibuaistis
1646 3267 1708 3322 quae
1733 3251 1801 3307 mibi
1815 3261 1844 3310 et
1857 3254 1917 3310 aedi
1936 3270 2007 3313 meaa

349 3307 1149 3374 CieriodeuotiouiaercleatoeSanclaSoturuuerTolera·

380 3381 904 3454 uicluniacensimonasteriosaeioab
914 3381 1147 3454 lrornnapircupe
1161 3383 1186 3447 G
1203 3349 1285 3414 “que
1298 3356 1439 3443 mmm?
1453 3348 1568 3412 ‘enm’
1585 3348 1713 3440 menn
1727 3348 1798 3397 Μ
1812 3356 1862 3397 ⁰⁰⁸
1881 3350 1910 3398 ¹¹¹
1937 3343 2006 3400 ΝΜ

383 3451 526 3509 Tolosam,
1201 3445 1321 3504 unquam
1336 3432 1484 3504 impediam
1499 3446 1588 3501 nequa
1602 3430 1671 3485 altas
1695 3429 1891 3501 transiendam,
1914 3445 2005 3503 nequa

1199 3522 1281 3579 ullam
1296 3519 1480 3576 difficultatem
1493 3526 1586 3576 contra
1595 3518 1691 3574 sedem
1702 3532 1803 3584 meam,
1812 3520 1998 3578 etcanonicea

345 3578 457 3651 [emb
469 3579 610 3636 mmm
618 3577 651 3636 αθ
662 3577 752 3636 ΗΜ·
769 3577 808 3635 du
827 3577 1006 3649 L⁰”⁹“⁰d‘¹⁶’
1018 3592 1046 3647 p·
1063 3577 1144 3651 m]
1197 3610 1285 3681 ipsius
1300 3607 1394 3664 aedis:
1411 3607 1527 3663 similem
1554 3606 1763 3662 conuentionem
1776 3607 1849 3664 lario
1861 3607 1896 3666 de
1910 3610 1998 3666 enaui-

378 3705 408 3758 ln
423 3703 533 3761 nemine
547 3705 597 3761 Dei
613 3703 699 3760 Patris
725 3703 932 3775 omnipotentis,
961 3710 988 3758 et
1017 3700 1087 3772 Fiiii,
1118 3709 1144 3759 et
1197 3697 1250 3754 bus
1264 3697 1317 3752 illis
1330 3711 1392 3769 quaa
1402 3701 1543 3751 remanent
1555 3692 1623 3765 juris
1636 3693 1731 3750 Sancti
1740 3693 1892 3752 Saturnini.
1923 3697 1998 3755 Pro·

343 3793 458 3866 Spiritus
473 3794 571 3862 saneti,
586 3795 613 3849 iu
628 3809 682 3866 quo
698 3791 829 3864 quidquid
859 3791 973 3846 iacimus
995 3791 1024 3846 in
1047 3791 1141 3861 verbo,
1197 3795 1258 3858 pter
1271 3788 1324 3842 buc
1335 3785 1477 3855 placitum,
1491 3790 1518 3839 et
1532 3789 1643 3856 prepter
1656 3781 1874 3840 constitutionem
1899 3802 1999 3858 supra·

343 3883 388 3938 vel
404 3885 432 3938 in
448 3898 532 3955 opere
546 3883 635 3940 lacere
645 3881 784 3952 jubemur,
802 3887 827 3936 et
843 3879 888 3951 qni
903 3880 985 3937 tetius
999 3879 1063 3937 boni
1087 3880 1142 3935 ini·
1196 3877 1261 3934 dicti
1275 3873 1465 3945 ordinisquod
1484 3871 1631 3945 episcopua
1645 3871 1858 3944 prenominatus
1888 3875 2000 3933 lsaruns

343 3973 408 4028 tium
424 3979 464 4028 est
479 3980 505 4027 et
520 3971 594 4028 linis.
1196 3965 1329 4023 consentit
1343 3979 1375 4021 ac
1389 3961 1523 4034 permittit
1536 3960 1640 4017 institui
1667 3962 1845 4020 monasticam
1872 3964 1997 4038 regulam

376 4059 417 4116 nd
439 4061 563 4116 notitiam
592 4060 766 4132 praesentium
785 4067 811 4115 et
835 4059 988 4116 luturonrm
1017 4058 1142 4115 scribitur
1195 4055 1222 4111 in
1237 4055 1300 4111 loeo
1314 4051 1408 4110 Sancti
1423 4050 1572 4121 Saturnini,
1587 4065 1641 4124 ego
1664 4049 1825 4108 Guillelmus
1846 4052 1998 4112 Tolosanua

342 4151 399 4206 haec
414 4150 613 4218 conuenientia,
630 4165 709 4219 quam
725 4164 777 4220 ego
796 4150 902 4204 isarnus
917 4148 966 4204 liei
981 4149 1070 4221 gratia
1086 4148 1142 4204 Tu·
1195 4161 1290 4201 eomes
1304 4144 1377 4200 dono
1391 4153 1421 4198 et
1434 4141 1517 4196 laudo
1531 4147 1558 4196 et
1570 4139 1650 4198 lirruc
1662 4139 1715 4210 ipsi
1735 4139 1864 4214 epiecopa
1892 4143 1995 4215 barno,

343 4239 409 4294 losa
423 4239 567 4311 episeopus
582 4245 669 4294 statuo
683 4237 806 4306 allieno,
823 4253 882 4294 cum
899 4238 1024 4295 Hunnldo
1042 4239 1140 4295 abbate
1195 4241 1225 4290 ut
1238 4240 1347 4305 propter
1360 4229 1668 4287 excommunicationem
1683 4229 1836 4299 apostolici,
1866 4231 1910 4288 rel
1936 4234 1996 4304 ejus

341 4327 522 4398 bloyssaoensi
538 4327 572 4382 de
605 4327 665 4382 leco
698 4326 788 4382 Sancti
812 4327 958 4392 Saturnini,
982 4343 1062 4399 quem
1087 4345 1140 4400 ego
1194 4322 1278 4395 legati
1292 4333 1434 4391 nunqnam
1448 4325 1541 4374 oontm
1555 4316 1656 4387 pellam
1679 4315 1718 4372 illi
1746 4318 1880 4374 honorem
1904 4336 1995 4392 neque

340 4417 422 4472 laudo
438 4423 464 4472 et
478 4415 617 4472 committo
647 4415 757 4470 domino
772 4414 881 4487 llugoni
910 4414 1004 4470 abbati
1028 4417 1139 4472 Clunia·
1195 4412 1329 4477 auserem,
1345 4403 1736 4479 ss0q¹¹0¹¹¹¹⁸mlimi¹¹s0fflms
1752 4413 1779 4461 0¹
1801 4415 1915 4479 limile?
1941 4412 1995 4468 hoe·

341 4505 425 4574 censi,
442 4513 468 4560 el
495 4505 622 4560 linualdo
650 4503 834 4575 suprascripto
853 4503 957 4572 abbati,
977 4510 1006 4559 ut
1034 4504 1071 4560 ibi
1086 4506 1139 4562 Do·
1194 4500 1268 4556 idem
1283 4497 1413 4570 placitum
1423 4495 1496 4551 dono
1510 4501 1538 4549 et
1550 4492 1628 4549 rinno
1642 4492 1691 4562 iili,
1707 4501 1735 4548 ul
1748 4493 1784 4549 ab
1793 4494 1927 4554 hodierno
1946 4499 1993 4556 die

338 4595 415 4649 mino
431 4593 481 4649 sub
497 4593 644 4650 monastica
659 4593 754 4664 regula
769 4593 842 4648 omui
859 4599 980 4665 tempore
994 4593 1136 4650 serviatur.
1193 4589 1228 4647 de
1240 4586 1314 4643 nullo
1328 4585 1427 4642 clerico
1448 4582 1580 4654 accipiam
1605 4580 1740 4652 justitiam
1766 4584 1812 4654 qui
1836 4583 1940 4643 habitet
1961 4587 1990 4644 in

337 4685 395 4740 lloc
409 4683 625 4753 videlicetpacto
640 4683 713 4754 qnod
728 4683 883 4738 habendum
912 4699 1021 4753 semper
1033 4684 1137 4741 retineo
1193 4677 1324 4735 suburbio
1337 4675 1381 4732 vel
1395 4674 1423 4729 in
1437 4674 1547 4730 ciritate
1561 4680 1703 4744 postquam
1716 4687 1848 4729 ceronam
1868 4675 1993 4735 babuerit

336 4783 458 4844 quartam
475 4779 583 4841 partem
599 4773 720 4827 omniurn
735 4771 905 4829 oblationum
931 4770 1062 4828 Ecclesiae
1087 4789 1135 4828 su·
1191 4767 1330 4839 incapite,
1345 4760 1775 4836 neque³0⁰illi⁸ml⁰⁸²i¹l⁸md0
1798 4761 1908 4834 flll'lffils
1936 4781 1989 4822 ¹¹⁰·

335 4859 449 4932 predicti
466 4859 597 4932 nrartyris,
614 4867 640 4915 et
656 4859 794 4930 proprium
811 4861 955 4916 custodem
979 4860 1081 4928 altaris,
1111 4872 1139 4919 et
1191 4873 1245 4930 quc
1259 4857 1293 4912 de
1307 4851 1557 4912 servientibussuis
1572 4848 1619 4923 qui
1633 4849 1727 4904 sintin
1741 4849 1860 4919 ciuitate,
1888 4853 1934 4911 ael
1960 4856 1990 4912 in

335 4951 438 5004 victum
456 4948 541 5019 ipsius
555 4948 676 5004 custodis
690 4947 725 5004 de
740 4949 857 5004 claustro
886 4949 1086 5021 accipiendum,
1113 4963 1139 5012 et
1191 4948 1291 5019 burgo.
1306 4946 1372 5002 llaec
1385 4943 1479 5000 omnia
1491 4942 1561 4997 sicut
1573 4940 1602 4996 in
1614 4939 1667 4996 hac
1680 4940 1775 4996 charta
1787 4940 1888 5013 scripta
1915 4953 1988 5017 sunt,

338 5037 449 5094 donnum
465 5037 501 5092 ad
516 5053 583 5108 opus
597 5035 716 5092 custodis
731 5053 816 5108 prope
844 5037 941 5095 ostium
960 5038 1082 5096 ecelesiae
1104 5039 1139 5094 ad
1192 5037 1229 5093 ita
1241 5037 1314 5092 dono
1328 5050 1380 5108 ego
1394 5031 1566 5103 supradictus
1580 5044 1682 5096 eomes,
1696 5037 1723 5084 et
1748 5029 1830 5086 lando
1856 5039 1884 5088 et
1910 5031 1990 5094 firmo

336 5126 469 5196 placitum
499 5141 601 5180 meum.
622 5124 735 5180 Retiueo
759 5140 866 5197 quoque
886 5126 992 5182 elavem
1021 5127 1138 5198 sepulcri
1192 5127 1250 5182 Deo
1265 5121 1548 5194 etsanctoStepbano
1560 5116 1786 5190 praedietaesedis
1807 5128 1835 5176 et
1859 5121 1988 5196 episeopo

338 5211 465 5280 martyris
481 5215 509 5267 et
523 5213 630 5268 clavam
645 5221 709 5268 ante
723 5212 807 5269 altare
820 5213 912 5271 Sancti
927 5214 1038 5270 dscieli.
1057 5216 1093 5272 Et
1106 5216 1140 5272 de
1192 5217 1285 5272 isarno
1312 5211 1521 5282 praenominato,
1532 5213 1614 5278 atque
1624 5206 1760 5264 canonicis
1770 5207 1893 5279 ejusdem
1914 5213 1989 5270 sedis

336 5299 462 5356 omnibus
477 5316 537 5368 qum
553 5300 579 5354 iu
594 5300 722 5371 praedicta
737 5301 860 5358 Ecclesia
876 5303 1047 5374 acquirentur
1061 5319 1076 5358 n
1090 5319 1138 5376 po·
1192 5301 1377 5376 praesentibus
1386 5308 1413 5356 et
1427 5298 1535 5364 futuris,
1563 5304 1590 5353 ct
1618 5303 1647 5352 ut
1673 5312 1811 5368 nmquam
1837 5298 1989 5376 irrumpere

337 5389 413 5460 pulo,
431 5388 538 5444 retineo
554 5389 660 5444 tertiam
673 5398 780 5460 partem
795 5390 830 5446 ad
842 5405 925 5462 opera
953 5391 1083 5459 eeclesiae,
1113 5401 1139 5448 et
1191 5389 1493 5464 possim,sedsemper
1506 5385 1585 5442 firma
1600 5384 1744 5441 stabilitate
1765 5393 1872 5444 teneam
1899 5398 1927 5446 et
1953 5389 1988 5445 ii-

336 5477 447 5533 tertiam
463 5484 568 5548 partem
584 5478 723 5548 episcopi,
738 5486 765 5534 et
780 5494 863 5534 unum
878 5479 998 5536 cubitum
1015 5479 1138 5537 candelae
1192 5481 1290 5538 daliter
1303 5478 1456 5546 observem,
1472 5476 1501 5531 in
1514 5475 1624 5532 nomine
1636 5481 1737 5532 sanctae
1759 5473 1824 5532 ildei
1851 5476 1987 5534 osculatus

336 5565 626 5639 episcopalem,alium
637 5567 786 5638 prepositi,
798 5567 880 5623 alium
895 5567 992 5624 decani
1006 5577 1034 5624 et
1055 5568 1138 5625 alium
1191 5586 1253 5627 sum
1280 5567 1441 5640 predictum
1463 5565 1623 5636 episcopum
1648 5565 1820 5632 lsarnum,et
1844 5564 1990 5622 canonicos

336 5655 468 5723 sacristae,
499 5663 526 5711 et
553 5653 636 5712 alium
651 5655 685 5711 ad
701 5673 784 5727 opera
813 5655 932 5727 ejusdem
952 5657 1084 5728 ecclesiae,
1111 5662 1140 5714 et
1191 5659 1250 5730 ejus
1263 5655 1347 5712 sadis.
1360 5656 1493 5711 Praeterea
1519 5652 1719 5721 constituimus,
1747 5659 1775 5707 et
1791 5659 1921 5724 perpetua
1934 5653 1989 5710 eb-

338 5745 487 5801 luminaria
514 5745 549 5800 ad
577 5744 721 5816 prandium
749 5745 816 5802 mihi
840 5745 1006 5817 necessaria,
1026 5763 1086 5818 qua
1105 5763 1138 5804 ex
1191 5745 1346 5804 servatione
1360 5742 1513 5814 delinimus,
1528 5749 1557 5798 nt
1572 5743 1600 5798 in
1612 5739 1879 5814 praenominatolecc
1892 5741 1989 5800 Sancti

337 5833 531 5892 consuetudine
545 5832 648 5892 habere
671 5834 757 5906 soleo,
782 5842 808 5894 et
837 5843 891 5893 tota
915 5849 999 5910 opera
1025 5835 1138 5894 lubrica
1193 5832 1331 5893 Saturmm
1357 5848 1495 5906 nunquam
1522 5832 1656 5890 instnatur
1683 5828 1780 5899 abbas,
1808 5827 1860 5888 aed
1881 5843 1989 5906 semper
