4750 6725
434 646 487 705 907
982 620 1013 676 S.
1028 612 1187 676 ttooortts
1201 612 1346 673 muisis
1361 610 1519 671 CLllNldC.

432 769 485 829 llis
498 764 609 835 sobolis,
624 757 669 819 bie
677 751 863 823 eeeiesiaeJsm
877 752 950 806 totus
963 744 1117 813 adherens,

470 858 606 915 Virtutum
617 846 711 906 studiis
723 843 826 901 ludicre
837 833 1001 913 postposuit.

434 945 573 1007 Nobilium
585 943 687 1007 restes,
702 930 798 989 humili
811 944 863 1002 pro
876 933 952 984 reste
963 929 1079 991 remeat,

470 1036 580 1092 Etcum
594 1022 761 1097 simplicibus
774 1015 934 1090 simpliciter
948 1010 1083 1086 preditus.
1157 1092 1164 1107 ·

434 1128 469 1183 tt
480 1128 559 1196 peter
571 1116 634 1175 bino
643 1118 770 1171 metuens
783 1124 818 1165 ne
832 1104 870 1163 sin
883 1102 1034 1159 dissuescat
1047 1097 1082 1155 eb
1098 1112 1191 1165 ermis,

470 1207 586 1280 Corripit
599 1205 682 1271 hune,
698 1207 828 1271 uuquam
842 1193 878 1250 de
892 1191 995 1264 pietate
1008 1202 1096 1256 reurn,

432 1299 509 1360 Talis
522 1294 639 1361 milities,
652 1289 704 1347 nisi
717 1286 903 1350 demetentur,
918 1278 1027 1347 obesse,

470 1386 643 1447 tixbnrrere
652 1392 755 1446 senem
770 1390 831 1445 quae
845 1368 940 1427 didieit
952 1365 1063 1439 juvenis
1078 1382 1085 1429 ;

436 1482 518 1537 Hune
530 1472 618 1532 semel
631 1466 771 1527 beredem
785 1478 816 1519 se
829 1456 999 1519 constituisse
1012 1454 1155 1521 bonorum,

471 1567 554 1625 liunt
564 1558 740 1619 interirstres
752 1566 861 1623 semper
874 1560 983 1604 emesae
994 1542 1093 1616 megin.

436 1655 507 1715 time
519 1649 622 1726 petrios
633 1660 735 1711 mores,
750 1640 971 1714 patriasquoque
984 1630 1143 1688 traditiones

472 1745 552 1802 liuns
565 1738 667 1797 debere
679 1730 767 1805 sequi,
784 1743 818 1785 ne
832 1724 910 1799 qussi
925 1724 1083 1795 degeneret.

437 1835 504 1893 iiten
517 1833 606 1887 Peter.
615 1820 765 1894 Atiureais
778 1816 886 1873 undem
900 1827 961 1883 qum
975 1814 1066 1865 mente
1080 1804 1195 1881 gerebat

474 1919 572 1987 Ebibit,
583 1924 610 1973 et
619 1912 753 1986 profugus
765 1915 802 1975 te,
818 1901 954 1968 tinuisse,
968 1897 1045 1970 petit.

437 2012 515 2071 litmr
528 2006 610 2065 Odilo
624 2002 667 2060 tir
678 1992 853 2071 magnificus,
861 2000 926 2049 tune
938 1995 1034 2060 pestor
1046 1991 1074 2041 et
1087 1983 1183 2053 abbas,

473 2093 598 2168 Suscipit
611 2093 683 2148 inter
695 2101 773 2154 oves,
783 2080 871 2141 erudit
884 2086 966 2151 etque
981 2076 1076 2173 fovet:

438 2191 525 2261 laque
540 2181 617 2242 breti
629 2178 721 2252 spatio
735 2173 774 2232 sio
787 2173 822 2229 de
833 2170 933 2229 virtute
946 2164 1084 2238 probavit,

472 2273 613 2335 Fratribus
625 2278 656 2326 ut
669 2262 776 2324 eunetis
789 2260 887 2318 ordine
896 2254 1058 2330 praeficeret.

436 2367 509 2439 Quin
522 2371 550 2423 et
561 2354 705 2434 propositi
717 2358 781 2426 post
794 2343 953 2405 sublimarit
965 2342 1069 2399 bonore
1085 2359 1092 2404 ;

471 2457 508 2514 lit
520 2448 684 2525 qumdoque
697 2458 761 2499 siras
774 2435 917 2512 ipseriees
931 2438 1048 2507 gereret.

436 2544 484 2603 Sin
497 2539 621 2605 humilis,
634 2532 763 2600 blundus,
778 2528 817 2585 sio
826 2524 945 2589 terrens,
961 2520 1055 2591 sieque
1064 2531 1187 2586 severus,

470 2632 594 2691 UtPetre
607 2622 738 2681 desudem
749 2618 813 2689 jure
826 2615 906 2671 Peter
918 2610 1005 2668 tieret.

437 2724 589 2782 Ononeors
606 2715 613 2769 t
628 2728 646 2769 o
660 2705 797 2767 unanimis
810 2699 944 2761 sententia
958 2697 1070 2755 tratrem
1086 2695 1093 2751 t

471 2810 542 2867 Nem
551 2819 609 2865 vox
622 2815 678 2857 uae
690 2796 744 2853 init
758 2790 890 2867 quidquid
903 2788 943 2844 ibi
955 2784 1054 2843 sonuit.

435 2901 557 2959 Fratrem
572 2900 627 2950 tote
640 2886 762 2962 pbeisnx
776 2880 905 2938 abbatem
917 2874 1022 2949 tisgitst
1031 2870 1120 2928 itiam.

470 2986 553 3060 Optio
567 2981 642 3038 nulle
655 2979 779 3040 Petram,
795 2969 846 3027 sed
852 2968 934 3023 Peter
947 2966 1028 3037 liupo
1042 2962 1102 3018 tuit.

435 3078 510 3149 Ques
524 3069 622 3131 exinde
636 3079 730 3123 omnes
743 3059 796 3116 sibi
810 3071 878 3114 mox
892 3053 1020 3111 indixerit
1033 3051 1104 3123 ipse,

471 3166 524 3221 Dat
536 3158 623 3217 torisa
636 3153 729 3222 fidem,
741 3164 797 3221 qua
814 3147 886 3202 bene
898 3159 929 3200 se
944 3142 1060 3199 domuit.

436 3254 514 3312 littae
529 3246 588 3306 tulit
602 3243 638 3300 ed
652 3253 772 3305 earnem,
783 3236 848 3291 dum
861 3233 938 3305 luget
951 3228 1066 3287 erimine
1079 3228 1164 3303 patris
1177 3248 1184 3291 ς

1245 738 1275 805 Α
1323 737 1360 794 Et
1372 738 1435 795 vita
1448 736 1562 795 verbum
1577 750 1652 809 smpe
1668 734 1802 793 ministrat
1816 734 1851 793 ei.

1289 828 1326 883 itt
1339 827 1449 899 generis
1463 825 1548 883 nostri
1560 824 1678 883 erudelis
1691 829 1720 883 et
1733 824 1843 882 invidus
1857 826 1955 897 boetis,

1324 916 1393 973 Cum
1400 914 1445 971 vir
1457 922 1567 972 senetus
1581 913 1667 985 abest,
1683 914 1743 988 ipse
1753 914 1863 974 dolosus
1873 915 1959 985 adest,

1289 1002 1382 1061 Terret
1396 1000 1562 1076 pontiieem,
1573 1003 1805 1061 turbsnsborrore
1819 1011 1965 1076 tutentem;

1325 1093 1393 1148 Cum
1406 1091 1566 1151 virsanetue
1581 1090 1667 1161 adest,
1682 1092 1742 1164 ipse
1749 1093 1861 1149 dolosus
1874 1092 1967 1149 sbest.

1289 1180 1393 1253 Sisque
1405 1187 1542 1252 protracta
1552 1180 1597 1236 diu
1612 1180 1663 1236 tuit
1672 1178 1814 1238 alternatio
1828 1198 1959 1254 presens.

1325 1268 1395 1325 'l'um
1410 1272 1490 1341 roget
1503 1268 1615 1325 antistes
1628 1284 1738 1342 semper
1752 1270 1848 1327 edesse
1862 1271 1968 1327 Patrem
1985 1288 1994 1327 t

1289 1356 1454 1430 obsequitur
1466 1357 1604 1429 precibus,
1620 1373 1673 1415 neo
1688 1358 1712 1415 ei
1726 1374 1758 1415 se
1771 1360 1908 1416 subtrabit
1918 1360 2000 1431 ultre,

1326 1446 1420 1503 Donet
1434 1444 1525 1503 obisse
1541 1445 1624 1516 videt,
1635 1447 1722 1503 donee
1732 1462 1793 1503 eurn
1803 1450 1909 1521 sepelit.

1290 1534 1348 1591 Nee
1362 1534 1471 1591 mireris
1485 1550 1549 1591 euru
1564 1542 1684 1592 veterem
1698 1535 1838 1609 pepulisse
1852 1540 2013 1609 tyrannum,

1327 1622 1409 1695 Cujus
1423 1622 1581 1681 edhaerebet
1595 1638 1672 1681 mens
1682 1625 1843 1697 animusque
1856 1626 1915 1685 Deo
1930 1645 1937 1692 ;

1291 1712 1324 1769 Et
1338 1712 1381 1768 eui
1397 1709 1466 1767 tixus
1480 1718 1548 1781 eret,
1559 1712 1603 1768 eui
1618 1718 1698 1769 noete
1712 1712 1810 1785 dieque
1823 1715 1949 1786 tenebat,

1327 1802 1405 1857 Hune
1418 1800 1454 1855 eb
1468 1816 1501 1857 eo
1516 1800 1617 1871 visum,
1633 1801 1697 1857 dum
1712 1802 1789 1858 loeus
1799 1810 1849 1873 est,
1863 1805 1992 1862 referem.

1291 1889 1428 1947 Psallebat
1438 1890 1555 1947 Domino
1565 1888 1676 1947 irettum
1689 1890 1798 1961 tironus,
1814 1898 1843 1949 et
1856 1893 1935 1950 Peter
1943 1894 2008 1967 ipse

1327 1977 1447 2051 Aspexit
1460 1978 1593 2036 Christum
1608 1978 1726 2051 psallere
1741 1995 1802 2036 oum
1817 1981 1934 2039 eitbera.

1251 2092 1278 2155 Β
1292 2065 1344 2137 Qui
1358 2066 1518 2140 singillatim
1534 2067 1610 2124 visus
1621 2074 1732 2125 eantare
1745 2084 1796 2140 per
1809 2084 1914 2141 omnes,

1327 2154 1426 2228 implet
1438 2154 1523 2213 odore
1538 2154 1638 2227 losum,
1655 2156 1780 2213 balsama
1794 2158 1841 2231 qui
1854 2168 1974 2231 superat.

1291 2244 1350 2301 Nee
1365 2252 1391 2301 te
1401 2252 1578 2316 preteream,
1594 2244 1710 2317 languor
1721 2246 1848 2304 simulate
1861 2263 1912 2319 per
1926 2248 2008 2306 irem.

1328 2332 1414 2403 Quem
1428 2332 1644 2390 simulatirustre
1659 2334 1769 2391 Pontius
1781 2334 1828 2393 ille
1841 2352 1913 2393 reus.

1291 2420 1342 2479 liis
1357 2421 1502 2494 aliquando
1518 2422 1605 2479 Petris
1618 2438 1653 2480 ne
1668 2422 1806 2497 colloquio
1821 2425 1967 2497 frueretur,

1328 2510 1456 2584 Confugit
1470 2512 1506 2567 ed
1520 2511 1629 2584 lectum,
1646 2511 1739 2587 sieque
1754 2512 1854 2571 malum
1865 2515 1975 2572 simulet
1990 2531 1999 2571 ε

1291 2598 1356 2657 Non
1371 2600 1483 2672 impune
1492 2606 1584 2658 tumea
1600 2618 1606 2665 ;
1623 2617 1687 2659 nem
1697 2618 1760 2659 mox
1774 2602 1811 2659 ite
1824 2603 1947 2662 redditur
1960 2621 2052 2680 seper,

1329 2688 1430 2760 Utjem
1443 2688 1574 2747 deiiceret
1585 2707 1657 2763 pene
1672 2690 1781 2765 loquele
1794 2692 1847 2749 sibi
1864 2712 1871 2749 :

1293 2776 1327 2835 lit
1340 2778 1390 2833 nisi
1402 2777 1443 2833 vit·
1455 2786 1563 2836 sanetus
1574 2779 1706 2836 testinans
1715 2779 1817 2839 viseret
1830 2783 1918 2858 illum,

1328 2867 1399 2940 Spes
1413 2866 1494 2924 etiam
1504 2868 1568 2925 rite
1583 2867 1657 2925 nulle
1669 2870 1856 2942 superfueret.

1291 2954 1328 3015 Ut
1342 2964 1433 3013 tamea
1447 2972 1462 3011 a
1476 2956 1564 3028 culpis
1575 2954 1725 3014 absolvitur
1737 2975 1754 3015 e
1768 2960 1846 3017 Patre
1860 2968 1969 3034 saneto,

1327 3044 1393 3101 Mox
1408 3043 1523 3103 redeunt
1532 3046 1618 3115 vires,
1634 3044 1695 3117 ipse
1708 3046 1816 3119 loquele
1831 3050 1914 3107 redit.

1292 3132 1331 3190 Te
1346 3148 1465 3207 quoque,
1482 3134 1528 3205 qui
1542 3134 1645 3191 solidos
1655 3136 1772 3206 injussus
1787 3138 1887 3195 babere
1901 3140 2014 3213 dedisti,

1329 3222 1367 3278 Te
1379 3222 1462 3279 Petris
1476 3231 1618 3294 expertum
1632 3224 1897 3285 norimussuxilium
1915 3242 1922 3285 :

471 3340 548 3398 itane
561 3334 623 3393 tulit
636 3330 672 3388 etl
685 3340 808 3394 sennem,
822 3322 888 3378 dum
905 3334 955 3376 sue
966 3318 1094 3376 membra
1108 3318 1212 3377 domat.
1291 3308 1361 3368 Nem
1377 3310 1520 3368 defunctus
1534 3328 1604 3382 eres,
1619 3312 1667 3370 sed
1681 3314 1801 3372 nondum
1811 3332 1894 3376 eume
1907 3318 2046 3396 sepultus,

434 3433 508 3491 Pone
521 3426 566 3486 rei
578 3427 702 3484 orentem
715 3415 759 3475 rel
773 3426 884 3484 semper
895 3425 965 3483 pene
976 3409 1121 3481 legentem,

472 3517 559 3578 Crede
573 3513 658 3570 tuisse
672 3509 772 3573 sirum,
787 3501 854 3559 dnm
868 3497 993 3573 regimen
1007 3497 1115 3569 tennit3

437 3612 517 3670 Nune
527 3603 641 3664 audisse
658 3599 757 3668 Deum,
772 3607 844 3650 nnnc
854 3588 932 3646 illum
945 3585 1127 3645 conmisisse.

472 3698 543 3756 iiius
556 3707 630 3766 spes,
644 3686 711 3745 inde
721 3683 922 3752 iides‚utraque
936 3676 1020 3732 aeetit
1031 3690 1120 3732 emor.

428 3767 476 3849 ¹ite
487 3787 589 3860 pietate
601 3778 688 3836 Petris
693 3772 815 3831 seribens
827 3784 890 3825 reus
902 3782 963 3824 esse
977 3763 1102 3834 videbor,

472 3877 503 3935 si
516 3873 562 3947 qui
576 3886 608 3927 re
621 3865 689 3923 nulli
703 3860 784 3918 leude
797 3855 935 3914 secundus
944 3861 1012 3922 eret,

436 3969 471 4026 lii
484 3963 612 4026 retorem,
628 3968 698 4027 ques
711 3948 780 4005 ludit
789 3961 857 4019 opes
866 3945 895 4001 ia
909 3957 1029 4015 paupere
1040 3941 1157 4010 Christo,

471 4054 516 4109 bie
529 4047 628 4106 modus
643 4038 760 4106 assedit,
771 4049 816 4092 me
824 4047 953 4090 numerus
966 4037 1085 4102 superet.

436 4139 560 4201 Diitinire
573 4143 666 4190 tamen
678 4125 808 4192 breuiter,
823 4123 896 4193 quod
910 4117 1006 4187 sentio,
1017 4132 1130 4190 possum
1141 4134 1148 4183 ς

471 4230 607 4299 Tempore
614 4232 695 4277 nemo
708 4228 758 4271 suo
767 4208 904 4268 distn'buit
916 4206 1021 4264 melius.

435 4319 481 4379 Ad
492 4313 556 4374 tidei
569 4309 659 4370 titulos
670 4305 730 4378 jam
741 4317 815 4359 nane
828 4298 939 4356 tandem
951 4295 1104 4354 veniemus.

473 4407 593 4466 Primum
605 4401 640 4458 de
655 4396 761 4456 Christo
774 4389 854 4464 sipne
866 4387 957 4445 locum
971 4389 1091 4442 tenenat.

436 4498 525 4559 'iestis
534 4494 632 4552 adesto
645 4486 696 4555 rei,
712 4492 741 4541 tn
754 4479 870 4554 septime
881 4490 955 4552 pepe
964 4474 1093 4547 Gregorl.
1205 4491 1207 4494 ·

470 4589 536 4644 ltee
549 4587 654 4640 seerete
664 4577 737 4632 Deus
746 4583 859 4628 eernere
872 4581 954 4638 quem
968 4563 1065 4621 voluit.

432 4680 504 4738 Itum
516 4677 595 4731 Peter
608 4663 724 4738 insignis
736 4661 832 4716 iratres
844 4653 993 4726 eliqneado
1003 4652 1127 4720 doceret,

468 4768 559 4824 tiores
571 4759 729 4818 disenteret.
742 4747 825 4806 noxie
838 4745 995 4811 destrueret,

429 4861 484 4917 iste
498 4855 542 4914 rit·
555 4847 695 4924 egregius,
710 4848 776 4898 tuno
787 4834 993 4909 hypodiaconus
1003 4829 1079 4929 urbis

467 4943 647 5002 ildebrannus
655 4931 754 5000 adhue,
769 4932 833 4999 post
845 4922 888 4980 tir
896 4917 1073 4992 spostohms,

430 5038 506 5096 Tune
515 5031 601 5090 Patris
614 5036 741 5083 assessor
752 5013 886 5090 respexit,
900 5017 927 5067 et
941 5023 1006 5066 eoae
1020 5007 1191 5082 Redemptor

464 5119 634 5181 Consedisse
644 5110 716 5170 l’etri
730 5107 851 5168 oeraitur
865 5118 882 5160 e
894 5100 980 5158 latere
996 5115 1004 5172 ;

428 5213 464 5273 lit
476 5208 555 5284 qussi
568 5203 681 5279 judiciis
691 5197 787 5257 babitu
799 5193 930 5264 vultuque
940 5189 1053 5260 tereret,

465 5300 513 5359 Sia
524 5295 627 5365 hilaris,
642 5288 777 5365 pisellus,
788 5284 881 5355 sieque
894 5294 1006 5337 serenus
1017 5281 1090 5337 erat.

430 5391 479 5448 cni
492 5385 591 5447 uirbis
604 5393 759 5453 essersene,
774 5374 893 5430 iretrum
908 5368 1024 5424 mirante
1037 5375 1157 5440 muers,

465 5481 496 5535 tn
505 5473 597 5532 media
609 5468 698 5527 voluit
710 5465 777 5522 sele
790 5462 883 5518 loeare
893 5458 983 5515 Deum
997 5474 1005 5511 :

428 5566 508 5628 Unde
519 5559 676 5634 requisitus,
686 5566 815 5626 putenam
824 5548 879 5606 sibi
894 5562 977 5604 eeuss
990 5544 1098 5616 fuisset,

463 5651 550 5714 Petris
562 5649 622 5711 risa
634 5643 720 5702 retert
728 5638 827 5699 ordine
840 5649 1069 5694 rommemoraus.

425 5746 500 5807 ilrbs
509 5751 553 5802 est
565 5736 653 5798 italie
668 5728 806 5792 morenos
815 5723 926 5784 nomine
938 5722 1022 5794 diets,

461 5835 512 5893 iiie
525 5829 697 5903 Stepbsuum
712 5834 813 5897 pepsm
827 5815 901 5873 ieme
913 5812 984 5872 mori
998 5812 1085 5870 iuerat
1099 5824 1108 5868 t

1327 3399 1402 3457 Visio
1417 3417 1478 3457 num
1488 3400 1587 3460 iratres
1600 3419 1655 3460 une
1669 3403 1737 3461 duos
1750 3406 1854 3463 monuit
1870 3426 1878 3465 t

1253 3453 1331 3545 G'l’e
1343 3489 1419 3562 prius
1434 3489 1542 3547 absolvi
1551 3490 1699 3562 deposcere
1713 3510 1797 3568 quem
1808 3496 1929 3568 sepeliri.

1329 3579 1378 3635 Sia
1392 3579 1468 3650 elias,
1487 3579 1589 3637 donum
1603 3596 1688 3654 posse
1702 3597 1805 3641 nocere
1821 3585 1868 3641 tibi
1885 3605 1892 3641 :

1293 3667 1382 3740 thue
1395 3665 1464 3725 tides
1477 3667 1558 3726 dictis
1572 3669 1698 3728 adbiberi
1709 3681 1801 3744 posset
1814 3673 1851 3730 eb
1864 3673 1932 3748 iliis,

1329 3755 1380 3813 vir
1394 3773 1501 3830 quoque
1514 3758 1659 3834 detegitur,
1674 3759 1717 3816 eui
1731 3760 1836 3819 solidos
1849 3763 1976 3824 dederes.

1293 3845 1360 3902 liaeo
1373 3845 1420 3902 ubi
1434 3853 1646 3920 sunteomperts
1661 3849 1745 3918 Patri,
1761 3867 1822 3922 qum
1841 3862 1905 3911 tota
1931 3867 2085 3932 sequuntur

1329 3935 1370 3992 Tu
1385 3935 1481 3992 melius
1493 3935 1575 4008 nosti,
1590 3937 1632 3995 oui
1647 3939 1797 3998 deturbiue
1808 3941 1895 4000 venie.

1293 4025 1343 4082 Est
1355 4023 1468 4082 retieere
1481 4024 1560 4082 netes
1574 4034 1696 4084 curetum
1710 4031 1788 4088 reste
1800 4029 1950 4104 leprosum,

1330 4112 1417 4184 Quem
1432 4113 1545 4171 dederet
1557 4123 1665 4174 senous
1674 4119 1843 4190 eompetiens
1857 4121 1970 4180 misero.

1293 4203 1354 4260 Nee
1367 4210 1485 4260 mentem
1499 4203 1763 4276 iupitmemorebilis
1772 4207 1857 4266 insule
1872 4211 1954 4282 Petri,

1329 4292 1392 4362 Qne
1404 4307 1526 4363 pereum
1535 4291 1669 4368 lemene
1681 4295 1972 4359 redditsrineolsmis.

1294 4381 1373 4440 Unde
1386 4381 1481 4440 decem
1496 4380 1600 4440 solidos
1613 4381 1707 4441 deeies
1721 4400 1787 4444 euro
1794 4387 1950 4462 retributos,

1329 4470 1378 4528 tet
1390 4485 1443 4546 pro
1456 4470 1539 4530 leude
1551 4477 1608 4542 tus,
1619 4473 1809 4548 ttestnopum,
1822 4477 1921 4536 retem.

1291 4559 1330 4616 'ie
1345 4561 1422 4617 Petre
1434 4576 1496 4616 aum
1505 4559 1593 4618 Penio
1608 4562 1695 4618 Petris
1709 4563 1793 4638 bajus
1802 4565 1915 4639 epistole
1926 4569 2014 4642 flexit,

1327 4648 1413 4706 Fleuit
1423 4655 1573 4722 egestetem
1586 4665 1660 4723 steps
1669 4651 1761 4709 levare
1775 4670 1867 4712 suem.

1290 4737 1403 4811 Vosque
1411 4751 1515 4795 nonum
1529 4737 1664 4810 tempium
1678 4737 1792 4798 fundare
1811 4743 1918 4801 Pete-em
1927 4749 2071 4806 monuistis
2084 4779 2097 4818 ,-

1241 4808 1272 4874 D
1323 4827 1370 4883 Fui
1376 4834 1440 4900 tque
1453 4842 1504 4898 per
1516 4826 1566 4884 bos
1580 4841 1676 4900 sospes
1689 4831 1804 4888 nuntius
1814 4832 1873 4906 ipse
1884 4835 1938 4892 rei.

1288 4914 1352 4985 Die,
1367 4915 1507 4986 Clunieoe,
1523 4923 1621 4972 steturn
1631 4933 1685 4989 quo
1698 4925 1725 4976 te
1735 4919 1815 4976 Peter
1828 4921 1908 4996 lingo
1920 4924 2030 4984 loeesit.

1324 5005 1376 5062 Die
1390 5020 1533 5062 nnmemm
1549 5005 1677 5078 fratrum,
1692 5023 1774 5080 quem
1791 5009 2056 5072 deditinnumerum.

1289 5093 1339 5151 Die
1352 5093 1450 5164 telles,
1464 5091 1511 5151 die
1524 5091 1656 5152 ecelesias
1671 5111 1738 5168 ques
1752 5097 1873 5156 condidit
1885 5099 1954 5174 ipse.

1323 5181 1373 5239 Die
1388 5198 1449 5254 qum
1462 5181 1576 5240 restituit
1586 5182 1672 5241 mults
1686 5187 1861 5246 monasterie.

1288 5267 1364 5328 later
1375 5277 1472 5328 ennete
1486 5279 1590 5340 tamen,
1607 5271 1709 5344 loreas,
1725 5289 1805 5350 sepo,
1821 5277 2032 5341 tausinianum.

1324 5359 1402 5416 liutto
1415 5359 1514 5430 injure
1529 5359 1618 5418 ionum
1632 5363 1771 5422 constituit
1785 5367 1884 5440 patrio.

1286 5449 1353 5507 time
1366 5447 1460 5506 statuit
1473 5448 1576 5508 servire
1587 5450 1647 5510 lieo
1661 5462 1771 5512 mantes
1785 5455 1925 5529 mutieres,

1321 5537 1357 5594 tit
1369 5538 1434 5596 lesu
1446 5537 1525 5596 lintri
1539 5539 1698 5598 continuere
1711 5541 1808 5600 melos.

1284 5625 1326 5684 'itt
1340 5643 1447 5701 quoque
1461 5627 1602 5701 spirituum
1618 5627 1759 5700 diseretor,
1770 5631 1886 5706 Spiritus
1897 5633 1979 5709 sime,

1320 5717 1351 5772 ln
1365 5714 1550 5774 discernendis
1562 5732 1618 5774 non
1629 5717 1727 5776 deeras
1740 5720 1849 5778 animis.

1283 5801 1352 5862 iliae
1366 5803 1489 5877 estquod
1499 5806 2025 5888 senetuseuidemaepatotouleimtri,
2061 5878 2067 5888 ,

425 5921 606 5989 phimum
628 5918 749 5982 umens,
778 5903 901 5964 medicus
929 5900 1038 5974 sepiens
1065 5899 1228 5971 enimerum,
1319 5893 1406 5966 Quem
1421 5909 1475 5955 uon
1488 5895 1679 5972 presbyterum
1692 5897 1860 5966 sermone
1872 5903 1982 5980 psobst.
