4750 6725
330 530 366 583 53
876 592 880 602 ἱ
970 529 1036 587 Llll.
1053 529 1100 597 lll,
1116 528 1229 586 aelst.
1248 528 1347 587 XXlV.
1949 534 1983 589 st
2002 578 2004 585 ,

328 650 437 706 neceb
460 650 519 707 ullo
542 653 673 723 episcope
694 655 847 711 reordinari
870 654 961 712 debet.
977 656 1019 711 De
1040 654 1127 711 altero
1141 655 1170 717 Α
1184 655 1303 711 breviter
1322 655 1431 728 loquar,
1455 654 1578 727 audistis,
1603 662 1632 711 ut
1655 665 1730 729 puto,
1756 658 1873 733 qualiter
1895 616 1983 717 subito

329 755 399 794 vero
429 739 527 807 tratre,
543 743 590 811 qui
622 743 723 799 herbas
751 745 872 817 quaesivit
899 744 1019 809 mulieri,
1035 744 1133 813 quibus

328 829 417 883 virum
426 846 505 885 snum
517 820 690 894 interficeret.
703 832 830 904 quamvis
841 849 925 904 prope
933 848 1001 889 voce
1010 833 1132 889 babeatis

328 918 459 975 dehacre
474 918 501 973 iu
516 919 715 975 Nor-thmamria
726 920 865 977 sufficiens
874 923 1027 989 consilium,
1040 931 1131 977 tamen

327 1007 393 1077 qaia
409 1022 426 1063 a
441 1024 486 1063 me
501 1008 556 1064 hoc
577 1010 683 1079 petitis,
699 1018 821 1065 nostrum
843 1027 945 1082 negare
966 1028 1021 1065 non
1043 1011 1131 1085 debeo

327 1112 458 1152 sensum.
475 1096 503 1151 Si
517 1098 668 1153 monachus
682 1106 778 1154 noster
793 1107 877 1164 esset,
893 1108 920 1155 et
939 1101 980 1155 vir
996 1100 1041 1155 ille
1055 1101 1131 1167 cujus

327 1184 409 1239 morti
425 1186 553 1254 quaesivit
576 1186 687 1254 herbas,
704 1187 758 1258 ipis
781 1186 940 1243 interfectus
961 1193 1043 1249 esset,
1059 1204 1128 1242 nuu-

329 1288 412 1343 quam
427 1273 462 1327 ad
477 1273 654 1331 diaconatum
678 1292 727 1346 per
752 1292 806 1337 me.
821 1277 865 1331 vel
888 1276 923 1330 ad
946 1276 1130 1332 sacerdotium

329 1362 506 1417 ascenderet..
526 1364 608 1418 blulta
624 1363 764 1420 dilectioni
780 1373 889 1432 vestra,
906 1364 928 1420 si
951 1365 1040 1420 cordis
1060 1362 1127 1419 affe-

328 1458 401 1505 ctum
422 1467 568 1522 sequerer,
587 1452 744 1508 scriberem.
768 1454 822 1507 Sed
846 1454 974 1525 quoniam
990 1459 1030 1524 (ut
1053 1456 1128 1525 prato)

328 1538 386 1593 illis
400 1539 511 1610 loquor,
526 1542 573 1611 qui
591 1557 626 1597 ex
649 1541 816 1597 couscientia
838 1558 889 1597 sua
911 1558 1000 1598 meam
1022 1558 1130 1613 eogno-

328 1636 417 1685 scunt.
433 1628 554 1683 breviter
575 1628 637 1685 dico
661 1631 790 1701 quoniam
816 1630 886 1685 sicut
908 1638 1019 1702 propter
1042 1632 1128 1685 Deum

327 1732 379 1771 nos
393 1716 510 1773 invicem
526 1718 681 1782 dileximus,
698 1718 736 1773 ita
768 1720 896 1775 desidero
919 1727 946 1775 et
968 1735 1016 1775 oro
1030 1720 1128 1785 Deum,

327 1811 355 1862 et
368 1821 420 1861 vos
435 1821 503 1877 rogo
531 1806 603 1860 utin
621 1807 714 1862 eadem
738 1807 885 1863 dilectione
907 1816 1019 1879 propter
1042 1808 1129 1863 Deum

327 1909 551 1965 perseveremus.
568 1892 717 1963 Quatenus,
730 1896 803 1951 sicut
815 1912 897 1951 causa
923 1906 1033 1966 propter
1048 1914 1128 1969 quam

1185 750 1282 815 raptus
1297 745 1346 799 sim
1364 746 1397 799 ad
1419 745 1691 817 archiepiscopatum.
1709 750 1860 821 Antequam
1875 750 1982 823 praebe-

1183 849 1240 889 rem
1256 850 1407 898 assensum,
1421 834 1507 903 palam
1523 836 1577 889 dixi
1599 852 1642 891 me
1657 837 1751 893 lavere
1776 840 1886 895 domino
1907 854 1984 909 papea

1186 920 1308 985 Urbano,
1324 930 1351 976 et
1365 921 1494 977 Guiberto
1508 922 1666 979 adversari:
1685 933 1712 979 et
1727 925 1788 993 leci,
1804 936 1831 982 et
1855 926 1912 979 dixi
1934 941 1984 995 per

1184 1025 1232 1064 sex
1248 1026 1367 1075 menses,
1382 1010 1455 1081 quod
1472 1010 1544 1080 potui
1560 1010 1618 1065 sine
1634 1021 1757 1081 peccato,
1774 1023 1804 1068 ut
1817 1012 2000 1069 dimitterer.-

1184 1098 1307 1153 Tandem
1331 1098 1426 1153 timore
1449 1100 1510 1163 Dei,
1527 1100 1562 1153 ob
1591 1100 1691 1154 multas
1716 1102 1846 1163 rationes.
1871 1110 1983 1158 coactus

1184 1186 1295 1241 subdidi
1311 1202 1355 1241 me
1374 1186 1469 1241 dolens
1495 1196 1630 1257 praecepto
1652 1188 1852 1260 archiepiscopi
1876 1190 1940 1257 mei,
1957 1198 1983 1246 et

1185 1275 1312 1331 electioni
1326 1275 1407 1329 totius
1432 1275 1549 1345 dagila,
1566 1284 1593 1329 et
1617 1284 1740 1331 sacratus
1764 1294 1848 1332 sum:
1870 1278 1983 1333 forsitan

1185 1364 1240 1419 illie
1257 1364 1386 1433 trepidavi
1403 1364 1509 1428 timore,
1521 1362 1568 1417 ubi
1579 1379 1632 1418 non
1644 1373 1702 1419 erat
1713 1365 1793 1421 timor
1804 1384 1811 1428 ;
1823 1366 1871 1421 sed
1891 1368 1984 1421 nesci-

1185 1454 1220 1521 vi,
1238 1454 1313 1507 Deus
1328 1452 1389 1511 soit.
1405 1458 1432 1507 et
1446 1452 1535 1507 adhuc
1549 1452 1655 1510 nescio.
1668 1452 1751 1509 Paulo
1761 1461 1822 1525 post
1834 1470 1878 1509 rex
1890 1462 1981 1509 noster

1181 1542 1271 1595 iturus
1294 1542 1322 1595 in
1346 1540 1584 1605 Northmanniam,
1605 1540 1690 1596 multa
1714 1541 1830 1611 pecunia
1850 1542 1977 1615 indiguit.

1183 1632 1338 1701 Antequam
1354 1646 1370 1685 a
1385 1646 1428 1684 me
1443 1629 1589 1701 quidquam
1614 1638 1727 1701 peteret,
1745 1630 1859 1687 consilio
1879 1632 1983 1687 amico-

1182 1736 1244 1774 rum
1260 1718 1368 1789 promisi
1384 1719 1421 1773 illi
1437 1717 1579 1790 pecuniam
1592 1734 1646 1773 nou
1661 1736 1772 1789 parvam
1791 1720 1980 1789 :novitDeus,

1185 1822 1239 1876 qua
1267 1806 1425 1861 intentione.
1455 1806 1564 1877 Sprevit
1591 1806 1667 1876 quasi
1695 1806 1841 1875 modicam,
1866 1814 1895 1861 ut
1923 1807 1985 1879 plus

1183 1894 1296 1961 darem;
1313 1894 1362 1948 sed
1377 1893 1464 1949 uolui.
1484 1893 1578 1949 Gratia
1594 1895 1663 1961 Deo,
1678 1911 1740 1965 quae
1754 1896 1899 1951 miserente
1913 1895 1983 1950 sim-

327 1982 448 2037 cbaritas
459 1982 646 2053 ipsaiucoepta
659 1992 709 2048 est,
721 2000 861 2055 uunquam
877 1984 997 2050 deliciet,
1014 1986 1048 2039 ita
1063 1987 1170 2055 ebo-13
1187 1982 1334 2053 plicitatenr
1359 1982 1448 2037 cordis
1467 1982 1520 2037 mei
1545 1983 1597 2037 hoc
1620 1981 1719 2037 iactum
1745 1990 1795 2051 est,
1811 2000 1853 2049 ne,
1872 1984 1893 2038 si
1918 1982 1984 2039 nihil

327 2071 396 2125 ritas
409 2071 540 2126 inviolata
554 2080 721 2141 permaneat.
738 2073 777 2127 De
790 2083 860 2128 statu
882 2074 944 2129 vitae
958 2078 1057 2130 nostrae
1073 2074 1129 2129 scio

328 2159 392 2230 quia
416 2159 578 2215 desideratis
595 2168 623 2213 ut
645 2160 725 2215 amici
748 2177 925 2232 cognoscere.
940 2163 1040 2218 Nescio
1064 2164 1129 2235 quid

325 2246 354 2301 iu
371 2248 462 2302 futuro
477 2249 551 2303 Deus
565 2248 598 2303 de
612 2264 655 2302 me
679 2248 712 2304 sit
736 2248 880 2316 facturus;
897 2250 943 2305 sed
965 2252 1053 2307 adhuc
1076 2268 1129 2306 nou

325 2336 415 2400 sensi,
433 2351 467 2391 ex
484 2352 537 2408 quo
547 2336 654 2406 suscepi
672 2352 770 2391 nomen
782 2338 991 2411 archiepiscopi,
1002 2340 1131 2395 undecor

326 2439 423 2479 meum
439 2424 539 2479 audeat
553 2424 697 2497 gratrrlari.
714 2424 888 2498 Quapropter
908 2442 958 2483 oro
973 2428 1088 2498 supplex
1103 2433 1132 2482 et

325 2511 456 2578 obsecro,
477 2520 506 2565 nt
535 2512 601 2567 milri
629 2512 657 2567 in
686 2515 847 2570 necessitate
875 2531 937 2569 mea
964 2516 1131 2589 orationibus

326 2600 434 2656 vestris
457 2600 637 2665 subveniatis,
654 2601 752 2666 donee,
769 2603 863 2673 adqui
878 2603 952 2658 Deus
966 2621 1010 2658 me
1025 2622 1041 2659 a
1055 2606 1134 2660 vobis

327 2695 356 2744 et
369 2688 432 2743 aliis
447 2688 542 2744 amicis
555 2688 657 2744 nostris
672 2690 719 2763 qui
735 2692 762 2744 in
779 2691 977 2748 Northmannia
990 2700 1061 2757 suut,
1078 2710 1133 2749 non

328 2779 388 2832 sine
404 2776 486 2849 gravi
511 2777 606 2834 dolore
626 2778 716 2835 adhuc
736 2785 938 2849 perseverante,
953 2782 1131 2852 separaverit,

332 2864 518 2937 eognoscatis.
534 2866 714 2937 Omnipotens
728 2866 860 2923 Dominus
873 2885 921 2923 sua
942 2886 991 2927 vos
1005 2870 1092 2942 gratia
1107 2877 1133 2925 et

327 2954 522 3009 benedictione
537 2971 648 3024 semper
663 2954 787 3024 laetilieet,
804 2964 830 3010 et
843 2957 869 3011 iu
880 2958 1022 3013 animabus
1032 2953 1132 3014 vestris

327 3042 444 3098 virtutes
458 3043 632 3115 multiplicet.

564 3145 734 3203 aristosa
746 3148 839 3202 XXIV
856 3146 896 3202 ¹⁸⁸.

322 3256 445 3297 avsaaan
459 3255 497 3297 an
511 3256 646 3297 ausones
661 3257 867 3299 tuaouasrvssu
882 3259 1129 3301 aserrrsrrseormr.

1183 2080 1229 2127 aut
1250 2086 1343 2142 parum
1367 2069 1562 2141 promisissem,
1587 2070 1689 2140 justum
1715 2072 1851 2127 rideretur
1873 2072 1979 2127 babere

1185 2176 1296 2215 carasam
1319 2158 1474 2224 irascendi,
1491 2168 1538 2214 aut
1562 2160 1588 2214 si
1612 2161 1765 2231 accepisset
1779 2159 1819 2225 ¹⁸⁸,
1836 2167 1986 2216 verteretur

1184 2247 1248 2301 milri
1260 2247 1284 2299 in
1292 2262 1453 2317 gravamen,
1465 2245 1522 2301 etin
1533 2246 1719 2317 suspicionem
1733 2246 1859 2304 nefandae
1870 2248 1985 2318 emptio·

1185 2337 1243 2393 uis.
1261 2336 1304 2390 le
1320 2335 1364 2389 illa
1380 2336 1447 2389 hora
1462 2334 1539 2389 visus
1554 2342 1593 2389 est
1609 2352 1732 2405 quoerere
1752 2336 1910 2392 occasiones
1933 2336 1985 2391 ad-

1184 2440 1293 2481 versum
1315 2422 1413 2479 mem.
1431 2424 1545 2478 Locutus
1575 2440 1632 2478 sum
1662 2424 1697 2477 da
1725 2424 1826 2495 pallio;
1843 2424 1929 2479 uoluit
1956 2431 1986 2480 ut

1184 2512 1250 2567 illud
1266 2521 1388 2585 peterem
1417 2512 1537 2585 quandiu
1551 2511 1610 2583 ipse
1627 2511 1727 2567 nullum
1755 2512 1890 2583 reciperet
1914 2530 1985 2585 apo·

1185 2602 1328 2671 stolicum;
1345 2607 1391 2655 aut
1405 2605 1435 2654 ut
1450 2601 1546 2655 saltem
1566 2600 1646 2669 liujus
1669 2600 1809 2657 dilationis
1830 2602 1985 2659 excusatio-

1186 2706 1249 2745 nem
1276 2688 1388 2744 domino
1418 2704 1496 2759 papae
1525 2688 1692 2744 intimarem.
1710 2688 1832 2745 Sustinui
1857 2707 1941 2762 usque
1957 2690 1987 2721 ¹⁷⁰

1185 2794 1268 2846 nunc,
1284 2777 1398 2833 consilio
1424 2777 1625 2848 episcoporum,
1640 2786 1752 2847 propter
1775 2777 1915 2834 vitandam
1940 2778 1986 2833 in-

1185 2867 1350 2923 fructuosam
1366 2866 1575 2933 dissensionem,
1600 2866 1625 2919 si
1639 2864 1709 2921 sorte
1725 2867 1797 2921 Deus
1808 2867 1909 2939 aliquid
1919 2868 1987 2923 inte·

1185 2956 1235 3011 rim
1265 2964 1432 3029 operaretur,
1458 2955 1531 3011 unde
1566 2954 1605 3009 illi
1632 2954 1735 3009 domini
1764 2972 1841 3026 papae
1864 2957 1985 3027 receptio

1185 3044 1404 3117 persuaderetur.
1431 3044 1514 3100 l‘etivi
1551 3051 1581 3097 ut
1607 3042 1753 3099 concilium
1777 3053 1984 3111 convocaretur,

1185 3134 1259 3206 quod
1272 3133 1430 3205 permultos
1444 3148 1533 3187 annos
1546 3132 1572 3185 in
1588 3130 1687 3205 Anglia
1698 3130 1799 3187 lactum
1815 3148 1869 3187 uon
1884 3132 1985 3201 iuerat,

1186 3231 1318 3295 quatenus
1340 3221 1545 3293 corrigerentur
1568 3220 1694 3293 quaedam
1719 3221 1746 3275 in
1768 3221 1864 3277 eodem
1888 3238 1985 3294 reguo,

321 3337 398 3406 om
409 3338 441 3393 in
449 3338 552 3396 mmm
566 3339 691 3395 adveni,
701 3342 760 3396 ‚ut-3
770 3342 848 3410 sacto
858 3341 897 3396 m
909 3356 988 3412 om
1003 3344 1128 3400 comm
1142 3343 1167 3407 C
1187 3328 1247 3384 quae
1263 3310 1416 3410 pullatcnus
1431 3308 1569 3366 toleranda
1585 3308 1756 3410 videbantur.
1773 3311 1868 3381 lpsum
1879 3326 1987 3384 quoque

358 3409 580 3479 andnnensem
591 3411 744 3480 primatem
767 3413 804 3466 lle
820 3411 973 3468 schismate
986 3416 1064 3469 inter
1076 3417 1127 3472 ilr-
1183 3416 1276 3455 ¹¹¹⁰¹¹⁰¹
1291 3407 1320 3454 ¹¹¹
1334 3400 1468 3469 quoedaffl·
1486 3415 1546 3472 quae
1561 3399 1628 3452 m¹h¹
1644 3399 1721 3454 ⁸¹¹¹&
1741 3415 1824 3470 ‘luam
1846 3407 1985 3470 ⁰ll⁰iteret

357 3481 476 3545 donam,
488 3482 536 3536 coi
545 3479 670 3551 foetebat.
683 3485 711 3535 et
721 3481 900 3537 daibertum.
913 3484 1058 3539 Permittit
1068 3486 1128 3556 reqi
1184 3488 1274 3544 lacere
1297 3489 1450 3557 videbatur,
1471 3487 1642 3560 corrigeret:
1660 3503 1694 3542 ex
1717 3488 1760 3542 his
1783 3491 1876 3559 aperte
1899 3488 1984 3543 iratus

356 3553 483 3606 maltam
504 3554 667 3622 pecaniam.
691 3568 775 3622 quom
802 3553 855 3608 ilco
886 3556 1041 3610 miserante
1071 3571 1128 3611 aaa

358 3623 447 3677 solvit
463 3621 564 3678 :ande
578 3636 633 3678 rec
645 3624 791 3679 irascitur.

357 3719 493 3783 Domino,
509 3727 538 3774 et
554 3718 644 3774 amieo
659 3719 831 3788 charissimo,
846 3721 998 3777 reverendo
1012 3722 1127 3795 Lugdu-

320 3808 400 3862 neosi
416 3807 626 3879 archiepiscopo
650 3808 771 3872 ducum,
787 3808 874 3864 irater
895 3814 1051 3877 dusatuus,
1067 3812 1126 3866 siae

317 3895 434 3965 jubente
448 3896 516 3954 Deo.
533 3897 593 3953 sira
607 3896 791 3966 permittente,
807 3906 918 3953 vocatus
938 3900 1125 3970 archiepisco·

320 4001 374 4056 pus
388 3985 546 4041 cantuariae
561 4002 568 4038 :
583 3984 630 4039 din
652 3985 678 4038 in
704 3986 754 4040 bac
775 3985 829 4040 vita
854 3983 955 4055 lucere,
971 3994 999 4041 et
1017 4003 1127 4059 semper

320 4074 349 4128 in
363 4074 460 4128 lutura
473 4075 609 4147 gaudere.

353 4163 383 4217 Si
398 4163 489 4217 omnia
509 4161 632 4218 iacienda
647 4171 712 4218 suut
724 4179 786 4218 curn
800 4163 923 4229 consilio,
940 4163 987 4219 illa
1001 4165 1124 4221 maxime

316 4249 444 4307 iacienda
459 4255 524 4307 sunt
539 4267 600 4306 cum
615 4252 743 4324 diligenti
768 4252 891 4322 consilio,
907 4253 935 4306 in
958 4253 1056 4323 quibus
1075 4254 1123 4309 ni-

313 4338 366 4408 hil,
382 4339 434 4394 nisi
459 4340 535 4412 quod
564 4340 677 4395 obediat
706 4341 840 4395 voluntati
869 4341 928 4409 Dei,
945 4343 1121 4411 quaereudum

312 4437 365 4484 cst.
381 4429 484 4484 Precor
511 4427 596 4500 igitur
625 4427 796 4483 sanctitatem
823 4432 950 4497 vestram,
965 4427 1036 4485 ut¹⁸'
1049 4449 1115 4503 pro·

311 4523 375 4588 pter
386 4517 487 4584 Deum,
499 4525 527 4571 et
541 4521 657 4588 propter
671 4517 842 4582 charitatem,
858 4533 939 4587 quarn
954 4521 1014 4576 scio
1029 4521 1056 4576 iu
1071 4522 1119 4579 illo

312 4621 378 4678 erpa
394 4620 456 4673 ma,
472 4613 548 4677 petat
562 4619 579 4660 a
593 4606 651 4661 Deo
670 4604 813 4661 consilium
833 4605 906 4678 quod
928 4608 994 4663 mibi
1013 4608 1069 4666 det.
1083 4613 1117 4668 Ut

1183 3595 1227 3632 rne
1242 3593 1363 3633 amorem
1380 3593 1458 3632 suum
1474 3575 1626 3648 perdidisse
1640 3574 1832 3630 manifestavit.
1843 3575 1981 3647 Respondi

1184 3683 1230 3722 rne
1244 3665 1326 3722 malle
1341 3673 1369 3719 ut
1385 3665 1443 3734 ipse
1455 3664 1523 3718 mihi
1533 3663 1706 3730 irasceretur,
1716 3679 1794 3731 quam
1804 3672 1833 3718 ut
1848 3665 1920 3718 Deus
1931 3663 1983 3730 illi,

1181 3761 1208 3809 ct
1223 3753 1263 3810 sic
1277 3768 1295 3807 a
1310 3752 1456 3823 praesentia
1472 3751 1534 3820 ejus
1549 3749 1673 3805 discessi.
1694 3751 1805 3805 Postera
1819 3751 1862 3806 die
1871 3750 1979 3806 rediens

1181 3843 1215 3898 ad
1227 3857 1300 3910 earm,
1317 3840 1372 3895 dixi
1388 3855 1430 3894 me
1446 3839 1563 3894 libenter
1575 3839 1707 3893 iacturum
1724 3838 1763 3892 illi
1772 3838 1973 3908 rectitudinem,

1178 3939 1269 4011 siqua
1297 3938 1375 4008 eulpa
1404 3937 1431 3991 in
1459 3951 1503 3990 me
1529 3936 1659 3990 adversus
1686 3933 1761 3989 illum
1790 3935 1973 4004 inveniretur,

1179 4052 1261 4110 quarn
1276 4043 1366 4089 tamen
1378 4048 1431 4105 ego
1446 4032 1625 4099 nesciebam;
1643 4040 1670 4087 et
1684 4029 1778 4104 rogavi
1801 4035 1831 4086 ut
1855 4049 1977 4090 amorem

1177 4150 1256 4190 suum
1272 4132 1337 4188 mihi
1351 4129 1489 4187 redderet.
1508 4127 1658 4198 Respondit
1673 4144 1702 4184 se
1714 4143 1765 4184 uec
1784 4127 1976 4185 rectitudinem

1176 4239 1241 4288 tuuc
1255 4237 1436 4300 receptumm,
1447 4242 1497 4282 nee
1507 4241 1626 4282 amorem
1642 4224 1880 4294 redditurum,nisi
1896 4225 1974 4282 dice-

1174 4345 1233 4384 rem
1250 4331 1330 4395 375
1348 4343 1396 4382 cur
1410 4323 1486 4380 illum
1498 4323 1564 4378 mihi
1578 4322 1692 4378 reddere
1705 4321 1828 4378 deberet.
1840 4322 1921 4380 Visus
1931 4326 1976 4380 est

1175 4417 1241 4474 mihi
1255 4414 1328 4472 velle
1342 4414 1484 4486 pecuniam
1503 4427 1584 4484 quam
1608 4411 1673 4468 dare
1694 4411 1777 4480 uolui,
1793 4426 1827 4468 ne
1848 4412 1970 4484 culpam,

1173 4530 1235 4587 qnae
1250 4527 1304 4570 uon
1316 4518 1386 4579 erat,
1402 4511 1512 4566 viderer
1526 4508 1604 4564 letari
1618 4503 1659 4564 Ψ.
1675 4509 1763 4562 Iratus
1783 4507 1918 4564 intantum
1943 4515 1973 4564 ut

1173 4611 1278 4668 diceret
1290 4627 1350 4682 quaa
1365 4625 1419 4665 uon
1437 4607 1586 4678 debuisset,
1602 4615 1629 4663 ot
1652 4605 1785 4678 quasdam
1807 4612 1893 4660 terres
1916 4621 1971 4662 nou

971 4760 1089 4817 lellAE
1108 4761 1313 4820 Lectiones.

349 4853 456 4910 Μίνω
470 4854 606 4924 praedicto
620 4871 664 4911 rna
688 4855 805 4913 colluto.
834 4853 1043 4916 ¹⁸⁷Sauctitatem
1067 4867 1097 4915 ut
1123 4877 1180 4917 ma.
1198 4860 1369 4915 sanctitatem
1398 4863 1519 4914 vestram
1547 4862 1587 4910 ut.
1617 4852 1902 4936 ¹“necepiasem'ma
1918 4867 1968 4910 ao-

312 4925 444 4990 cepisset.
474 4923 691 4980 ¹⁶’0ecasiouem
707 4937 802 4982 eontra
819 4946 862 4986 me
871 4948 925 4986 ms.
936 4931 1095 4987 occasiones
1114 4932 1261 4988 adversum
1276 4947 1330 4987 me.
1360 4927 1524 4984 ¹⁷⁰Sustiuuit
1545 4942 1634 4999 usque
1657 4935 1841 4982 masmanna
1864 4941 1965 4996 usque.

311 4993 460 5052 ¹¹¹l'ideret
475 4995 555 5051 lateri
570 5013 622 5052 ms.
638 4997 744 5054 viderer
757 4999 845 5056 lateri.

916 5123 1068 5183 Jonrtrtts
1089 5127 1228 5184 eiciunt
1247 5124 1362 5183 NOTAE.

312 5214 386 5277 vavi.
403 5215 477 5287 quod
492 5215 623 5272 lectorem
637 5234 775 5288 moneam,
790 5220 893 5277 seilicet
906 5221 941 5276 de
955 5236 1026 5276 anuo
1037 5237 1113 5277 mor·
1126 5227 1153 5287 Ι)
1168 5223 1219 5278 bns
1233 5239 1249 5277 a
1263 5219 1381 5293 Rogerio
1397 5217 1583 5291 llouqomerio
1597 5216 1707 5274 Roberti
1717 5216 1900 5275 Belesiueusis
1910 5217 1967 5276 lcu-

311 5287 350 5341 tis
362 5287 499 5355 ajarsdam,
515 5303 596 5358 quem
611 5305 674 5346 esse
689 5291 759 5347 tter
776 5291 870 5346 dicant
885 5307 939 5346 una
961 5308 1030 5348 voce
1043 5292 1113 5347 ltal-
1165 5294 1212 5364 jus
1226 5309 1310 5364 supra
1325 5291 1458 5346 memoria
1475 5291 1547 5346 lacta
1561 5293 1613 5358 ost)
1639 5296 1727 5370 patre,
1745 5293 1865 5368 tempore
1890 5287 1965 5341 Wil-

311 5360 404 5412 masb.
424 5357 531 5414 iloned.
552 5367 578 5413 et
602 5359 695 5416 blatan.
719 5362 803 5418 Paria.
821 5363 855 5416 Et
881 5362 986 5416 librarii
1007 5361 1114 5419 incuria
1169 5365 1242 5419 lelmi
1258 5363 1341 5420 Notlri
1365 5363 1443 5418 ducis
1467 5359 1692 5423 Northmannne3
1709 5357 1743 5410 ad
1766 5374 1842 5439 cujus
1867 5373 1964 5413 exem-

312 5429 443 5498 suspicor
463 5444 525 5483 esse
549 5429 670 5485 additum
693 5433 812 5500 tertium,
830 5441 859 5488 ut
882 5431 1114 5504 quemadmodum
1169 5436 1243 5506 plum
1258 5434 1293 5488 tis
1308 5435 1413 5488 enimi)
1436 5433 1563 5503 Stephani
1575 5431 1685 5486 nomine
1697 5428 1964 5510 Cadomrexstruep·

313 5499 417 5571 legerat
441 5514 491 5554 xtra
519 5500 634 5557 Kalend.
659 5501 695 5556 ita
724 5504 855 5559 festinans
883 5505 1023 5575 scripserit
1050 5521 1113 5560 ann.
1169 5509 1233 5560 dum
1257 5515 1395 5562 curaverat
1424 5501 1588 5572 caenobium)
1616 5501 1735 5556 universi
1760 5499 1964 5555 Nortlrmanruae

318 5575 397 5632 itas.
413 5570 559 5626 utiacitius
572 5580 600 5626 at
613 5573 692 5627 citius
706 5575 842 5630 obtineret
856 5576 978 5643 pallium.
989 5576 1038 5629 llst
1048 5576 1115 5631 lvon
1169 5575 1260 5648 reguli
1276 5591 1336 5630 sese
1352 5579 1572 5641 composuerunt,
1589 5579 1618 5627 et
1633 5585 1726 5626 sancta
1742 5570 1865 5640 quaedam
1877 5585 1965 5624 aernu-

316 5643 400 5698 cara.
422 5645 507 5710 epist.
532 5645 584 5698 252
613 5643 647 5696 ad
677 5645 802 5700 Pasebal.
863 5663 893 5716 p.
922 5648 1115 5702 Mouasterium

317 5730 386 5770 rero
399 5711 534 5786 sagiense
548 5713 591 5768 eui
615 5713 744 5772 lladullus
787 5725 912 5774 raeectus
936 5717 996 5785 suit,
1021 5718 1119 5787 opinor

320 5782 388 5839 illud
409 5784 572 5864 essequod
595 5784 732 5854 Gernmet,
747 5733 795 5842 lib.
811 5803 858 5852 var,
874 5803 932 5858 cap.
945 5791 990 5855 tt,
1006 5795 1120 5844 testatur

320 5857 443 5928 positum
458 5855 545 5910 luisse
561 5855 593 5910 l).
608 5856 726 5913 Martiae
740 5857 769 5912 in
792 5859 953 5914 suburbanis
976 5857 1119 5934 sagiensi-

1171 5648 1271 5704 latione
1303 5645 1430 5714 plurimas
1458 5645 1617 5698 excitavere
1654 5640 1801 5706 Ecclesias,
1822 5656 1965 5712 quasper·

1171 5717 1280 5786 stringit
1293 5717 1432 5772 Gemmet.
1450 5715 1540 5770 adlruc
1560 5711 1700 5782 Sagiensis
1724 5710 1819 5766 abbas.
1833 5711 1967 5788 eadmer.-

1172 5797 1281 5860 qndqua
1295 5787 1417 5844 meminit
1431 5785 1499 5841 libr
1516 5785 1582 5840 Vitae
1594 5780 1733 5840 Anselmi.
