4750 6725
308 662 360 715 ars
1083 638 1173 693 vrrs.
1909 652 1960 709 „4

310 795 365 854 que
391 776 553 841 monachus,
578 769 688 827 nomiae
714 766 858 822 Durannus
884 763 951 834 (to),
977 763 1116 819 moventia
1127 768 1156 828 Α
1172 759 1247 817 dium
1262 762 1407 821 abscessit.
1423 764 1446 821 0
1462 766 1638 837 praedicanda
1652 770 1738 825 Patris
1753 770 1897 839 humilitas,
1914 774 1962 845 qui

312 870 399 925 risum
413 859 639 932 verbaproierre
652 862 839 923 consueverat,
855 851 982 908 indocilis
1009 852 1112 924 preju-
1171 850 1245 921 quod
1259 851 1319 921 ejus
1333 861 1424 922 posset
1436 854 1535 910 ascribi
1543 856 1657 926 meritis,
1686 858 1781 915 maluit
1808 869 1966 919 sanctorum

317 954 445 1013 dicialem
459 951 595 1021 deponere
608 944 757 1001 levitatem.
773 941 849 997 ldem
863 946 955 996 tamen
974 940 1003 994 in
1030 947 1116 997 caete-
1171 937 1332 1010 pignoribus
1346 941 1477 1015 assignari
1494 945 1757 1017 transsequanus,
1773 946 1858 1005 lelicis
1868 966 1968 1009 moue-

315 1046 365 1111 ris,
381 1042 515 1097 adversus
528 1050 590 1108 quae
604 1050 659 1089 non
673 1039 718 1088 est
730 1031 786 1099 lex,
801 1029 840 1085 ita
852 1028 904 1084 sibi
928 1027 1117 1107 consuluerat,
1171 1028 1238 1081 chus
1252 1027 1407 1097 testimonii,
1432 1038 1494 1100 post
1521 1031 1659 1088 diuturnus
1685 1034 1802 1091 febrium
1831 1039 1968 1096 convaluit

319 1140 348 1189 ut
362 1130 440 1203 prins
454 1127 482 1182 in
496 1125 637 1190 abbatem,
652 1119 751 1175 debinc
764 1116 792 1172 iu
805 1117 973 1188 episcopum,
987 1115 1044 1172 vita
1057 1129 1119 1185 pro
1171 1114 1295 1185 injurias,
1309 1119 1406 1174 hausto
1419 1117 1493 1184 vino,
1508 1136 1561 1189 quo
1585 1122 1653 1178 sacri
1670 1123 1730 1193 ejus
1757 1124 1835 1197 digiti
1864 1126 1967 1199 perfusi

313 1219 377 1277 uehi
391 1221 542 1273 mereretur
555 1218 583 1265 at
598 1208 735 1266 doctriua.
751 1205 878 1274 Quicum
889 1204 1018 1260 abbatem
1027 1202 1118 1258 mium
1171 1201 1290 1274 lucrant,
1305 1212 1366 1275 post
1380 1206 1499 1262 oblatum
1514 1209 1572 1265 Deo
1586 1220 1797 1268 sacramentum.

317 1307 421 1363 audiret
435 1305 644 1371 increpantem:
677 1323 687 1345 ι
720 1295 824 1361 Frater,
852 1292 941 1363 iuquit
968 1293 995 1349 ei
1021 1291 1116 1357 abbas,
1209 1298 1254 1351 ᾗ.
1268 1296 1365 1349 Beatus
1379 1311 1486 1366 quoque
1500 1297 1631 1364 medicus,
1648 1300 1692 1370 qui
1708 1316 1771 1357 cum
1798 1302 1882 1360 salute
1910 1319 1971 1362 eorr-

314 1396 365 1451 nisi
378 1394 491 1466 dignam
506 1388 596 1461 egeris
609 1382 1038 1456 pmuitentiam,posttrausitum
1053 1395 1118 1451 spu·
1172 1398 1279 1453 porum,
1294 1382 1329 1438 de
1342 1383 1428 1439 salute
1438 1385 1579 1457 satagebat
1607 1388 1781 1445 animamm!
1812 1392 1900 1462 beata,
1930 1393 1971 1448 io·

316 1483 454 1540 mantibus
482 1477 561 1534 labiis
587 1474 622 1530 ad
650 1487 765 1543 superos
783 1469 893 1526 rediens
921 1467 1075 1539 apparebis.
1105 1490 1117 1516 ι
1174 1472 1376 1541 quamanima,
1388 1472 1463 1541 cuius
1475 1474 1611 1531 etmeritis
1621 1477 1812 1548 acquirebatur
1821 1481 1973 1551 temporale

317 1575 429 1628 Factum
443 1575 484 1625 est
499 1574 591 1621 autem
604 1570 634 1619 ut
648 1560 746 1617 nesab
760 1557 856 1615 otiosis
869 1556 962 1615 verbis
976 1555 1023 1613 ille
1044 1555 1119 1611 desi·
1174 1558 1337 1628 remedium,
1366 1568 1393 1615 et
1424 1561 1609 1619 exhortatione
1636 1566 1840 1637 sempiternum.
1878 1569 1974 1625 Eidem

318 1667 413 1727 steret,
427 1672 479 1713 nee
493 1653 600 1711 abbatis
613 1648 744 1707 vaticinio
758 1647 907 1718 promissus
921 1646 1028 1701 deesset
1051 1642 1121 1699 effe·
1174 1662 1292 1719 namque
1319 1648 1469 1717 crispeium
1497 1648 1557 1721 (ta)
1596 1652 1785 1723 proficiscenti,
1818 1656 1976 1713 febricitans

319 1757 388 1805 ctus.
403 1744 676 1809 Praeiatusnamque
690 1738 849 1804 Durannus,
868 1742 973 1789 naturae
999 1731 1122 1787 debitum
1176 1736 1255 1791 miles
1269 1735 1325 1807 (ts)
1340 1737 1466 1804 occurrit,
1495 1738 1664 1796 sanctissimo
1692 1743 1751 1811 ejus
1778 1742 1900 1814 adjuvari
1928 1745 1975 1801 de

321 1837 442 1902 solvens,
458 1833 486 1887 in
500 1828 635 1903 promisso
658 1824 710 1880 sibi
735 1821 830 1880 habitu
857 1820 966 1903 cuidam
995 1819 1120 1892 Signino,
1175 1839 1291 1894 precans
1318 1824 1483 1882 interventu.
1511 1827 1616 1883 Dehine
1643 1830 1785 1887 onerosius
1826 1832 1936 1888 instanti
1969 1851 1977 1887 ι

323 1921 458 1980 sacerdoli
472 1919 587 1987 scillaei,
610 1914 738 1986 religiow
766 1910 903 1983 1911111111,
931 1907 1124 1965 mssettbilllet·
1179 1912 1336 1981 «Abstine,
1350 1913 1437 1983 inquit
1451 1914 1545 1983 abbas,
1562 1915 1676 1986 abstine,
1693 1918 1786 1985 irater,
1813 1936 1830 1975 a
1860 1920 1977 1991 rapinis,

321 2013 451 2083 juvamen
466 2007 528 2078 ejus
547 2003 698 2078 postulans,
726 2000 770 2057 cui
797 1998 892 2055 vivens
918 1996 1029 2053 obedire
1054 2010 1124 2051 eou-
1177 2002 1306 2056 amissam
1320 2002 1360 2057 sic
1375 2001 1524 2073 adepturus
1538 2005 1725 2062 sanitatem·
1754 2008 1872 2078 Rupibus
1899 2009 1980 2066 miles

326 2104 480 2171 tempserat.
497 2094 577 2164 Quod
591 2089 728 2160 sumpius
743 2090 823 2143 Pater
849 2085 962 2159 Signino
987 2084 1124 2141 referente
1139 2117 1167 2177 Β
1181 2088 1299 2161 abdicat,
1315 2089 1466 2160 eodemque
1476 2100 1614 2149 momento
1634 2094 1671 2149 ad
1685 2110 1782 2165 preces
1809 2096 1927 2165 abbatis,
1955 2105 1984 2155 et

325 2189 471 2255 didicisset,
486 2182 582 2241 electis
606 2186 711 2249 septem
738 2174 876 2241 iratribus,
905 2174 1044 2229 silentium
1072 2186 1127 2228 unt
1181 2186 1275 2235 votum
1290 2178 1390 2233 lactum
1404 2186 1455 2247 est,
1472 2186 1499 2235 et
1513 2181 1674 2237 exstinctum
1699 2182 1784 2239 labris
1810 2185 1981 2242 incendium.

324 2276 423 2333 indixit
436 2273 598 2346 septimana,
613 2274 749 2342 quatenus
764 2262 820 2320 oris
833 2277 961 2319 excessus
985 2260 1040 2317 oris
1066 2260 1129 2317 obt*
1181 2267 1270 2322 Nemo
1285 2274 1375 2323 sutem
1389 2266 1501 2323 miretur
1513 2268 1620 2324 abbatis
1635 2270 1732 2328 merito
1746 2272 1873 2328 collatam
1889 2288 1985 2345 corpe

326 2363 429 2421 dientia
442 2367 616 2435 purgaretur.
633 2352 830 2413 obedientibus
849 2350 920 2419 aliis,
944 2365 1015 2405 unus
1034 2363 1129 2405 eorum
1182 2352 1259 2409 ribus
1272 2354 1398 2421 salutem,
1414 2354 1457 2411 oui
1471 2355 1551 2411 etiam
1567 2356 1594 2413 id
1608 2359 1705 2429 gratim
1718 2360 1842 2429 amesait,
1858 2368 1886 2415 ut
1896 2367 1985 2419 exulta

328 2452 460 2525 precepti
474 2450 590 2508 violator
603 2443 740 2501 silentium
754 2439 910 2511 interrupit.
926 2438 1030 2493 Rursus
1038 2436 1133 2508 ponti·
1183 2442 1218 2499 de
1232 2442 1369 2515 ergastulo
1383 2444 1473 2500 cornis
1488 2445 1595 2517 anirnae,
1620 2446 1705 2517 ipsius
1733 2446 1885 2504 interventu
1906 2450 1985 2520 judi.

331 2544 388 2610 lex,
404 2539 532 2598 eumdem
548 2550 628 2607 quem
642 2533 721 2605 prius
748 2528 871 2587 habitum
899 2542 1008 2600 gerens,
1037 2539 1131 2581 sacer·
1184 2531 1396 2602 complacatum
1416 2532 1579 2589 invenirent.
1605 2534 1729 2591 Fratrum
1755 2536 1865 2609 quidam
1896 2535 1986 2593 soluto

326 2630 393 2688 doti
420 2626 582 2699 prescripto
608 2620 744 2693 apparuit,
785 2614 999 2673 inobedientiam
1039 2612 1132 2668 fratris
1185 2626 1287 2675 nature
1301 2619 1452 2676 debitonec
1469 2622 1558 2677 adhuc
1578 2630 1667 2678 umen
1696 2624 1834 2693 humatus,
1860 2624 1987 2696 personis

329 2734 474 2784 accusans,
490 2713 616 2786 quidum
631 2707 712 2782 fregit
726 2704 895 2774 mandatum,
924 2701 1052 2773 suffragia
1078 2716 1130 2757 ex·
1184 2706 1300 2777 duabus,
1315 2708 1440 2778 quesibi
1464 2724 1564 2766 nomen
1590 2710 1724 2783 religione
1748 2718 1988 2784 comparaverant,

326 2806 403 2863 clusit
423 2804 551 2861 aliorum.
579 2797 640 2868 Quo
667 2795 770 2864 audito,
799 2791 1027 2849 elementissimus
1054 2790 1132 2845 Pater
1184 2794 1310 2867 apperuit
1324 2796 1418 2852 dicens
1432 2796 1623 2868 duossolidos,
1649 2807 1748 2871 praeter
1776 2799 1913 2856 licentiam
1941 2816 1988 2857 sa-

328 2898 426 2952 iterato
440 2898 549 2963 septem
563 2888 669 2943 dierum
679 2883 797 2949 silentio,
807 2879 1059 2936 delectumviolatae
1068 2892 1132 2949 sup-
1186 2884 1277 2941 erista>
1292 2885 1343 2939 enh
1357 2900 1411 2956 quo
1421 2884 1480 2957 ipse
1493 2885 1638 2957 militabat,
1651 2902 1682 2943 se
1699 2888 1851 2959 sustulisse,
1866 2904 1899 2947 ac
1922 2905 1991 2961 pro.

326 2983 411 3057 plevit
421 2977 593 3039 obedientie.
610 2973 688 3031 Unde
704 2972 805 3028 laetum
819 2976 860 3024 est
873 2976 903 3023 ut
916 2976 1039 3024 ostensus
1049 2964 1132 3021 tertio
1185 2973 1246 3045 prio
1260 2972 1422 3045 expendisse
1436 2974 1557 3031 arbitrio,
1572 2976 1631 3033 ΗΜ
1655 2990 1770 3033 excessu
1799 2976 1911 3034 divam„
1938 2976 1992 3034 ,iffi

326 3069 435 3145 presul,
450 3066 499 3124 sed
511 3067 569 3139 jam
584 3062 650 3119 nihil
664 3060 790 3117 sodidum
803 3054 1012 3130 gerens,abbati
1030 3052 1132 3127 erati&
1185 3062 1318 3135 requiam,
1334 3078 1396 3135 quaa
1426 3070 1516 3119 tamen
1543 3072 1637 3134 posset
1664 3064 1769 3121 abbatis
1795 3064 1993 3123 intercessione

329 3151 673 3229 1181111,11]1111111111θ11111
692 3144 844 3201 abstersum
865 3140 920 3197 0111
942 3137 1131 3211 0111110111111111,
1187 3150 1348 3222 praemgari.
1364 3151 1445 3207 Mane
1459 3158 1549 3207 autem
1564 3151 1647 3221 lacto,
1663 3166 1729 3209 cum
1740 3152 1808 3209 altar
1821 3152 1851 3209 id
1865 3153 1992 3210 dealtaro

331 3242 494 3301 sententiam
505 3237 606 3311 judicis
620 3235 799 3289 immultltm·
814 3230 872 3285 Hoc
885 3226 1011 3296 rdatum,
1028 3235 1053 3281 0¹
1076 3226 1132 3281 ¹³⁸·
1186 3238 1338 3310 ignoraret,
1352 3240 1449 3295 eodem
1468 3247 1560 3297 tamen
1574 3240 1679 3307 ordina,
1688 3240 1739 3297 sub
1753 3240 1838 3297 sancti
1853 3241 1903 3298 viri
1917 3258 1987 3313 prae

330 3333 380 3389 tris
395 3329 525 3388 meritum
538 3322 697 3391 declaravit,
713 3328 740 3378 et
749 3318 823 3391 apud
837 3318 936 3373 tratres
950 3313 1133 3372 reverentiam
1187 3328 1286 3394 genua,
1302 3327 1445 3400 pmsapam
1457 3326 1485 3383 jn
1500 3328 1618 3402 capitulo
1628 3329 1747 3386 repulere
1761 3328 1904 3386 visionem,
1928 3330 1991 3388 θὶς.

331 3424 470 3492 susceptae
482 3411 734 3489 juvitobedieutiae.
752 3407 857 3464 Collata
870 3404 976 3462 sicviro
992 3403 1041 3460 Dei
1069 3401 1128 3473 spi·
1187 3433 1267 3472 cussa
1290 3417 1381 3487 iraque
1408 3417 1553 3489 diligente,
1575 3418 1764 3490 transgrffisio·
1806 3425 1834 3474 οι
1874 3417 1992 3474 veniali,

327 3510 435 3566 rituum
455 3503 581 3563 discretio
597 3497 699 3558 efficaci
712 3513 775 3554 eum
789 3492 947 3568 magisteria
959 3491 1051 3549 docuit
1065 3488 1131 3588 qnid
1145 3467 1171 3531 C
1187 3504 1308 3571 inventa,
1338 3503 1475 3574 ‚uffmgjjs
1501 3504 1657 3560 orationum
1685 3521 1752 3576 quas
1778 3504 1903 3562 devotius
1929 3504 1991 3562 fiai

327 3596 498 3656 ⁰0¹'t'00l10110
511 3591 667 3664 lll⁰fl⁰el0h
684 3586 750 3659 11111(1
763 3583 932 3641 101111111111
947 3588 1018 3637 111111
1045 3593 1130 3634 1111111·
1186 3591 1413 3648 clementissimus
1428 3592 1507 3647 Pater
1520 3591 1627 3659 indixit,
1643 3599 1670 3649 et
1686 3591 1858 3664 propensiori
1873 3593 1992 3650 eleemo-

326 3685 458 3754 ricordia,
474 3682 539 3756 quid
551 3693 664 3737 censura
678 3673 858 3748 puniendum·
1186 3695 1316 3752 synarum
1330 3678 1485 3751 largitione,
1502 3679 1573 3736 solvi
1587 3680 1747 3751 promeruit.

639 3772 749 3830 CAPUT
762 3771 808 3826 lll-
1221 3771 1270 3825 23.
1287 3767 1320 3822 ln
1334 3766 1442 3823 civitate
1456 3766 1621 3823 Parisiorum
1636 3767 1752 3824 vireret
1774 3765 1899 3837 illustris,
1928 3769 1990 3826 Ilo·

532 3864 705 3926 Varilmorli
717 3861 750 3918 ab
765 3875 796 3916 eo
812 3857 917 3915 curati.
1185 3856 1280 3912 bertus
1290 3855 1409 3922 nomine,
1422 3855 1595 3926 professione
1604 3853 1692 3926 miles,
1718 3855 1754 3912 ita
1781 3855 1904 3928 paralysi
1927 3866 1985 3914 tor-

365 3967 409 4019 at.
428 3961 516 4018 Nemo
531 3963 622 4012 autem
637 3960 713 4024 putet
726 3949 853 4005 abbatem
871 3940 1038 4016 propheticis
1066 3950 1129 3997 tau-
1185 3959 1265 4014 pens,
1280 3951 1311 4000 ut
1324 3943 1353 3999 iu
1368 3944 1466 4000 eodem
1482 3943 1593 4000 bomine
1614 3951 1720 4016 partem
1746 3943 1850 4014 vivere,
1881 3952 1985 4017 partem

329 4061 387 4110 tum
400 4047 530 4107 claruisse
543 4040 692 4107 vaticiniis,
707 4038 751 4096 oui
765 4051 828 4093 cum
857 4032 1022 4088 discretione
1045 4029 1129 4101 spirl-
1184 4032 1356 4103 diceresjam
1370 4031 1513 4104 sepultum.
1529 4031 1663 4090 Diuturnc
1676 4032 1735 4089 brec
1748 4040 1776 4089 et
1787 4032 1895 4090 lethalis
1917 4050 1986 4107 per·

328 4151 412 4208 tuum,
428 4135 529 4195 collata
542 4140 582 4189 ast
603 4129 685 4188 etiarn
713 4125 803 4201 gratia
829 4122 987 4178 sanitatum.
1018 4120 1130 4175 Constat
1183 4121 1269 4178 uicies
1280 4121 1384 4177 dudum
1398 4135 1475 4194 spem
1502 4120 1597 4177 salutis
1620 4119 1769 4178 abstulerat
1797 4121 1982 4181 decumbenti.

328 4229 401 4286 enim
414 4222 568 4290 nonnullos,
583 4217 670 4277 variis
684 4228 835 4286 oppressos
846 4207 1036 4282 languoribus,
1051 4223 1130 4262 sum·
1183 4209 1304 4282 Contigit
1317 4217 1408 4266 autem
1422 4209 1519 4265 eodem
1533 4217 1656 4280 tempore
1669 4225 1778 4268 servum
1792 4210 1842 4266 Dei
1869 4211 1987 4268 Parisios

327 4317 382 4390 ptis
395 4313 500 4386 exejus
521 4325 615 4367 mensa
641 4303 809 4362 convaluisse
838 4297 969 4368 reliquiis.
1001 4296 1127 4352 hesrdus
1183 4297 1301 4373 ingredi,
1315 4305 1395 4368 atque
1410 4297 1445 4352 ad
1459 4297 1607 4353 ecclesiam
1623 4296 1854 4367 assumamque
1877 4297 1983 4354 beatis-

329 4403 450 4477 quidam,
460 4398 489 4456 vl
503 4397 619 4456 febrium
634 4393 771 4457 laborans,
786 4388 934 4446 restitutam
949 4384 1001 4440 sibi
1024 4383 1127 4438 sanita-
1182 4385 1262 4442 simae
1274 4386 1423 4442 Genovelae
1436 4383 1553 4456 virginis
1565 4387 1593 4440 et
1616 4383 1729 4440 nomine
1752 4385 1867 4442 celebris
1894 4394 1935 4442 est
1958 4391 1986 4442 et

329 4503 381 4551 tem
393 4490 514 4564 prelatas
529 4485 623 4542 debuit
636 4479 791 4538 medicine.
820 4477 887 4532 Tres
911 4482 1045 4546 preterea
1066 4471 1127 4551 lra·
1182 4489 1305 4545 corpore.
1322 4471 1382 4543 Quo
1396 4471 1499 4539 audito,
1514 4471 1686 4543 prescriptae
1707 4486 1781 4542 aeger
1803 4471 1869 4529 illuc
1893 4473 1984 4531 aliano

329 4591 393 4648 tres,
418 4575 515 4634 eodem
536 4572 731 4632 decumbentes
758 4562 944 4630 incommodo,
973 4561 1048 4617 beati
1073 4559 1126 4616 m'ri
1181 4558 1551 4632 deleaturaurilio,genihus
1570 4557 1677 4614 abbatis
1707 4557 1871 4630 advolvitur,
1895 4560 1983 4633 suspi-

326 4668 454 4725 meritum
468 4665 497 4718 in
510 4662 647 4732 antiquam
663 4655 821 4714 reformavit
835 4651 1005 4722 sospitatem,
1030 4663 1127 4705 eorum
1180 4650 1228 4706 riis
1241 4648 1394 4722 interpellat
1408 4647 1586 4720 etlaerymis,
1601 4654 1631 4704 ut
1644 4646 1705 4717 ejus
1718 4647 1792 4720 apud
1815 4648 1901 4704 licum
1926 4665 1982 4708 ms·

327 4758 434 4814 duobus
448 4752 558 4825 quidem
572 4748 707 4805 destinata
721 4743 892 4816 eulogiarum
905 4738 1004 4813 gratia,
1029 4737 1126 4793 salutis
1180 4745 1286 4796 seretur
1300 4738 1493 4794 interventum.
1508 4737 1631 4792 Moretur
1654 4735 1734 4791 Pater
1761 4736 1896 4792 anxietate
1920 4754 1982 4810 sup·

326 4843 512 4918 integritatem
525 4835 695 4911 resignavit;
724 4832 816 4888 tertius
842 4837 944 4896 autem,
973 4841 1035 4883 cum
1061 4827 1130 4882 Bor·
1144 4819 1171 4881 D
1184 4827 1313 4900 plicantis
1327 4835 1354 4882 et
1367 4826 1436 4882 inter
1456 4840 1533 4882 sacra
1561 4823 1701 4880 missamm
1730 4823 1875 4892 solemnia,
1904 4825 1982 4900 flagi-

326 4933 391 4991 boni
406 4932 462 5002 (ll)
477 4944 526 5001 per
539 4943 588 4983 ser
602 4939 711 4981 menses
725 4929 856 4992 sammua
883 4915 1053 4972 sustinuisset
1081 4914 1127 4969 in·
1182 4922 1267 4974 tatum
1289 4914 1436 4988 paralytice
1453 4921 1581 4987 procurat
1617 4912 1791 4969 subventum.
1815 4911 1861 4968 Nil
1889 4921 1981 4974 tamen

325 5021 435 5088 cendia,
452 5026 573 5074 assumo
585 5015 674 5081 Patre,
690 5010 735 5083 qui
750 5008 858 5064 illucex
887 5015 1008 5076 tempore
1034 5018 1127 5060 acces
1181 5007 1217 5062 de
1231 5005 1289 5061 suis
1301 5017 1471 5076 presumens
1491 4999 1606 5068 meritis,
1631 5007 1703 5056 totns
1731 5001 1767 5056 ad
1794 5001 1980 5072 apostolorum

325 5118 406 5177 serat,
421 5106 504 5164 saeris
514 5103 627 5175 jubetur
640 5102 769 5156 interesse
783 5093 929 5167 mysteriis.
944 5093 1027 5148 Adest
1041 5090 1128 5147 lebri-
1180 5092 1336 5165 principem
1350 5089 1522 5156 convertitur,
1537 5088 1614 5158 cujus
1633 5091 1661 5143 et
1686 5087 1782 5144 umbra
1802 5089 1877 5146 salus
1906 5089 1977 5149 infir·

325 5200 423 5266 citans,
439 5202 467 5252 et
480 5210 515 5250 ex
529 5189 636 5248 abbatis
646 5188 728 5262 jussu
740 5192 821 5256 epoto
835 5189 898 5254 post
912 5180 1023 5236 missam
1051 5178 1123 5244 vino,
1181 5181 1280 5252 mis,ot
1293 5179 1416 5236 oruhoue
1430 5179 1485 5234 vita
1499 5184 1540 5233 cst
1549 5175 1683 5232 defunctis
1692 5176 1823 5234 restituta.
1835 5177 1981 5250 Sumptam

325 5291 355 5344 in
370 5300 423 5357 quo
437 5283 492 5340 lota
508 5282 780 5336 lucrantsanotorum
791 5272 920 5344 pignora.
937 5267 1021 5323 febris
1035 5266 1126 5322 incen-
1180 5284 1247 5342 erpo
1261 5268 1347 5338 ipsius
1356 5265 1492 5338 planetam
1504 5266 1569 5336 (rt),
1587 5280 1648 5335 quar
1662 5272 1786 5323 veterum
1801 5266 1936 5326 relatione
1946 5269 1977 5328 in

362 5425 419 5495 tto)
432 5423 586 5483 Duraunus,
602 5417 719 5489 primurn
748 5412 837 5468 abbas
863 5403 1074 5490 lioyssiaceosis
1097 5403 1126 5459 in
1216 5413 1273 5483 (aa)
1284 5409 1443 5490 crispatam,
1459 5403 1560 5463 valesii
1569 5405 1711 5478 oppidum,
1726 5405 1755 5463 ia
1765 5423 1818 5480 quo
1828 5409 1974 5482 prioratus,

325 5497 467 5563 cadurcis,
482 5492 546 5548 dein
559 5491 631 5545 circa
645 5502 690 5542 an.
703 5487 771 5541 tuoe
786 5484 873 5537 lactus
887 5492 1032 5550 episcopus
1045 5474 1126 5532 Telo·
1180 5483 1209 5538 s.
1225 5481 1355 5553 ,arnulphr
1371 5480 1469 5535 arctus,

325 5585 417 5635 sanus,
432 5564 500 5621 obiit
514 5562 588 5618 circa
602 5576 646 5613 an.
677 5557 756 5619 litio,
785 5562 813 5608 et
840 5553 931 5622 imago
957 5564 1019 5604 cum
1048 5546 1125 5601 titulo
1215 5577 1724 5651 (methodumvocafflugomum·
1742 5583 1768 5633 3·

323 5633 647 5768 ffillaelbsuffltkffim
661 5628 778 5683 dmm
788 5625 992 5693 moyfflffl'
1003 5625 1033 5672 m
1047 5632 1120 5672 asse·
1216 5679 1272 5750 (ll)
1287 5675 1368 5732 hddit
1383 5675 1470 5746 trago,
1490 5673 1637 5730 Antiochia
1655 5673 1764 5730 allatam
1788 5675 1872 5744 credi,
1892 5689 1976 5732 occa.

363 5773 595 5851 (lllhorbonium
619 5769 669 5824 sub
699 5764 781 5821 variis
807 5760 997 5835 cognomentis
1024 5756 1124 5828 triplex
1177 5753 1336 5818 sionemque
1361 5743 1483 5802 miraculi
1508 5745 1590 5800 luisse
1612 5745 1719 5808 asserit,
1737 5745 1811 5814 quod
1836 5745 1865 5801 S.
1895 5747 1974 5818 liugn

325 5861 376 5918 est,
391 5863 476 5904 uuum
491 5843 620 5901 Cluniaco
631 5837 746 5893 vicinius
760 5835 794 5890 ad
804 5833 922 5906 Ligerim
936 5829 1123 5897 situmttour-
1176 5820 1360 5904 posttrnissurn
1371 5832 1453 5871 manu
1464 5815 1576 5898 capiens
1586 5815 1673 5896 ipsam
1689 5815 1824 5896 planetam
1836 5815 1949 5896 dirimet
1964 5825 1971 5869 ς

324 5921 489 5989 bon-hanes
505 5913 587 5984 vulgo
597 5914 775 5981 nuncupatur.
1180 5895 1310 5950 <ulmam
1324 5888 1520 5960 edessanos,
1530 5904 1558 5942 m
1571 5902 1625 5958 quo
1635 5893 1742 5942 ,muns
1754 5885 1911 5954 apostoliea
1927 5901 1973 5944 ω·

397 6069 517 6125 Parnoi..
533 6057 625 6120 Cth.
1854 6039 1889 6092 28
