4750 6725
416 593 467 647 ιιι

945 581 990 634 ιι)
1005 577 1118 636 ΟΡΕιιι
1134 579 1162 635 S.
1179 577 1329 637 rlNSELlil
1343 578 1531 638 recreatrix.

2012 584 2066 641 ιιι

415 715 479 772 dine
487 713 517 744 ¹³⁹
527 711 660 771 exhibitio
669 714 820 775 veneretur,
831 702 971 772 acuuctis,
982 717 1151 775 supervacue
1161 701 1208 758 illa
1223 703 1252 765 A
1267 717 1349 775 quam
1365 705 1506 776 conceptio
1521 705 1653 762 venientis
1671 707 1699 762 in
1722 723 1804 765 carne
1825 707 1888 766 filii
1908 710 1980 768 Dei?
1994 712 2067 768 Con·

417 805 507 861 adhue
521 803 643 858 informis
657 798 770 856 materia
779 795 912 852 coleretur
919 791 960 862 ²⁴⁰,
971 808 1030 864 quae
1038 791 1064 846 io
1075 792 1212 848 nonnullis

416 909 499 964 saepe,
515 892 669 964 priusquam
683 889 765 960 plene
780 885 805 939 in
822 885 966 939 humanam
982 881 1100 954 effigiem
1123 889 1212 936 trans·

417 991 470 1052 eat,
493 980 599 1053 deperit
621 987 646 1033 et
667 975 842 1032 adnihilatur.
860 975 915 1026 llac
936 972 1020 1027 animi
1042 971 1086 1024 sui
1108 969 1212 1041 sagaci·

417 1079 470 1126 tate
479 1068 610 1141 perfuncti
622 1065 694 1137 quod
704 1064 879 1135 antiquorum
888 1060 1048 1132 simplicitas
1058 1066 1084 1114 ct
1094 1059 1213 1130 perlecta

416 1151 698 1215 indominanostra¹⁴¹
713 1152 889 1208 constituerat
904 1149 1029 1216 charitas,
1046 1149 1145 1202 festum
1161 1147 1212 1202 sci·

415 1250 478 1304 liect
491 1248 525 1302 de
540 1243 716 1315 conceptione
731 1242 815 1313 ipsius
830 1238 1019 1295 sacratissima·
1034 1237 1151 1292 dominae
1163 1252 1212 1291 sua

416 1351 468 1410 qua
483 1351 512 1390 se
528 1333 632 1405 pollere
646 1330 833 1404 gloriabantur
847 1325 1014 1383 auctoritatis
1030 1325 1132 1380 ratione
1147 1325 1213 1381 abo-

413 1426 472 1484 lere
487 1439 539 1480 non
554 1422 711 1478 timuerunt.

450 1513 515 1568 l'isa
529 1527 596 1584 ergo
611 1510 713 1564 ratione
728 1523 894 1564 summorum
910 1506 1028 1564 virorum
1039 1505 1064 1561 in
1083 1503 1212 1560 abolitio-

416 1619 452 1659 ne
469 1599 625 1657 festivitatis
640 1597 732 1654 llatris
747 1598 797 1652 Dei
811 1595 1061 1667 proficientiumm,
1071 1594 1213 1650 videamus

415 1692 497 1747 etiam
513 1688 673 1744 alienitatem
688 1685 851 1755 simplicium
867 1686 901 1741 de
923 1685 989 1740 tanti
1012 1683 1103 1756 gaudii
1125 1682 1212 1738 amis-

1268 793 1356 864 ceptio
1372 810 1488 866 namque
1501 795 1664 851 incarnandi
1679 796 1740 852 Filii
1755 798 1805 854 Dei
1820 799 1856 854 ab
1870 801 1980 873 angelo,
1996 802 2067 858 sicut

1267 881 1448 953 Evangelium
1459 883 1541 940 refert
1550 883 1591 952 '”,
1606 885 1713 942 coelitus
1728 887 1909 958 pronuntiata
1923 897 1951 944 et
1964 892 2066 945 buma-

1267 971 1338 1024 nitus
1352 970 1488 1027 intellecta
1504 977 1553 1028 est.
1575 974 1604 1030 Si
1623 991 1691 1048 ergo
1715 963 1817 1048 aliquid
1840 977 2017 1034 excellentius
2037 987 2067 1035 et

1267 1060 1339 1128 quod
1363 1061 1515 1116 humanum
1535 1061 1699 1118 intellectum
1723 1066 1890 1136 supervolet,
1905 1068 2066 1138 conceptio·

1267 1163 1329 1202 nem
1345 1149 1374 1202 B.
1391 1149 1482 1206 llariae
1496 1150 1657 1223 designasse
1665 1153 1854 1209 aestimandum
1863 1163 1914 1222 est,
1925 1157 2067 1212 excellen-

1267 1236 1319 1290 tior
1334 1235 1422 1308 gloria
1437 1247 1464 1295 et
1480 1241 1568 1310 major
1581 1239 1700 1312 dignitas
1714 1243 1741 1296 in
1756 1244 1814 1312 ejus
1828 1261 1913 1315 quarn
1928 1245 1955 1300 in
1966 1245 2067 1300 Christi

1266 1323 1375 1379 Domini
1389 1326 1566 1396 conceptione
1583 1328 1712 1384 divinitus
1732 1331 1863 1388 enituisse
1877 1329 1909 1360 '⁸⁷
1922 1332 2066 1390 verisimili

1266 1413 1370 1468 ratione
1385 1412 1499 1470 ridetur.
1515 1417 1577 1471 Nou
1591 1418 1645 1473 hoe
1658 1416 1729 1485 dieo,
1745 1420 1795 1474 sed
1810 1420 1894 1476 filius
1917 1422 1977 1487 Dei,
1994 1437 2065 1478 caa-

1265 1500 1317 1556 dor
1331 1503 1398 1557 lucis
1416 1511 1526 1560 aeternae
1548 1513 1575 1560 et
1597 1507 1654 1575 ipse
1677 1505 1723 1562 lux
1744 1509 1932 1575 inacessibilis,
1948 1510 2065 1566 formam

1266 1591 1338 1645 servi
1357 1599 1519 1661 accepturus
1540 1595 1717 1665 sornetipsum
1748 1596 1906 1664 exinanivit,
1929 1614 2065 1672 suumque

1266 1679 1412 1733 adventum
1432 1679 1470 1734 ita
1490 1681 1616 1736 humanis
1637 1684 1773 1739 mentibus
1794 1686 2010 1756 contemperavit
2034 1695 2064 1742 ιιι

1265 1768 1328 1837 capi
1341 1775 1432 1836 posset
1453 1776 1480 1824 et
1502 1770 1636 1842 intelligi3
1652 1788 1714 1827 nara
1738 1772 1762 1827 si
1783 1773 1810 1826 in
1832 1773 1982 1830 divinitatis
2005 1792 2065 1832 suae

1265 1855 1385 1910 essentia
1400 1857 1515 1913 veniens
1529 1867 1649 1930 apparet,
1664 1875 1746 1916 nemo
1760 1866 1879 1934 caperet,
1895 1879 1976 1920 nemo
1998 1879 2065 1920 sus·

416 1781 492 1836 sione
507 1777 678 1849 gementium
700 1773 740 1828 ¹⁰.
759 1774 904 1845 Simplices
926 1781 997 1840 sunt,
1020 1781 1046 1827 et
1068 1771 1212 1842 profundis

414 1868 566 1924 rationibus
583 1865 806 1936 philosophorum
832 1878 962 1932 responsa
986 1878 1047 1934 quan
1070 1868 1209 1930 expetunt,

415 1955 541 2013 fortassis
557 1954 669 2009 reddere
691 1952 824 2007 nesciunt.
842 1951 939 2005 Dicunt
961 1957 1052 2005 tamen
1066 1949 1097 1977 '⁴‘
1112 1950 1212 2004 devota
1264 1944 1371 2000 tineret.

413 2045 441 2100 in
461 2042 569 2099 llonrini
597 2048 709 2095 matrem
739 2039 869 2094 charitate
899 2037 1019 2104 fundari,
1037 2053 1090 2092 noa
1118 2035 1251 2119 magniB
1301 2035 1381 2088 Beata
1397 2051 1460 2091 vero
1475 2034 1506 2063 ¹⁵⁸
1519 2037 1606 2093 llario
1620 2039 1706 2093 lfater
1720 2039 1769 2094 Dei
1787 2039 1883 2112 futura,
1900 2041 1972 2097 sieut
1986 2059 2063 2110 cum,

415 2131 546 2208 ponderis
561 2129 591 2158 '⁴⁵
606 2130 657 2184 sibi
671 2128 758 2184 videri
774 2143 854 2182 omae
870 2127 942 2198 quod
955 2125 1081 2198 dignitati
1099 2134 1143 2180 aut
1158 2126 1211 2179 ho·
1266 2122 1311 2193 qui
1326 2126 1513 2193 superomnia
1527 2133 1572 2180 est
1585 2126 1879 2198 incomprehensibilis,
1895 2145 1992 2186 rerum
2006 2139 2066 2186 erat

414 2223 473 2279 nori
488 2222 545 2290 ejus
560 2221 681 2274 humana
695 2217 774 2272 laude
789 2216 922 2282 defertur,
939 2215 961 2270 si
976 2215 1079 2270 meritis
1093 2214 1166 2269 illius
1186 2219 1212 2268 et
1266 2211 1403 2267 hominem
1418 2212 1547 2268 ineffabili
1568 2215 1651 2270 modo
1672 2215 1707 2272 de
1729 2232 1778 2272 sua
1805 2218 1954 2273 substantia
1978 2219 2067 2292 Virgo

414 2310 565 2382 insignibus
579 2313 759 2378 comparetur.
1266 2302 1397 2370 paritura,
1413 2315 1447 2357 ac
1461 2317 1510 2371 per
1524 2304 1577 2358 hoc
1590 2303 1618 2358 in
1632 2303 1781 2360 divinitatis
1803 2305 1874 2360 illius
1888 2304 1918 2335 '⁰’
1933 2309 2067 2364 unitatem

452 2401 633 2456 Veruntamen
646 2395 709 2450 dum
724 2395 781 2464 ipsa
797 2393 1024 2464 insigniasua,ut
1038 2391 1210 2463 dignumest,
1266 2389 1420 2456 transitura,
1436 2406 1490 2445 oon
1514 2389 1545 2419 ‘⁸⁰
1567 2391 1687 2449 absurdo
1708 2393 1782 2448 credi
1805 2403 1895 2465 potest
1915 2397 2067 2467 primordia

415 2487 559 2546 devotione
574 2483 691 2540 mundus
712 2482 813 2552 ubique
835 2489 987 2548 veneratur,
1004 2480 1069 2552 quid
1092 2482 1116 2534 si
1139 2480 1211 2551 quod
1266 2477 1450 2548 conceptionis
1463 2480 1525 2549 ejus
1541 2488 1610 2536 tanta
1625 2481 1734 2537 deitatis
1743 2483 1910 2540 sublimitate
1916 2485 2067 2558 presigne-

415 2591 569 2649 supremam
592 2571 725 2642 originem
747 2569 856 2625 illorum
871 2567 901 2596 '⁴⁴
922 2585 975 2624 non
996 2569 1042 2640 pio
1065 2569 1144 2624 oculo
1166 2569 1211 2622 in·
1265 2573 1303 2632 ta,
1320 2574 1350 2621 ut
1364 2569 1541 2623 humanarum
1556 2570 1699 2642 conceptio
1713 2571 1845 2627 mentium
1860 2586 1893 2629 ea
1906 2573 1990 2644 plene
2012 2589 2066 2646 pe·

415 2673 512 2730 tuetur,
528 2661 650 2720 nonnihil
666 2659 804 2714 mirantur.
1265 2662 1374 2710 netrare
1389 2670 1444 2709 non
1458 2655 1572 2712 valeret.

451 2757 599 2810 Tantorum
615 2749 685 2805 enim
701 2748 835 2803 bonorum
857 2747 1064 2814 consummatio,
1081 2761 1141 2815 quae
1163 2759 1213 2816 per
1302 2743 1360 2799 lloc
1387 2743 1479 2815 itaque
1500 2743 1531 2774 ‘⁸¹
1551 2761 1622 2816 pura
1648 2747 1811 2818 simplicitas
1837 2749 2009 2822 supplexque
2037 2751 2066 2806 in

414 2847 502 2916 ipsam
525 2839 632 2895 Donaini
654 2838 768 2894 llatrem
789 2836 837 2892 toti
861 2841 991 2891 creulurae
1017 2841 1211 2906 provenerunt,
1265 2832 1354 2887 Deum
1369 2840 1395 2886 et
1410 2833 1437 2888 in
1451 2833 1658 2890 dilectissimam
1673 2839 1785 2893 lfatrem
1800 2838 1860 2907 ejus
1875 2839 1978 2909 puritas
1992 2837 2066 2896 dite-

415 2933 521 2991 vidctur
547 2929 694 2984 admonere
721 2921 751 2952 ¹⁴⁷
780 2931 899 2978 mentem
927 2926 1077 2978 humanam
1107 2923 1214 2994 pietatis
1267 2919 1364 2976 ctionis
1378 2920 1512 2976 aestimare
1526 2922 1559 2977 de
1574 2925 1750 2995 conceptione
1764 2925 1836 2982 illius
1853 2926 1902 2982 llei
1924 2926 2067 2999 genitricis

414 3021 511 3078 aflectu
527 3016 666 3074 exordium
683 3029 761 3068 suurn
783 3012 965 3067 c-onsideraro.
982 3013 1017 3066 ht
1038 3011 1130 3080 utiquc
1152 3027 1213 3066 eam
1266 3023 1320 3063 non
1336 3016 1452 3064 seretur.

414 3118 567 3174 venturam,
584 3120 616 3160 ac
631 3101 741 3158 Domini
762 3102 874 3156 llatrem
896 3100 1013 3154 futuram
1035 3107 1090 3154 toto
1111 3100 1214 3162 Veteris
1302 3097 1337 3152 Et
1350 3097 1451 3152 idcireo
1466 3096 1499 3126 ¹⁶¹
1513 3099 1641 3170 ejusdem
1663 3102 1851 3173 conceptionis
1875 3104 1935 3160 dies
1958 3106 2066 3162 festivis

416 3194 591 3256 instrumenti
613 3190 642 3220 '⁴'
672 3191 757 3246 series
786 3189 889 3260 pandit.
919 3187 972 3243 Sed
999 3197 1088 3243 utrum
1118 3188 1153 3242 ita
1182 3187 1212 3217 ⁹¹⁸
1267 3186 2064 3260 laudibusueuncusnoctibussuojurticiomeritocete-

415 3287 539 3363 proxime
555 3281 689 3338 nascitura
704 3277 799 3350 quovis
821 3278 932 3332 oraculo
956 3284 1001 3332 aut
1023 3278 1122 3349 angelo
1144 3294 1213 3332 nun·
1267 3274 1391 3329 bearetur
1405 3273 1446 3329 ¹⁸⁸.
1463 3277 1504 3331 Do
1518 3277 1579 3348 ipsa
1593 3278 1703 3349 quippe,
1719 3281 1811 3334 multis
1826 3281 1932 3337 seculis
1944 3290 2007 3339 ante
2022 3299 2065 3340 or·

415 3379 479 3433 tiata
500 3374 545 3443 sit,
561 3373 630 3427 sicut
650 3369 783 3425 Dominus
799 3364 829 3395 ¹⁶⁰
844 3368 966 3423 Christus
989 3364 1060 3422 filius
1081 3369 1150 3436 ejus,
1167 3374 1213 3423 aut
1267 3373 1324 3420 tum
1340 3367 1402 3436 ejus
1417 3364 1448 3395 ”⁴
1461 3366 1503 3422 vel
1519 3376 1684 3439 concgppum
1698 3364 1959 3444 ”⁸,lsaiamSpiritu
1969 3382 2064 3430 mem

415 3468 512 3523 heatus
527 3465 646 3517 loannes
667 3472 818 3530 praecursor
839 3460 865 3510 et
886 3456 1003 3526 baptista
1023 3456 1145 3525 ejusdem
1164 3456 1213 3511 filii
1267 3454 1385 3509 afflatum
1397 3455 1497 3509 dixisse
1506 3464 1612 3511 constat
1627 3458 1813 3527 :Egredietur
1825 3461 1905 3531 virgo
1920 3461 1953 3516 de
1967 3463 2065 3518 radice

416 3555 475 3625 ejus
489 3550 532 3621 ¹⁸¹,
549 3557 594 3606 aut
608 3548 646 3604 illi
661 3547 705 3604 vel
721 3547 766 3601 ille
781 3546 815 3600 ele
830 3544 940 3616 quibus,
954 3552 983 3599 ut
996 3560 1065 3615 pene
1087 3543 1213 3599 omnihus
1267 3545 1351 3612 decre,
1364 3549 1392 3600 et
1402 3544 1454 3613 flos
1466 3544 1502 3599 de
1516 3545 1612 3600 radice
1627 3547 1688 3615 ejus
1703 3548 1891 3616 ascenderint
1906 3551 2064 3621 requiescet

414 3644 508 3715 liquet,
525 3654 611 3697 sacrae
627 3636 754 3692 llistorioe
768 3634 927 3706 plenissime
943 3640 1062 3701 narrant,
1079 3633 1105 3687 iu
1121 3633 1214 3689 divina
1266 3647 1349 3703 saper
1357 3648 1422 3688 eam
1430 3632 1553 3704 Spiritus
1564 3633 1974 3708 homeriaspsrttnssaptenttn
1982 3640 2011 3693 at
2019 3639 2065 3693 irr-

415 3734 514 3809 Ριιιῑΰι
530 3745 584 3785 ¹¹⁰⁰
599 3726 722 3792 habehit,
739 3724 766 3779 ill
782 3722 911 3779 canonica
927 3721 1065 3793 Scriptura
1074 3737 1127 3776 non
1137 3739 1213 3795 repe·
1269 3722 1412 3789 tellectur,
1428 3721 1673 3793 spirituscoasalii
1690 3726 1719 3777 et
1732 3724 1923 3793 fortitudinis,
1939 3724 2064 3795 Spiritus

415 3825 490 3880 ritur.
507 3821 538 3873 ln
555 3815 627 3889 quod
642 3813 707 3887 quid
721 3810 901 3883 dispensatori
916 3812 1036 3866 omnium
1052 3826 1140 3866 rerum
1157 3811 1214 3881 Spi·
1266 3810 1434 3866 scicntireet
1442 3810 1570 3881 pietatis,
1580 3814 1608 3865 et
1618 3811 1935 3886 replebiteumspr'rftus
1951 3815 2063 3870 timoris

416 3911 480 3969 ritui
495 3915 588 3963 sancto
603 3902 742 3975 placuerit,
759 3915 812 3954 non
829 3899 892 3953 satis
906 3899 988 3971 digne
1002 3914 1045 3953 me
1060 3914 1138 3969 posse
1152 3914 1214 3953 con·
1266 3896 1505 3970 Domiai“⁸(fsa2',
1523 3914 1559 3966 ῃ,
1572 3900 1635 3969 aa),
1649 3899 1713 3954 ΠΗ.ὓ
1722 3900 1898 3973 ,paquevirga
1908 3918 1969 3973 Μ
1979 3902 2064 3958 ,alem

415 3999 539 4055 siderare
554 3990 698 4055 confiteor,
714 3988 763 4042 abs
778 4003 808 4042 re
825 3994 912 4041 tamen
926 3994 1053 4041 etcontra
1064 3986 1143 4041 fidem
1153 4004 1213 4043 esse
1266 4002 1300 4043 ex
1315 4004 1344 4042 se
1359 3986 1469 4058 protulit
1483 3985 1590 4055 florem,
1606 3987 1679 4043 nullo
1687 3988 1874 4056 dissentiente,
1885 3989 1970 4061 Virgo
1978 3992 2064 4046 llario

416 4102 471 4145 non
486 4082 600 4149 aestimo,
616 4078 638 4133 si
654 4074 796 4132 exordium
811 4074 996 4145 conceptionis
1017 4072 1141 4144 ipsius’⁵'
1155 4084 1212 4131 tam
1267 4077 1328 4143 fuit,
1346 4083 1372 4131 et
1386 4076 1447 4143 flos,
1463 4075 1511 4145 qui
1525 4074 1558 4129 de
1573 4075 1664 4130 radice
1678 4076 1736 4144 ejus
1754 4078 1886 4145 ascendit,
1904 4076 2065 4134 benedictus

415 4192 432 4233 a
453 4169 620 4243 simplicibus
642 4163 772 4221 Ecclesiae
794 4162 855 4217 filiis
878 4163 1028 4217 aestimetur
1051 4162 1091 4230 ¹⁵¹,
1108 4170 1136 4219 ιιι
1157 4173 1212 4220 tam
1267 4165 1361 4230 Filius,
1373 4178 1544 4235 superquam
1556 4170 1583 4218 et
1596 4163 1684 4234 inquo
1699 4166 1788 4219 omnis
1806 4164 1944 4236 plenitudo
1960 4166 2065 4222 divini·

416 4262 533 4320 sublime
557 4264 612 4314 tam
634 4254 769 4319 divinum,
791 4258 844 4305 tam
868 4249 1002 4307 ineffabile
1027 4252 1116 4321 fuerit,
1133 4255 1163 4307 nt
1184 4254 1212 4308 in
1244 4249 1329 4309 'tatis
1351 4249 1532 4307 essentialiter
1554 4251 1696 4322 requievit.
1721 4253 1785 4307 Haec
1809 4252 1894 4326 igitur
1919 4254 2005 4328 Virgo
2019 4252 2063 4323 m,

415 4350 485 4409 illud
500 4362 579 4405 meua
600 4346 719 4400 humana
740 4338 815 4395 nulla
838 4338 1041 4411 perspicacitate
1063 4356 1211 4413 assurgere
1267 4341 1330 4397 tanti
1346 4340 1406 4395 Filii
1420 4339 1583 4411 dignissima
1598 4356 1706 4409 parens,
1723 4356 1784 4397 cum
1800 4341 1825 4395 in
1845 4340 1907 4398 olco
1927 4358 1985 4398 suae
2007 4359 2063 4414 pa.

414 4441 511 4517 9⁰⁵⁸i‘·
1265 4428 1349 4486 rentis
1364 4426 1480 4483 naturali
1495 4427 1557 4499 lege
1571 4427 1768 4499 conciperetur,
1784 4430 1846 4502 quis
1861 4446 1914 4487 non
1928 4431 2064 4489 concedat

450 4531 508 4587 Nec
529 4526 628 4583 mirum
653 4538 659 4577 :
686 4518 891 4576 fundamentum
916 4517 1050 4589 siquidem
1074 4520 1102 4575 et
1134 4519 1209 4591 quasi
1265 4518 1316 4574 Dei
1329 4516 1488 4587 sapientiam
1503 4531 1519 4571 a
1533 4513 1587 4571 fine
1600 4532 1687 4586 usque
1700 4516 1735 4571 ad
1748 4516 1830 4573 linem
1849 4520 2061 4593 perungentem,

414 4620 552 4695 quoddam
567 4609 742 4669 seminarium
752 4606 782 4636 ¹⁵⁴
795 4606 911 4663 civitatis
922 4606 1102 4663 athabitaculi
1112 4608 1212 4663 summi
1264 4614 1361 4663 cuncta
1376 4604 1545 4675 implentem,
1561 4612 1656 4660 cuncta
1665 4609 1814 4677 regentem,
1826 4607 2024 4677 novoquodam
2035 4616 2063 4664 et

411 4710 477 4769 boni
492 4710 519 4763 in
544 4719 577 4761 eo
598 4700 768 4775 ponebatur3
785 4704 813 4752 et
835 4696 939 4751 mansio
960 4695 1028 4750 lueis
1050 4704 1166 4765 aeternae,
1183 4704 1210 4753 et
1265 4692 1392 4751 ineffabili
1408 4692 1509 4766 gaudio
1523 4692 1632 4762 omium,
1648 4701 1756 4762 terram,
1773 4702 1800 4749 et
1813 4695 1905 4751 omnia
1919 4710 1977 4767 qua
1986 4696 2063 4751 ineps

411 4800 541 4871 templum
557 4791 629 4866 quod
643 4786 821 4859 corporaliter
835 4782 998 4840 inhabitaret
1014 4783 1059 4839 ille
1078 4784 1208 4856 incorpo-
1222 4758 1250 4819 D
1265 4791 1336 4851 sunt,
1352 4781 1506 4855 perfudisse
1521 4777 1551 4807 ”⁸
1560 4795 1568 4851 ;
1583 4793 1617 4836 ao
1631 4780 1761 4836 ineffabili
1772 4782 1932 4851 jubilatione
1946 4799 1999 4855 pro
2020 4784 2061 4840 sui

411 4904 478 4945 reus
493 4893 519 4941 el
533 4876 781 4947 incircumscriptus
796 4881 823 4929 el
836 4878 943 4929 creatus
958 4870 987 4899 '⁸'
1003 4872 1083 4927 simul
1095 4880 1121 4927 et
1136 4874 1209 4931 vivi·
1263 4869 1485 4943 reintegratione,
1502 4884 1583 4943 quam
1601 4884 1650 4939 per
1668 4869 1741 4923 illam
1761 4870 1812 4924 sibi
1833 4876 1993 4928 ereaturam
2014 4872 2060 4929 di-

410 4976 497 5033 fi⁰³¹¹⁸
511 4970 601 5029 0ffl¹¹il
617 4967 732 5039 Sillims
746 4962 899 5035 Plfflbfflllf·
1263 4960 1325 5018 vina
1339 4968 1365 5015 et
1380 4958 1484 5013 occulta
1499 4956 1674 5028 inspiratione
1688 4957 1884 5027 previdebant,
1900 4960 2060 5030 perlustras.

447 5062 518 5119 llicit
534 5060 602 5114 forte
624 5055 722 5127 aliquis
738 5072 744 5108 :
762 5051 832 5121 Quid
856 5050 939 5119 enim,
954 5050 1043 5122 major
1065 5048 1207 5107 excellen—
1262 5066 1292 5105 se
1315 5046 1370 5104 '⁸’l
1386 5047 1440 5103 Sed
1463 5061 1525 5101 cum
1548 5044 1606 5116 ipsa
1631 5048 1774 5117 conceptio
1797 5046 2015 5116 fundamentum,
2030 5056 2061 5105 ut

412 5152 464 5209 tior
488 5145 615 5205 aestimari
637 5143 719 5200 debet
740 5141 881 5211 conceptio
904 5141 1000 5196 futurae
1022 5139 1114 5195 llatris
1145 5140 1206 5208 Dei,
1261 5138 1389 5202 diximus,
1405 5134 1484 5191 fucrit
1497 5132 1645 5190 habitaculi
1658 5130 1690 5162 ’⁷⁰
1704 5134 1806 5190 summi
1821 5135 1898 5205 honi,
1914 5137 1937 5191 si
1951 5138 2060 5208 peceati

1064 5236 1177 5292 tuthtAE
1200 5234 1403 5292 Lectiones.

446 5331 533 5389 flattu.
553 5329 629 5386 derb.
645 5324 824 5382 latitudinem.
841 5326 927 5383 ”hila
946 5326 1023 5381 Corlr.
1050 5326 1274 5382 communicatur.
1291 5322 1378 5379 '¹¹lfs.
1398 5320 1477 5379 ford.
1504 5319 1621 5376 Domina
1644 5337 1735 5377 rerum
1763 5320 1814 5393 lep.
1831 5338 1898 5393 puro
1913 5321 2058 5381 Dominam

411 5413 542 5461 nostram.
558 5398 638 5455 ’‘’.tfc
658 5397 735 5454 Corh.
761 5398 907 5468 proficisci.
924 5396 1003 5452 ’⁴³llr.
1022 5398 1099 5453 Coeli.
1115 5399 1195 5452 omit.
1223 5395 1303 5451 mlle.
1319 5395 1396 5451 Cori.
1422 5394 1503 5447 enim.
1529 5390 1637 5448 ¹⁴⁸artit.
1661 5409 1712 5449 nec
1734 5394 1826 5463 magni
1850 5394 1981 5463 ponderis
2005 5404 2056 5451 ese,

410 5476 490 5534 '¹⁸lls·
510 5473 587 5529 Corb·
604 5471 684 5525 omit·
700 5466 780 5523 '‘⁷tlls.
800 5468 876 5525 ford.
895 5469 1000 5523 videtur
1018 5476 1108 5523 autem
1122 5483 1234 5523 movere
1244 5482 1364 5523 omnem.
1380 5462 1458 5519 ²⁴⁸llr.
1474 5465 1549 5521 Corb.
1568 5463 1729 5518 testamenti.
1745 5460 1829 5519 “hita
1849 5464 1927 5521 corb,
1944 5468 2058 5522 omrem

410 5550 458 5604 ila·
475 5545 555 5601 '⁵⁰1¹st
574 5540 651 5598 COYb·
668 5540 736 5605 lese·
753 5538 834 5594 '⁵¹rlls.
853 5540 931 5595 Cord.
955 5540 1034 5595 omit.
1053 5539 1122 5607 ejus.
1139 5536 1220 5594 '⁵¹lfs.
1239 5538 1319 5594 Coro.
1337 5536 1413 5592 tenti.
1428 5533 1508 5590 ¹⁵⁸ffr.
1534 5535 1611 5591 Corh.
1634 5542 1670 5590 et.
1686 5532 1762 5591 ’“ed
1786 5536 1944 5591 sacrarium.
1971 5534 2055 5593 mter.

411 5619 488 5677 Cori.
506 5622 532 5671 et
554 5614 647 5668 hims-
665 5608 744 5665 '⁶'lls¹
763 5610 840 5667 cord.
858 5614 979 5663 testatur.
1007 5606 1088 5664 ἰιι
1107 5608 1187 5665 Corlr.
1208 5608 1358 5664 emicuisse.
1375 5604 1455 5661 ’‘htfs.
1474 5605 1554 5662 cort.
1580 5609 1610 5661 et
1631 5606 1700 5660 edit.
1717 5606 1812 5675 Virgo.
1835 5604 1914 5663 '‘’tda
1934 5606 2012 5664 Coro,
2028 5614 2059 5664 er

410 5692 454 5748 ed·
470 5688 603 5745 Deiitlem
620 5682 702 5736 illius·
718 5679 795 5737 '⁶⁰ed·
810 5678 845 5735 ita
862 5695 925 5734 oon.
942 5678 1024 5734 ”¹lfr.
1043 5680 1119 5737 cord.
1137 5680 1183 5735 ita.
1200 5677 1233 5709 ¹⁸¹
1249 5681 1296 5735 ιιι.
1315 5679 1391 5735 Cori.
1408 5681 1436 5731 et
1452 5677 1495 5732 ed.
1511 5676 1584 5731 ideo.
1600 5672 1632 5703 ”⁸
1645 5676 1692 5732 ed.
1712 5678 1803 5731 multis
1815 5674 1943 5732 fidelibus
1956 5678 2057 5735 merito

410 5760 577 5819 celebratur.
598 5752 680 5811 ”blla
699 5752 776 5811 cort.
793 5750 956 5808 celebretur.
973 5748 1040 5807 ”¹ed
1055 5749 1136 5809 omit.
1154 5750 1198 5808 vel
1213 5757 1389 5821 conceptum.
1404 5744 1486 5804 ”ftis
1505 5746 1589 5807 Cere.
1608 5749 1637 5803 et
1650 5747 1872 5805 cdtthoeeomtt.
1886 5744 1962 5807 ”⁷ed.
1973 5750 2056 5808 omn·

407 5834 495 5969 pirgpi.
502 5827 593 5963 ‘'⁸⁸lfg.
615 5826 690 5889 Gora.
707 5828 735 5887 et
759 5822 829 5885 edit.
851 5821 1079 5901 profundissima.
1095 5820 1172 5885 ’‘'rd
1188 5820 1366 5899 previdebat,
1382 5814 1693 5897 perlustraremus.
1710 5816 1791 5881 fort.
1810 5818 1952 5901 conceptio
1972 5819 2057 5883 trabi·

420 5920 467 5965 acu
516 5916 593 5961 ueri.
