4750 6725
299 658 350 710 arn
1077 651 1170 709 vina.
1473 691 1477 700 .
1902 669 1953 725 8„

297 783 366 837 ebes
378 781 408 837 in
425 780 485 854 ejus
499 780 660 855 obsequium
680 789 861 856 congregatos
883 796 948 838 eura
970 778 1098 855 pervigili
1110 778 1142 842 Α
1156 780 1296 852 defuncto,
1313 782 1394 857 hujus
1408 782 1522 841 aetionis
1536 784 1699 857 obscuritas,
1714 784 1783 845 sieut
1796 789 1877 859 paulo
1892 804 1955 864 post

295 872 456 928 custodiret.
472 870 520 925 llis
534 870 618 943 igitur
632 869 801 927 similibusve
814 879 906 927 mente
920 870 1020 926 derata
1033 884 1096 939 pro-
1150 870 1287 927 inordina
1302 888 1352 928 suo
1366 872 1510 929 scribendo
1523 874 1639 943 patebit.

296 958 376 1028 tusis,
391 961 420 1015 in
433 958 544 1014 domurn
558 958 735 1025 infirmorum,
752 966 781 1014 ut
804 958 876 1015 inter
897 957 1096 1015 monachorum
1186 958 1312 1027 Quadam
1324 968 1414 1017 autem
1428 961 1473 1017 die
1486 964 1608 1031 posthaec
1627 968 1870 1039 congregationem
1885 985 1952 1029 con-

294 1063 394 1103 manus
408 1046 533 1121 spiritum
546 1046 681 1115 redderet,
690 1064 719 1103 se
733 1046 834 1104 deterri
848 1045 914 1103 tecit
924 1064 931 1110 ;
943 1046 990 1102 ubi
1004 1055 1097 1102 tamen
1149 1047 1244 1104 venire
1254 1048 1347 1119 jussit,
1362 1058 1389 1105 et
1402 1057 1431 1105 ut
1444 1050 1473 1105 in
1487 1050 1607 1105 omniurn
1623 1064 1769 1124 conspeetu
1792 1073 1844 1129 pro
1859 1059 1952 1115 oruni·

293 1135 445 1209 aliquando
459 1143 522 1207 post
536 1142 662 1207 tempore
675 1136 703 1191 in
717 1152 818 1208 magna
831 1135 922 1193 cordis
935 1143 961 1191 ct
974 1134 1096 1207 corporis
1150 1135 1203 1191 bus
1230 1136 1350 1206 peccatis
1377 1138 1433 1193 suis
1458 1140 1609 1209 corporalia
1639 1141 1663 1197 ei
1692 1140 1768 1199 lieret
1796 1145 1951 1215 disciplina,

292 1223 455 1281 contritione
473 1223 633 1295 supervixit.
1149 1224 1306 1295 postulavit.
1322 1224 1377 1281 Sed
1390 1242 1451 1282 cum
1466 1228 1518 1283 bno
1533 1228 1638 1297 tratres,
1655 1232 1769 1287 multam
1786 1232 1953 1293 debilitatem

330 1313 435 1383 Quibus
461 1313 542 1369 etiam
569 1312 675 1383 diebus,
691 1328 752 1369 cum
767 1312 792 1369 ei
806 1313 877 1371 lecto
891 1311 1097 1370 decumbentis
1150 1311 1226 1368 illius
1245 1312 1456 1383 considerantes,
1474 1316 1546 1371 tactu
1570 1316 1734 1375 horrendum
1759 1329 1895 1391 putarent,
1912 1339 1955 1379 re·

293 1401 456 1472 quibusdam
469 1400 623 1471 instaretur,
638 1410 668 1456 ut
681 1401 866 1475 blellingensis
884 1401 1003 1459 coenobii
1018 1400 1095 1473 prio·
1149 1400 1319 1471 sponderent
1332 1402 1384 1459 boc
1397 1418 1428 1458 ss
1442 1403 1476 1458 de
1491 1403 1538 1459 illo
1554 1404 1663 1475 quidem
1678 1405 1769 1463 tacere
1791 1424 1845 1465 nou
1859 1426 1952 1481 posse,

291 1506 353 1545 rem
367 1488 471 1547 caeteris
491 1489 658 1545 abbatissam
671 1488 831 1559 praeficeret,
846 1506 891 1559 ne,
909 1506 943 1547 eo
957 1490 1096 1556 defuncto,
1149 1490 1185 1545 de
1199 1489 1297 1561 seipsis
1305 1506 1372 1547 vero
1385 1506 1435 1562 pro
1450 1492 1498 1549 illo
1513 1492 1646 1549 bocidem
1661 1510 1755 1551 omnes
1766 1496 1856 1555 lacera
1870 1500 1952 1557 velle.

292 1576 372 1635 locus
398 1578 446 1635 ille
473 1577 532 1635 sine
555 1577 690 1651 regimine
712 1586 874 1648 remaneret,
889 1578 991 1635 aliusve
1018 1578 1097 1647 cujus
1150 1578 1261 1635 Factum
1276 1586 1316 1635 est
1330 1580 1421 1652 igitur.
1437 1580 1472 1635 Et
1486 1595 1550 1637 ecce
1573 1580 1600 1635 in
1615 1583 1739 1652 sequenti
1754 1584 1873 1643 sabbato
1897 1604 1949 1644 ve-

290 1681 350 1724 non
362 1667 505 1723 interesset
518 1682 601 1737 super
615 1667 707 1723 locum
722 1666 800 1723 illum
815 1666 1029 1725 dominationem
1044 1666 1097 1727 sibi
1150 1667 1288 1725 nerandus
1303 1668 1389 1736 Pater,
1418 1668 1558 1725 vicinitate
1584 1670 1680 1725 mortis
1701 1686 1858 1744 oppressus,
1884 1677 1953 1731 mul-

291 1763 437 1829 usurparet
452 1774 460 1811 ε
479 1755 561 1825 cato,
577 1755 673 1829 inquit,
689 1756 862 1829 compellitis
876 1772 922 1813 mc
931 1759 1037 1827 tacere,
1048 1756 1097 1828 otti
1149 1768 1207 1813 tum
1221 1754 1356 1813 debilitari
1372 1757 1474 1828 ooepil;
1502 1766 1592 1813 tamen
1619 1757 1711 1831 aliqua
1739 1760 1847 1831 pietalis
1869 1778 1953 1833 opera

291 1843 979 1918 cocomarioriqucdatrumptacecttlcoprorsur
987 1845 1094 1917 ignoro.
1149 1844 1334 1918 indigentibus
1361 1844 1422 1916 ipsa
1445 1846 1492 1902 die
1513 1845 1572 1902 fieri
1587 1848 1726 1919 pracepit,
1740 1856 1766 1904 et
1781 1850 1816 1905 ad
1831 1852 1951 1921 missam,

291 1932 407 1990 Ostensa
421 1942 512 1989 tamen
530 1934 613 2004 iustae
639 1933 753 1989 ratlnms
775 1934 947 2002 necessitate,
962 1930 1097 1989 etconsi-
1149 1950 1211 2004 quse
1225 1934 1254 1989 in
1268 1934 1373 2007 capella
1387 1933 1555 1991 infirmorum
1579 1934 1638 2006 ipso
1653 1937 1781 1993 audiente
1797 1938 1952 2011 dicebatur,

290 2022 359 2077 lium
369 2021 498 2079 dantibus
512 2036 547 2077 er
564 2022 617 2079 hoc
630 2038 696 2093 rege
710 2030 737 2077 et
750 2021 954 2093 archiepiscopo
975 2036 1027 2091 per
1049 2019 1096 2075 lit·
1148 2022 1325 2079 intentionem
1340 2023 1514 2080 devotissime
1536 2024 1668 2097 dirigens,
1684 2042 1746 2081 cum
1770 2026 1953 2101 Evangelium

292 2118 412 2166 terarum
440 2126 551 2166 suarum
569 2111 597 2165 in
613 2110 758 2182 praesentia
771 2111 831 2182 ejus
844 2109 980 2167 recitatam
994 2116 1134 2194 aucto-B
1150 2110 1294 2183 legeretur,
1311 2111 1347 2167 ad
1369 2112 1549 2168 reverentiam
1578 2112 1643 2169 tanti
1669 2114 1792 2185 mysterii
1806 2132 1869 2172 sese
1883 2117 1954 2191 erigi

288 2199 410 2268 ritatem,
425 2198 576 2255 astantibus
594 2198 668 2255 cirea
686 2198 788 2256 ledum
815 2198 901 2271 ipsius
927 2197 1028 2260 multis.
1042 2212 1092 2253 ac·
1146 2198 1219 2255 tecit.
1236 2200 1354 2271 Vespere
1368 2199 1438 2256 tacto
1453 2201 1626 2271 commutuit,
1642 2208 1668 2257 et
1683 2219 1768 2275 usque
1792 2206 1828 2260 ad
1857 2206 1952 2263 boram

290 2286 398 2359 cipiens
422 2286 550 2343 baculum
576 2287 742 2359 pastoralem
762 2287 802 2342 illi
816 2287 905 2359 priori
918 2285 1093 2354 contradidit,
1147 2288 1246 2345 mediae
1273 2288 1360 2345 noetis
1378 2297 1538 2361 exspectans
1565 2291 1624 2347 sine
1652 2305 1730 2357 voce,
1747 2292 1796 2348 sed
1819 2308 1875 2349 non
1893 2294 1952 2351 sine

290 2376 456 2446 eteiusdem
470 2375 523 2433 loci
542 2377 660 2447 primam
681 2376 845 2433 abbatissam
868 2392 930 2433 eam
943 2375 1092 2439 constituit,
1147 2393 1228 2433 sensu
1239 2376 1335 2449 jacuit,
1351 2384 1378 2433 et
1392 2379 1470 2435 dietis
1484 2377 1620 2435 blatutiuis
1635 2378 1662 2433 in
1679 2382 1822 2452 praesentia
1841 2383 1900 2453 ejus
1913 2384 1949 2439 ad

289 2465 353 2536 ipsa
379 2464 479 2521 deinde
505 2465 613 2535 jurante
641 2465 827 2522 obedientiam
840 2472 869 2521 et
895 2462 1094 2536 subjectionem
1147 2466 1220 2521 diem
1244 2466 1449 2537 pertinentibus,
1465 2475 1492 2523 et
1506 2466 1631 2523 omnibus
1645 2468 1725 2524 lloris
1741 2468 1775 2525 de
1798 2472 1829 2525 S.
1851 2470 1949 2540 llaria,

290 2552 454 2610 eanonicam
482 2553 610 2625 episcopo
635 2558 664 2611 et
690 2552 819 2611 Ecclesiae
834 2552 966 2623 lloffensi,
980 2560 1008 2609 et
1029 2552 1095 2625 quia
1148 2562 1211 2609 tuno
1224 2553 1335 2611 demum
1360 2554 1482 2627 spiritum
1497 2564 1648 2611 extremum
1663 2558 1770 2613 trabere
1785 2558 1878 2629 coepit.
1893 2558 1950 2614 'la-

291 2657 344 2699 nec
357 2657 407 2714 per
420 2659 450 2697 se
461 2657 514 2699 nec
540 2658 591 2714 per
613 2642 695 2698 alium
719 2642 791 2699 idern
805 2642 962 2699 caenobium
987 2641 1093 2697 subtra-
1147 2642 1212 2697 bula
1226 2642 1309 2714 igitur
1322 2643 1356 2699 de
1367 2658 1441 2699 mora
1453 2658 1590 2713 percussa,
1606 2645 1720 2717 ipsoque
1733 2660 1815 2715 super
1828 2646 1948 2703 cilicium

290 2732 360 2787 bere
375 2740 519 2787 conaretur
536 2730 700 2801 subiectioni
714 2730 845 2788 Rotfeusi.
1146 2730 1247 2801 posito,
1277 2730 1404 2786 monachi
1437 2746 1544 2786 summa
1569 2746 1631 2787 eum
1658 2732 1831 2791 testinatione
1851 2750 1950 2791 accuv-

328 2817 434 2875 Deinde
463 2819 537 2875 omni
560 2819 803 2890 circumspectione
837 2818 975 2891 providus,
1005 2827 1094 2876 vestes
1147 2827 1218 2889 runt,
1235 2818 1363 2891 Symbola
1387 2817 1451 2875 fidei
1474 2819 1618 2890 premisso
1635 2820 1757 2890 psalmos
1771 2820 1949 2893 litaniamqua

291 2924 358 2963 suas
380 2912 409 2963 et
436 2924 548 2981 qumque
572 2908 690 2964 habebat
709 2923 797 2980 parva
815 2916 842 2965 ct
854 2908 920 2965 vilia
934 2909 1095 2966 indumenta
1146 2914 1296 2975 cantantes,
1311 2908 1410 2965 animas
1424 2908 1689 2964 commendationem
1711 2909 1843 2981 incipiunt
1857 2912 1949 2983 lacry-

289 3010 378 3065 usquc
392 2993 428 3051 ad
441 2995 554 3067 caligas,
569 3003 674 3067 utpote
687 2994 1095 3072 libermooacbus,selevigans
1145 2996 1199 3051 mis
1213 3003 1239 3052 et
1253 2994 1422 3053 orationibus
1436 2995 1555 3051 animam
1570 2996 1659 3052 Patris
1673 2998 1857 3069 egredientem
1873 3007 1900 3055 et
1914 2999 1949 3056 ad

292 3084 330 3138 ab
343 3084 418 3139 omni
431 3082 618 3156 ignominioso
633 3083 806 3155 proprietatis
818 3085 950 3157 pondere,
965 3084 1094 3141 tratribus
1146 3086 1303 3141 Creatorem
1316 3098 1396 3140 suum
1419 3090 1603 3141 revertentem
1629 3086 1800 3141 conducunt.
1823 3086 1949 3159 Cumque

291 3178 321 3228 et
335 3172 431 3245 egenis
458 3173 577 3229 scienter
597 3172 742 3229 distribuit.
757 3174 894 3231 duculum
908 3189 1018 3247 quoque
1031 3173 1094 3247 cpi·
1145 3172 1240 3229 iubae
1268 3174 1406 3229 tremenda
1433 3172 1637 3243 exspectatione
1660 3172 1753 3245 aliqua
1767 3189 1847 3231 mora
1861 3174 1946 3243 ieret,

289 3260 429 3331 scopatam
443 3269 555 3333 gestare
568 3262 730 3332 formidans,
744 3279 807 3319 eum
821 3262 927 3320 cuidam
946 3261 1025 3317 tratri
1038 3262 1093 3317 sibi
1146 3269 1229 3334 atque
1243 3261 1382 3319 orantibus
1397 3260 1525 3317 tratribus
1540 3268 1566 3315 et
1580 3260 1770 3333 psallentibus,
1787 3262 1822 3318 ad
1837 3272 1948 3335 septua-

289 3348 400 3406 assidue
418 3348 580 3408 ministranti
593 3351 804 3410 commendavit.
816 3352 940 3424 Curaque
952 3367 970 3409 a
981 3351 1093 3424 quibus·
1144 3350 1281 3424 geaimum
1291 3365 1393 3407 nonum
1402 3349 1539 3423 psalmum
1549 3357 1709 3421 perventum
1721 3350 1819 3409 luisset
1834 3352 1950 3410 dicendo

290 3440 356 3494 dam
383 3444 537 3512 rogaretur,
566 3448 596 3496 ut
617 3441 725 3499 cuidam
750 3442 809 3498 viro
837 3442 965 3514 religioso
987 3440 1091 3510 abbati,
1146 3441 1222 3496 cirea
1235 3439 1301 3498 illud
1315 3457 1322 3494 ε
1337 3441 1411 3496 Deua
1427 3440 1579 3507 virtutum,
1597 3443 1771 3510 conuertere,
1794 3442 1902 3514 respira
1916 3442 1951 3500 dc

290 3513 402 3584 scilicet
424 3528 459 3585 de
486 3528 571 3596 Bello,
588 3529 634 3600 qui
658 3532 688 3584 in
716 3531 919 3602 exspectatione
944 3529 1005 3585 linis
1018 3528 1094 3586 illius
1148 3531 1228 3600 octo,
1239 3533 1267 3586 et
1284 3527 1354 3596 cide,
1370 3532 1398 3584 ct
1411 3526 1616 3584 eisitooiuccm
1630 3526 1728 3595 istam,
1745 3529 1951 3600 spiritusPatris

291 3617 365 3688 apud
380 3633 444 3673 eum
464 3617 630 3687 morabatur,
642 3619 769 3674 eumdem
792 3618 922 3675 annulum
944 3619 1032 3685 daret,
1047 3633 1094 3674 re·
1148 3617 1252 3675 oriente
1266 3629 1365 3672 aurora
1377 3615 1412 3672 de
1435 3630 1550 3684 corpore
1563 3615 1711 3687 egreditur,
1735 3614 1843 3672 vineam
1867 3632 1949 3687 quam

289 3703 401 3775 spondit
416 3723 424 3760 ε
438 3706 590 3764 damnabat
603 3711 647 3762 cst
655 3726 667 3773 ,·
679 3707 756 3764 cibit
768 3707 823 3764 sibi
836 3711 865 3764 ct
878 3709 998 3765 annoto.
1148 3706 1209 3776 ipse
1225 3704 1404 3775 plantaverat,
1420 3703 1523 3758 seilicet
1550 3703 1792 3776 congregationem
1821 3704 1950 3762 montesis

328 3793 394 3849 Erat
407 3793 436 3848 in
449 3794 547 3869 dnglia
560 3795 589 3850 in
604 3794 656 3850 illis
668 3794 765 3850 diebus
778 3793 820 3850 vir
832 3796 927 3869 magni
940 3794 1058 3852 nominis
1067 3802 1096 3853 et
1148 3809 1216 3860 suae,
1232 3807 1313 3865 quarn
1328 3792 1355 3847 in
1370 3791 1460 3847 studio
1475 3789 1750 3868 coelestisdisciplinae
1765 3790 1950 3864 multipliciter

291 3879 436 3953 religionis
452 3882 584 3950 famosus,
599 3883 731 3940 liudulfus
753 3882 874 3951 nomine,
896 3883 983 3940 abbas
997 3882 1092 3957 Sagii;
1148 3880 1296 3947 erudierat,
1312 3878 1444 3936 custodiae
1467 3887 1494 3936 et
1513 3877 1663 3937 visitationi
1690 3879 1788 3936 summi
1816 3879 1951 3938 Creatoris

292 3971 340 4042 qni
367 3969 539 4028 intestatione
567 3971 712 4042 cujusdam
740 3971 847 4044 tpranm
874 3972 909 4029 de
931 3973 1095 4030 monasterio
1148 3970 1319 4044 relinquens.
1339 3970 1444 4040 Corpus
1457 3975 1549 4024 autem
1563 3968 1732 4024 attendentes
1746 3968 1881 4039 relictum,
1895 3971 1950 4026 mi-

292 4075 346 4115 suo
374 4059 519 4132 expulsus,
533 4061 606 4131 apud
621 4061 730 4117 Patrem
758 4062 933 4132 anselmum,
948 4077 1004 4118 non
1017 4060 1096 4134 guasi
1148 4076 1210 4116 rum
1225 4059 1317 4116 dictu!
1347 4057 1441 4114 vident
1464 4057 1607 4114 albescere
1629 4055 1691 4114 miri
1713 4059 1840 4116 candoris
1855 4059 1953 4130 splen-

289 4147 380 4213 exsnl,
396 4147 443 4204 sed
457 4148 635 4221 compatriota
656 4148 793 4220 manebat,
808 4149 861 4221 lpsi
887 4149 1027 4206 Gondullo
1040 4166 1095 4207 no·
1149 4149 1225 4218 dore,
1241 4147 1314 4222 quod
1328 4154 1419 4202 natum
1434 4161 1544 4218 semper
1555 4145 1663 4220 nigrum
1679 4146 1950 4206 solitierantvidere.

289 4233 422 4292 tissimus.
437 4235 487 4292 llic
508 4237 623 4293 audiens
637 4239 757 4294 ornicum
772 4255 851 4294 suum
865 4237 1006 4310 infirmari,
1022 4239 1097 4296 venit
1148 4239 1286 4310 lmpntant
1316 4251 1382 4311 ergo
1415 4235 1647 4308 eleemosynarum
1687 4235 1836 4308 largitioni,
1878 4237 1953 4308 quod

287 4323 325 4380 ad
338 4340 400 4380 eum
413 4326 470 4396 jem
486 4325 560 4383 inter
574 4326 695 4383 infirmos
705 4326 780 4384 dem
789 4331 993 4398 exspectantem
1007 4335 1096 4385 erue·
1149 4326 1291 4384 albescunt
1304 4340 1414 4388 manus;
1430 4323 1566 4394 imputant
1585 4330 1611 4380 et
1631 4323 1811 4395 lacrymarum
1825 4323 1950 4382 effusioni

287 4413 734 4488 mum.cumqueillepostdulcia
747 4417 864 4473 coelastis
877 4416 1094 4491 vitaecolloquia,
1149 4423 1177 4471 ct
1201 4421 1302 4471 sanctas
1329 4411 1392 4469 vitm
1411 4411 1495 4479 illius,
1529 4410 1602 4483 quod
1623 4415 1710 4467 totum
1734 4413 1816 4469 etiarn
1836 4411 1951 4470 albescit

288 4510 403 4575 accepta
430 4503 535 4560 ultimae
562 4504 745 4576 separationis
772 4512 801 4561 et
829 4505 948 4563 abeundi
975 4505 1095 4574 boeotia,
1149 4518 1260 4574 corpus.
1278 4501 1373 4558 Lotum
1392 4499 1481 4570 itaque
1501 4513 1563 4556 curn
1576 4498 1730 4556 reverentia
1744 4499 1827 4556 debiti
1841 4499 1951 4557 bonoris

287 4589 387 4648 etlusis
400 4591 464 4648 binc
490 4591 556 4650 inde
583 4591 702 4666 copiosis
725 4594 906 4666 lacrymarum
923 4594 1095 4659 fluminibus,
1149 4589 1317 4648 indumentis
1335 4585 1540 4660 pontificalibus
1561 4585 1687 4658 induunt,
1703 4595 1730 4644 et
1758 4587 1786 4643 in
1805 4586 1951 4644 ecelesiam

288 4696 379 4754 nsque
405 4679 442 4736 ad
469 4681 571 4738 natium
585 4680 682 4738 domus
696 4683 827 4741 recedam
839 4683 1026 4757 processisset,
1042 4698 1095 4740 vo·
1148 4678 1186 4736 B.
1201 4679 1316 4736 Andreae
1334 4675 1450 4750 apostoli
1471 4690 1534 4732 curn
1551 4673 1614 4732 tletu
1638 4679 1666 4731 et
1687 4683 1767 4734 cantu
1789 4684 1851 4732 ante
1865 4675 1953 4746 ipsius

288 4777 352 4826 cato
374 4768 515 4842 episeopus
538 4767 619 4827 tratre
634 4769 743 4828 interim
757 4771 800 4829 cui
814 4772 990 4830 commiserat
1003 4788 1094 4828 annu·
1149 4769 1238 4827 altare
1261 4768 1410 4840 deponunt.
1426 4764 1538 4821 btittitur
1556 4773 1583 4822 et
1602 4764 1663 4822 sine
1678 4780 1755 4822 mora
1767 4764 1814 4838 qui
1826 4763 1950 4822 Cantua-

287 4857 348 4914 lum
362 4874 450 4927 suurn,
466 4859 570 4932 accepit
584 4857 661 4916 illum
676 4859 712 4916 ab
726 4874 770 4927 eo,
787 4867 815 4917 et
829 4861 921 4918 statim
934 4860 1091 4933 subjunxit:
1148 4857 1209 4915 rino
1232 4855 1440 4926 archiepiscopo
1461 4853 1592 4911 Ansclmo
1607 4853 1681 4911 chari
1699 4852 1744 4910 sui
1761 4853 1862 4910 obitum
1878 4869 1952 4909 nun-

295 4941 410 5017 Vccote,
426 4946 523 5020 inquit,
539 4947 677 5007 abbatem.
692 4946 746 5019 Qui
768 4955 883 5008 vocatus
909 4949 1000 5021 rediit,
1013 4958 1042 5007 et
1058 4965 1095 5008 ex
1147 4947 1206 5016 tiet,
1221 4953 1248 5002 et
1261 4951 1291 5002 ut
1304 4943 1338 5002 ad
1351 4951 1501 5001 extremum
1516 4939 1642 4998 amicitia
1652 4957 1753 4999 munus
1767 4939 1875 5014 corpori
1889 4941 1951 5014 ejus

291 5042 432 5108 precepto
445 5036 566 5108 episcopi
585 5037 774 5098 medentibus
796 5038 1019 5111 enumeremus
1031 5056 1094 5096 nna·
1146 5034 1357 5108 persolvendum
1385 5030 1483 5101 veniat,
1512 5037 1603 5104 roget.
1622 5029 1685 5100 Qui,
1704 5029 1799 5089 nuntio
1827 5040 1949 5102 accepto,

292 5141 360 5182 num
383 5124 490 5182 abbatis
504 5125 615 5184 immisit
633 5127 778 5184 annulum.
796 5127 849 5198 Qui
863 5143 1054 5202 expavescens
1067 5134 1096 5188 ct
1148 5124 1307 5197 quantotius
1320 5123 1512 5180 R0V000⁸lfflffl
1526 5117 1640 5188 θῢθθᾱῑῑ»
1656 5127 1683 5174 θῑ
1705 5119 1785 5177 milii
1800 5121 1949 5194 ⁸¹⁸0tl¹¹l¹²s

294 5213 330 5270 ad
343 5213 383 5270 rei
396 5213 543 5271 novimtem
557 5215 762 5289 obstupefactus
774 5215 851 5282 Quid
864 5223 907 5276 cat
920 5217 981 5288 boc,
996 5217 1094 5291 inquit,
1149 5212 1241 5270 debita
1254 5211 1322 5269 satis
1335 5208 1520 5278 veneratione,
1535 5214 1618 5278 prout
1636 5205 1820 5280 episcopalem
1835 5207 1951 5265 decebat

292 5301 412 5360 bamam
426 5303 609 5362 Potcrtaca
622 5309 665 5362 cst
678 5305 736 5362 met
749 5305 859 5363 ordinis
872 5309 1016 5366 cacatum
1040 5307 1095 5364 bo-
1149 5301 1320 5377 dignitatem.
1333 5314 1385 5371 per
1398 5298 1490 5354 omssit
1513 5309 1676 5370 metuent,
1692 5313 1755 5353 eum
1781 5305 1842 5354 tute
1865 5297 1950 5354 altare

292 5391 377 5457 bere;
391 5407 454 5448 ram
468 5393 546 5450 actm
562 5393 661 5451 babitu
676 5395 833 5452 menuctus
856 5395 911 5452 ctat
934 5410 993 5452 aaa
1016 5398 1078 5452 atto
1084 5427 1097 5476 1.
1150 5389 1277 5447 crucifixi
1301 5387 1436 5455 eeclesia,
1451 5402 1532 5458 quam
1545 5386 1606 5459 ipse
1628 5403 1645 5443 a
1668 5383 1852 5444 fundamentis
1878 5401 1949 5445 con-

290 5480 366 5536 uode
380 5481 454 5538 mtbt'
466 5496 498 5539 re
512 5497 571 5540 aaa
584 5482 747 5540 macenaria
760 5485 877 5540 onerari
895 5484 1033 5556 sor-mido.
1053 5485 1096 5540 dd
1149 5485 1294 5548 struxerat,
1308 5474 1457 5534 tumulavit.

292 5569 351 5625 lroec
364 5568 532 5642 episcopus:
551 5571 867 5642 Samc,inquit,ittam,·
880 5573 938 5629 erit
951 5573 1030 5630 caim
1043 5573 1095 5630 tibt
1185 5567 1341 5640 Oquantus
1361 5563 1467 5622 interim
1489 5565 1684 5626 monachorum
1698 5566 1797 5636 luctus,
1812 5565 1951 5640 quosipso

290 5658 1095 5734 necessarimmoetaobcdiaartaracipiendcpcrststas,
1149 5657 1367 5732 aggregaveratl
1397 5653 1421 5711 0
1448 5663 1564 5725 quantus
1591 5657 1836 5714 sanctimonialium
1861 5655 1949 5726 lictus,

292 5747 360 5817 tata
372 5745 490 5820 eapedtt
503 5751 537 5803 ot
550 5747 603 5818 fiat
613 5748 685 5822 qaod
698 5747 768 5804 ecto.
780 5747 856 5806 Tunc
865 5748 914 5806 ille
927 5749 994 5806 satis
1010 5749 1096 5811 admi.
1149 5764 1217 5820 quas
1229 5754 1257 5804 et
1270 5745 1344 5819 ipsas
1358 5743 1459 5802 mundo
1481 5744 1663 5802 subduxerat!
1689 5747 1842 5817 Oquantus
1857 5742 1952 5815 populi

293 5847 367 5901 rans,
381 5842 408 5891 et
421 5834 550 5893 latentem
576 5835 658 5906 bajus
683 5835 722 5893 rei
750 5850 861 5893 musam
882 5853 997 5909 prorsus
1011 5837 1095 5912 igno-
1148 5837 1285 5911 planetus,
1304 5851 1387 5908 snper
1414 5847 1497 5905 quem
1523 5833 1741 5892 benedictionem
1768 5847 1845 5889 suam
1872 5829 1952 5887 toties

291 5938 370 5994 faus,
387 5928 499 5997 accepto
526 5923 627 5983 annulo
652 5923 773 5985 recessi.
799 5925 902 5984 Clausit
917 5934 1019 5998 tamen,
1033 5926 1094 6001 ipso
1148 5925 1273 5986 tuderatt
1289 5924 1313 5984 Ο
1327 5931 1444 5997 quantus
1458 5937 1608 5996 pauperum
1616 5921 1745 5995 gemitus,
1756 5937 1824 5993 quos
1833 5922 1949 5992 paterno
