4750 6725
303 592 354 647 989

747 592 862 651 aelst.
882 594 928 651 dD
945 596 1108 653 tbuot'tc.
1124 598 1293 657 THUlilNG.
1311 602 1511 659 stabolau.

1901 610 1953 665 990

301 715 394 771 anima
407 717 589 787 potestatibus
609 716 813 775 sublimioribus
840 719 950 775 subdita
972 719 1022 784 sit;
1046 719 1139 785 nonA
1156 722 1222 779 dere
1235 724 1249 777 t
1261 727 1302 779 An
1317 724 1386 782 ordo
1396 726 1504 783 videtur
1516 725 1575 797 tibi,
1590 728 1618 783 in
1633 743 1735 800 eorpus
1749 746 1829 786 snum
1852 747 1952 803 pecca-

300 813 341 861 cst
364 804 435 861 enim
457 814 586 879 potestas,
612 806 663 863 nisi
687 823 703 865 a
731 808 799 864 Deo.
821 808 873 878 Qui
892 825 958 882 ergo
976 810 1102 882 potestati

299 894 409 964 resistit,
421 895 472 952 Dei
483 894 646 954 ordinationi
660 896 760 952 resistit
770 897 863 967 (Rom.
880 899 953 968 xvir).
975 920 987 947 ι
1013 898 1101 967 Quem

300 983 425 1053 Apostoli
443 987 606 1042 sententiam
632 994 658 1041 tc
684 986 754 1041 male
777 986 937 1060 intelligere,
963 990 1043 1059 pejus
1062 988 1101 1042 in-

300 1073 454 1143 terpretari,
471 1072 596 1129 dicimus.
610 1074 640 1131 Si
649 1075 721 1130 enim
746 1075 836 1131 omnis
865 1084 987 1147 potestas
1009 1078 1101 1133 aDeo

301 1168 352 1229 est,
375 1168 405 1217 ut
427 1169 455 1217 tn
472 1162 614 1237 intelligis,
637 1163 702 1237 quid
724 1164 860 1234 estquod
887 1165 921 1221 de
940 1165 1100 1236 quibusdam

301 1249 766 1325 dioitDominusperpropbetam:
793 1276 803 1302 ιι
824 1252 879 1324 lpsi
907 1263 1098 1327 regnaverunt,

300 1354 333 1395 es
348 1354 403 1396 non
417 1356 453 1397 ex
467 1357 511 1397 me
527 1358 534 1404 ;
551 1342 866 1413 principesexstiternnt,
878 1351 906 1398 et
915 1360 971 1400 non
984 1345 1100 1417 cognovi

299 1428 374 1483 ensi
391 1452 402 1479 ιι
420 1428 494 1500 (Ore.
510 1430 620 1501 vru.)Si
630 1431 717 1486 omnis
730 1438 848 1501 potestas
861 1446 878 1487 a
892 1433 949 1489 Deo
962 1442 1003 1489 est
1017 1436 1056 1503 (ut
1074 1441 1101 1489 tu

300 1516 454 1589 intelligis),
467 1519 532 1589 quid
546 1520 671 1590 estquod
691 1520 728 1575 ait
746 1519 903 1575 Dominus:
929 1544 940 1567 ·
959 1522 988 1575 Si
1008 1524 1101 1579 oculus

299 1613 359 1662 tuus
368 1606 521 1663 scandaliza
529 1608 609 1675 verit,
620 1615 644 1663 te
652 1624 716 1665 erue
731 1624 792 1664 eum
807 1617 833 1665 et
848 1609 947 1681 projice
959 1610 1008 1666 abs
1023 1618 1048 1666 te
1063 1612 1098 1665 ‘ta

302 1694 400 1754 litora
421 1698 471 1767 ιιι.)
493 1694 566 1765 Quid
579 1696 650 1752 enirn
672 1703 712 1751 est
729 1705 859 1767 potestas,
885 1699 936 1753 nisi
958 1700 1055 1756 ocolus
1086 1699 1100 1751 ‘t

303 1783 380 1839 Certe
394 1784 564 1855 Augustinus
577 1786 605 1841 in
616 1786 786 1855 expositione
797 1786 1101 1857 apostolicaesenteatiae

300 1871 397 1942 (Rom.
413 1873 485 1943 nrt),
499 1894 510 1925 ι
522 1872 617 1929 Omnis
633 1874 724 1929 anima
742 1876 923 1946 potestatibus
933 1876 1100 1933 sublimiori·

301 1958 467 2017 bussubdita
476 1963 533 2017 sit:
553 1962 695 2031 »Quodsi
717 1972 847 2035 potestas,
877 1963 973 2037 inquit,
997 1966 1100 2036 aliquid
1120 2040 1121 2045 η

1155 826 1185 868 re
1199 812 1350 870 ‘fridelicet
1363 816 1444 885 (prob
1475 817 1572 887 pudor,
1601 819 1672 887 prob
1696 817 1774 874 nefas
1793 822 1812 889 t)
1836 836 1952 876 uxorem

1155 902 1293 972 propriam
1314 904 1410 959 sceleri
1439 905 1566 961 omnibus
1584 908 1691 962 saeculis
1715 908 1808 963 mundi
1831 909 1953 966 inaudito

1156 983 1272 1055 lupanar
1285 987 1402 1044 faeere‘?
1416 992 1456 1045 Au
1471 991 1540 1047 ordo
1555 991 1605 1045 tibi
1622 991 1736 1058 videtur,
1764 1008 1826 1048 cum
1854 992 1952 1050 Domi-

1155 1088 1207 1128 nus
1221 1074 1314 1133 dicat:
1331 1099 1342 1125 ι
1361 1078 1503 1134 Defendite
1517 1079 1625 1135 viduam
1642 1081 1748 1150 (leat),
1771 1104 1781 1131 ι
1799 1082 1948 1154 viduasju·
2017 1081 2022 1088 '

1155 1162 1219 1218 dieii
1233 1164 1388 1235 requietem
1401 1167 1570 1235 postulantes
1585 1169 1703 1225 nefanda
1721 1171 1950 1229 contaminatione

1154 1251 1347 1321 prostitueret
1362 1255 1427 1310 llaec
1450 1257 1498 1325 qui
1530 1257 1663 1325 ordinata,
1686 1260 1733 1329 qui
1759 1275 1826 1315 sana
1842 1259 1949 1331 dixerit,

1155 1339 1229 1395 hunc
1255 1341 1344 1397 insani
1368 1343 1465 1412 capitis
1492 1360 1564 1412 esse,
1589 1346 1701 1402 insanus
1721 1347 1795 1417 jurat
1827 1347 1948 1405 Orestes.

1155 1430 1247 1499 Usque
1257 1431 1292 1485 ad
1302 1432 1362 1486 lraec
1376 1432 1531 1489 miserrima
1546 1442 1670 1505 tempora
1693 1444 1789 1491 natura
1816 1445 1953 1494 secretum

1155 1518 1269 1587 amavit,
1284 1518 1333 1574 sed
1346 1521 1460 1575 traditus
1474 1523 1501 1576 in
1517 1522 1663 1593 reprobum
1672 1540 1783 1579 sensnm
1797 1541 1845 1581 rex
1866 1536 1955 1583 vester

1155 1614 1258 1662 naturae
1283 1608 1451 1664 involucrum
1475 1610 1586 1678 deterit,
1615 1612 1660 1683 qui
1688 1629 1797 1669 omnem
1821 1614 1951 1685 pudorem

1154 1694 1233 1765 penit
1246 1696 1274 1749 in
1288 1697 1444 1767 propatulo.
1464 1700 1499 1755 Ut
1512 1707 1604 1755 antem
1615 1700 1671 1768 illa,
1687 1718 1748 1773 quae
1758 1703 1817 1758 sine
1840 1718 1952 1760 numero

1154 1793 1225 1849 sunt,
1242 1792 1393 1854 taceamus,
1409 1786 1545 1853 videlicet,
1560 1791 1795 1846 concremationes
1817 1791 1954 1848 ecclesia·

1154 1887 1224 1937 rum,
1238 1872 1461 1944 depraedationes,
1479 1877 1637 1945 homicidia,
1653 1878 1787 1949 incendia,
1808 1882 1954 1937 truncatio-

1156 1976 1215 2029 nes,
1232 1970 1258 2017 et
1273 1961 1315 2016 bis
1329 1962 1439 2030 similia,
1455 1980 1515 2036 quae
1525 1965 1572 2021 ille
1586 1975 1685 2036 potest,
1712 1982 1763 2023 nos
1790 1984 1950 2026 enumerare

299 2048 395 2119 jubeat
406 2050 477 2122 qnod
489 2058 585 2108 eontra
600 2052 686 2107 Deum
702 2052 746 2121 sit,
763 2052 807 2109 bic
819 2060 962 2111 contemne
977 2062 1099 2124 potesta·
1115 2082 1142 2142 B
1157 2064 1211 2105 nou
1226 2066 1372 2120 possumus
1388 2069 1393 2106 :
1411 2067 1453 2120 ea,
1477 2069 1537 2123 que
1568 2056 1690 2111 maxime
1719 2057 1871 2111 Ecclesiam
1901 2058 1952 2113 Dei

301 2144 355 2193 tem
368 2158 375 2203 ;
387 2139 509 2196 timendo
525 2140 587 2213 [non
602 2140 732 2211 timendo]
753 2149 914 2211 potestatem
932 2160 939 2197 :
969 2142 1097 2214 alioquin,

303 2248 315 2275 ι
333 2228 454 2299 nunquid
468 2228 599 2301 iniquitas
623 2229 694 2300 apud
708 2230 854 2286 Dominum
871 2232 885 2283 ‘l
902 2232 992 2301 (Dana.
1023 2235 1063 2300 tx)
1086 2256 1097 2281 ι

300 2316 424 2388 nunquid
438 2316 559 2373 Christus
572 2318 677 2388 peccati
691 2316 816 2375 minister
829 2320 890 2375 est‘t
905 2319 1005 2375 Absitl
1029 2319 1101 2390 Quid

302 2419 367 2477 ergo
382 2404 504 2462 dicemus
516 2408 531 2461 f
544 2406 672 2478 Nunquid
686 2406 721 2462 ab
735 2407 982 2477 Apostolodiversa
996 2417 1101 2465 senteu-

303 2491 342 2549 tia
356 2494 507 2565 prophetie
522 2496 666 2566 evulgatur
679 2496 693 2549 i
708 2495 873 2566 Augustinus
890 2497 1028 2553 :llinime
1056 2498 1101 2554 Di·

304 2598 397 2639 versas
408 2583 488 2639 tibias
502 2584 577 2640 inflat
590 2584 701 2655 spiritus
714 2602 792 2641 nnus.

340 2720 359 2750 ιιΙ
370 2702 463 2773 ltaque
477 2700 621 2757 audiamus
639 2701 797 2773 Apostolum
823 2702 1046 2771 concordantem,
1076 2711 1103 2759 et

305 2790 425 2861 seipsum
439 2799 633 2861 exponentem,
650 2798 678 2846 et
688 2790 825 2847 inimicum
841 2792 1009 2863 ultoremque
1024 2808 1101 2847 suum

307 2880 511 2935 destruentem:
535 2901 546 2927 ιι
575 2880 637 2935 Nou
661 2887 711 2949 est,
734 2880 829 2951 inquit,
856 2889 989 2951 potestas,
1016 2882 1102 2937 nisia

307 2968 378 3023 Deo.
401 2990 412 3017 ι
430 2965 501 3036 Quid
515 2968 662 3038 sequitur‘l
679 2990 689 3016 ι
704 2966 756 3037 Qui
765 2982 842 3041 ergo,
852 2969 950 3040 inquis,
974 2972 1102 3041 potestati

311 3056 413 3111 resistit
427 3057 593 3127 (liemaro),
611 3078 621 3105 n
649 3061 677 3114 et
699 3057 813 3129 reliqua.
835 3059 938 3115 Absit!
961 3060 1023 3116 Non
1051 3062 1103 3119 boc

304 3144 492 3215 sequitur,sed
506 3144 760 3216 quidsequitnr‘in
785 3144 853 3215 Quae
877 3155 967 3204 autem
990 3157 1062 3219 sunt,
1087 3166 1102 3205 a

305 3232 363 3290 Dee
378 3232 503 3289 ordinata
517 3241 579 3289 sunt
593 3234 696 3305 (itta).
725 3258 736 3284 ιι
761 3236 868 3307 Nempe
891 3237 943 3293 boe
966 3238 1102 3311 estquod

306 3321 458 3395 quaerimus.
475 3322 498 3380 0
514 3322 608 3398 lingua
622 3323 718 3382 dolosa
735 3325 741 3380 l
757 3340 831 3382 ocor
858 3326 1014 3382 machinans
1041 3344 1101 3383 ma-

304 3411 370 3478 lum,
386 3412 496 3482 spiritus
510 3413 612 3469 vadens
625 3421 652 3470 et
675 3431 729 3471 nou
751 3414 870 3483 rediens,
900 3431 948 3471 eur
976 3419 1141 3501 mentitusC

305 3515 335 3556 es
346 3499 457 3571 Spiritui
471 3507 566 3558 sancto
580 3502 595 3554 ‘l
608 3503 712 3576 Arguat
726 3509 752 3558 te
766 3504 932 3560 conscientia
947 3508 1004 3560 tua.
1033 3507 1101 3562 Ecce

304 3589 375 3662 fugit
389 3589 488 3660 impius
502 3591 612 3647 nemine
626 3601 812 3663 persequente.
830 3593 883 3648 Cur
897 3601 926 3649 ut
949 3593 1101 3665 deciperes,

306 3679 476 3750 supprimere
491 3680 633 3736 veritatem
646 3679 754 3737 voluisti
767 3679 848 3737 ider
868 3681 1026 3750 medullam,
1055 3698 1104 3739 eur

306 3765 426 3823 animam
442 3768 523 3838 hujus
537 3768 678 3826 sententiae
689 3767 794 3824 furatus
812 3783 841 3826 es
862 3770 877 3824 i
895 3769 975 3838 Nam,
1003 3770 1025 3826 si
1043 3772 1103 3828 bec

306 3856 390 3912 verba
400 3856 535 3914 demedio
545 3858 851 3928 sentenriaeapostolirae
866 3857 1003 3928 tollantur,
1032 3875 1100 3916 eon·

305 3945 390 4000 traria
405 3945 460 4000 sibi
475 3945 673 4004 inconveniens
688 3958 715 4004 et
726 3948 859 4004 exanimis
870 3947 985 4020 jacebit.
1001 3947 1101 4020 Imple-

303 4041 347 4088 tur
358 4050 448 4091 sermo
464 4034 591 4090 divinus:
609 4059 621 4084 ι
639 4035 691 4104 Qui
719 4044 796 4108 parat
821 4039 951 4107 proximo
979 4053 1027 4094 suo
1055 4037 1100 4094 fo-

302 4137 392 4190 veam,
403 4122 507 4179 incidet
518 4123 543 4179 in
555 4139 615 4180 eam
633 4127 728 4194 (Pron.
747 4127 835 4194 xxiv).
852 4125 954 4182 -certe
971 4142 1021 4183 nee
1040 4127 1099 4182 cul-

302 4227 365 4282 pam
380 4211 443 4267 forti
457 4229 507 4268 nec
519 4228 628 4283 poeuam
643 4213 760 4269 evadere
775 4213 885 4284 poteris.
898 4213 968 4282 Quid
996 4215 1098 4286 infelix,

306 4300 370 4370 quid
383 4301 471 4371 judici
499 4310 622 4370 venturo,
648 4317 709 4358 cum
738 4303 860 4358 acervis
887 4303 1100 4375 negotiatoribus

1156 2143 1283 2209 gravant,
1300 2139 1452 2209 loquamur.
1467 2141 1535 2197 Audi
1547 2158 1613 2214 ergo
1627 2160 1701 2210 vera,
1710 2160 1764 2200 non
1778 2146 1878 2214 fucata,
1889 2146 1953 2203 andi

1154 2225 1245 2292 fortia,
1261 2244 1317 2283 non
1331 2228 1428 2284 faceta.
1446 2229 1541 2286 Omnis
1555 2231 1600 2300 qui
1627 2231 1774 2304 dignitates
1801 2234 1954 2304 spirituales

1155 2314 1258 2381 vendit,
1281 2317 1427 2373 haereticus
1452 2327 1503 2375 est.
1532 2319 1665 2376 Dominus
1689 2329 1780 2377 autem
1808 2322 1952 2391 Henricus,

1156 2419 1235 2475 qoem
1252 2420 1345 2477 regem
1358 2406 1460 2476 dieunt,
1477 2408 1649 2479 episcopatus
1663 2409 1823 2465 etabbatias
1837 2412 1947 2476 rendit;

1156 2492 1256 2547 etenim
1271 2494 1514 2563 constantiensem,
1536 2496 1801 2569 Dabenbergensem,
1831 2500 1950 2572 liogan-

1157 2580 1336 2650 tinensem,et
1350 2583 1443 2655 plures
1456 2584 1526 2639 alias
1547 2600 1598 2656 pro
1620 2586 1745 2656 pecunia,
1770 2587 1951 2658 Ratisponcn·

1156 2685 1225 2738 sein,
1238 2674 1446 2741 augustensem,
1463 2672 1704 2745 strazburgensem
1720 2690 1769 2746 pro
1783 2675 1888 2747 gladie,
1904 2676 1951 2733 ab·

1157 2757 1259 2815 baliam
1281 2760 1442 2816 Fuldensem
1469 2777 1518 2831 pro
1542 2762 1684 2831 adulterio,
1713 2764 1951 2822 monasteriensem

1157 2847 1576 2920 episcopatum(quoddicereet
1603 2852 1697 2909 andus
1719 2851 1796 2909 naias
1819 2856 1873 2924 est)
1900 2870 1952 2925 pro

1158 2936 1330 2994 Sodomitics
1337 2939 1509 3017 immunditia
1522 2940 1653 2996 vendidit.
1668 2939 1735 3010 Qnae
1759 2943 1783 2996 si
1809 2942 1953 3014 impuden-

1158 3033 1198 3081 ter
1208 3042 1312 3097 negare
1325 3028 1455 3094 volueris,
1470 3032 1628 3096 testeterra,
1643 3044 1739 3086 omnes
1748 3030 1831 3087 etiam
1845 3031 1950 3089 afurno

1156 3115 1301 3172 redeuntes
1314 3116 1391 3172 scioli
1404 3117 1576 3173 concludent.
1590 3117 1653 3191 Ego
1675 3119 1802 3175 dominus
1820 3120 1955 3177 llenmcas

1157 3205 1362 3261 hoeretieusest.
1378 3206 1428 3261 Pro
1438 3206 1536 3278 quibus
1549 3205 1675 3264 nefandis
1687 3208 1767 3264 melis
1776 3208 1812 3263 ab
1839 3216 1952 3280 aposto·

1157 3294 1208 3352 lica
1221 3295 1286 3351 sede
1300 3296 1567 3366 excommunicatus,
1582 3312 1633 3353 nec
1642 3312 1767 3368 regnum,
1776 3313 1827 3353 nec
1838 3306 1955 3370 potesta·

1156 3394 1210 3442 tem
1226 3385 1510 3456 aliquamsuparnos,
1539 3386 1602 3456 quia
1624 3386 1756 3443 Catholici
1779 3402 1884 3456 sumus,
1903 3403 1953 3458 po-

1155 3474 1218 3530 terit
1232 3474 1366 3529 obtinere.

1194 3611 1205 3636 a
1223 3588 1303 3656 Sane,
1319 3587 1387 3657 quia
1406 3588 1524 3642 fratrum
1538 3602 1589 3642 nos
1603 3586 1675 3643 odiis
1689 3588 1800 3662 fatigas,
1831 3589 1953 3663 intellige

1156 3674 1222 3730 nulli
1238 3690 1287 3729 nos
1297 3676 1390 3730 odium
1406 3676 1440 3731 de
1450 3673 1632 3743 inaffectione,
1648 3675 1696 3731 sed
1720 3678 1755 3733 de
1782 3677 1881 3749 pietate
1908 3679 1953 3732 in·

1156 3764 1278 3820 tendere.
1294 3764 1372 3819 Absit
1390 3771 1420 3820 nt
1438 3763 1577 3820 dicamus:
1604 3765 1737 3822 ilenricus
1757 3765 1827 3821 inter
1852 3766 1954 3822 fratres

1155 3861 1202 3908 aut
1224 3852 1393 3910 Christianos
1420 3861 1567 3924 reputetur,
1584 3853 1629 3925 qui
1658 3854 1736 3909 toties
1763 3854 1952 3925 corripientem

1154 3940 1304 3996 Ecclesiam
1315 3957 1370 3997 non
1385 3942 1508 4008 audiens,
1518 3942 1588 3996 sicut
1600 3941 1724 3996 ethnicus
1746 3949 1772 3996 ct
1789 3941 1952 4013 publicanus

1155 4030 1277 4085 habetur.
1303 4031 1386 4101 Cujus
1414 4031 1507 4086 odium
1532 4045 1584 4100 pro
1610 4044 1710 4102 magno
1728 4029 1861 4086 sacrificio
1894 4031 1953 4088 Deo

1154 4117 1304 4188 offerimus,
1329 4119 1437 4174 dicente
1459 4135 1521 4172 cum
1541 4118 1704 4174 Psalmista:
1730 4141 1741 4169 ι
1768 4119 1865 4175 Nonne
1906 4119 1953 4192 qui

1154 4207 1316 4276 oderuntte,
1333 4207 1458 4274 Domine,
1469 4208 1721 4277 oderam,etsuper
1741 4207 1867 4264 inimicos
1892 4215 1952 4263 tuos

1155 4295 1329 4352 tabescebam
1340 4295 1487 4366 fperfeuto
1497 4295 1561 4353 odio
1575 4295 1686 4351 oderam
1699 4295 1772 4360 illos,
1798 4303 1826 4350 et
1848 4295 1952 4352 inimici

301 4389 391 4444 loeum
421 4391 455 4462 [s.
484 4389 599 4462 lucrum]
620 4389 749 4462 requiret,
780 4405 958 4463 responsurus
985 4407 1024 4459 es,
1055 4391 1099 4462 qui
1152 4383 1216 4440 facti
1232 4392 1293 4439 sunt
1307 4384 1374 4438 milri
1390 4384 1630 4452 (Psatuxxvur).
1653 4382 1763 4451 aCujus
1786 4382 1843 4438 odii
1863 4383 1953 4455 digni-

300 4478 584 4549 Dominicoepeotmiae
607 4478 746 4536 fraudator
769 4477 797 4533 in
821 4479 940 4535 medium
967 4479 1099 4548 produxe-
1152 4477 1237 4530 tatem
1249 4472 1355 4529 Veritas
1371 4471 1575 4539 commendans,
1586 4471 1642 4525 nit:
1660 4489 1673 4521 ι
1691 4469 1722 4525 Si
1737 4470 1797 4540 quis
1814 4485 1869 4527 non
1888 4472 1954 4528 ode·

301 4564 338 4620 ris
351 4565 366 4619 f
380 4566 470 4636 Quare
484 4581 539 4623 non
551 4567 682 4638 judicium
698 4571 728 4624 et
741 4567 868 4639 laqueum
889 4567 1037 4639 proditoris
1063 4569 1098 4622 ti·
1151 4563 1185 4618 rit
1196 4572 1310 4635 pafrem,
1326 4571 1354 4617 θῑ
1367 4568 1494 4626 mairem·
1504 4568 1530 4616 θῑ
1543 4560 1643 4614 ΐῆῑΐθῦ
1663 4565 1690 4613 0¹
1714 4573 1832 4628 ⁸0r⁰f⁰⁸s
1862 4560 1951 4618 adbuc

301 4655 401 4724 muisti,
413 4669 448 4711 ne
462 4655 579 4710 similem
594 4661 697 4712 reatum
713 4656 809 4714 similis
823 4655 943 4713 vindicta
971 4672 1096 4728 sequore-
1152 4662 1242 4708 autern
1258 4660 1286 4708 et
1299 4651 1516 4718 animamsuam,
1532 4663 1586 4703 non
1600 4654 1690 4720 potest
1713 4663 1792 4705 meus
1810 4665 1870 4705 esse
1891 4649 1950 4704 dis·

300 4743 368 4798 torf
383 4741 539 4800 Praevidens
553 4759 603 4814 per
618 4745 746 4814 Spiritum
761 4753 883 4802 sanetum
898 4745 1044 4816 Apostolus
1059 4753 1093 4816 te,
1156 4741 1350 4813 cipulus(f.ac.
1367 4751 1435 4810 ιιι).
1453 4761 1465 4788 ιι
1481 4739 1542 4794 Non
1556 4739 1663 4811 ergode
1677 4737 1742 4794 odio
1758 4739 1831 4809 juste
1854 4753 1951 4808 repre-

299 4832 392 4903 tuique
420 4831 526 4888 similes
553 4833 697 4889 haereticos
725 4833 752 4888 in
780 4833 901 4890 Ecclesia
928 4851 1091 4906 emersuros,
1117 4791 1288 4898 Dlacudunt,
1311 4829 1357 4901 qui
1380 4829 1499 4884 ammam
1515 4835 1648 4894 nostram,
1665 4842 1728 4882 cnm
1746 4841 1764 4880 a
1781 4825 1826 4881 via
1839 4825 1890 4881 Dei
1907 4841 1954 4880 ex-

299 4920 345 4992 qni
373 4919 475 4976 bonnm
503 4918 616 4990 malum,
646 4928 672 4976 et
700 4921 801 4977 malum
827 4923 928 4978 bonum
969 4923 1099 4990 dicerent,
1154 4918 1528 4990 orbitamus,quipatremet
1549 4924 1674 4981 matrem,
1692 4923 1720 4970 et
1740 4928 1849 4969 omnem
1867 4912 1953 4969 affec·

307 5008 353 5078 qui
374 5009 502 5065 tenebras
524 5008 624 5076 lucem,
648 5017 675 5064 et
702 5009 790 5066 lucem
819 5011 943 5066 tenebras
968 5019 1104 5081 ponerent
1155 5015 1222 5075 tum,
1233 5007 1278 5078 qui
1293 5007 1372 5061 nobis
1386 5005 1414 5059 in
1427 5005 1473 5062 via
1487 5004 1537 5059 Dei
1552 5003 1651 5072 obstat,
1664 5003 1757 5058 odisse
1765 5001 1954 5074 pmoipimur.

301 5099 366 5168 (lsa.
384 5097 422 5168 v),
440 5096 486 5168 qui
500 5097 536 5153 de
544 5097 691 5172 sententiis
704 5098 825 5154 veritatis
840 5099 1009 5155 occasionem
1026 5099 1102 5154 indu·
1154 5094 1346 5164 ludeestquod
1361 5091 1542 5158 omnistndie,
1556 5091 1632 5146 omni
1655 5097 1753 5146 conatu
1776 5091 1947 5158 laboramus,

305 5185 385 5241 cendi
401 5185 656 5257 erroriscoptarent
676 5203 736 5241 cum
766 5187 939 5258 praemisisset
968 5205 975 5242 :
1002 5211 1014 5238 ι
1041 5189 1101 5244 Non
1154 5179 1833 5251 uthestesEcctesiaeuosquoqueutadversarios
1852 5195 1954 5238 cavea·

306 5276 346 5324 est
361 5269 584 5338 potestas,nisia
605 5269 673 5339 Deo,
692 5291 703 5318 r
733 5279 762 5326 ut
788 5271 970 5341 conjecturam
994 5271 1101 5344 reprobi
1155 5278 1265 5341 mus,et
1279 5270 1406 5340 nunquia
1420 5267 1573 5334 nostrised
1598 5266 1662 5337 quia
1677 5264 1728 5323 Dei
1754 5266 1858 5324 inimici
1880 5277 1952 5339 sunt,

305 5354 620 5428 intellectusamputaret
636 5375 642 5412 :
657 5379 668 5405 ι
684 5357 750 5427 Quae
765 5367 936 5430 antemsunt,
961 5360 1056 5434 inqrvit,
1085 5379 1102 5416 a
1154 5358 1387 5416 odiohabeamus.
1409 5358 1491 5412 l'orro
1510 5354 1583 5428 quod
1612 5355 1646 5412 de
1667 5371 1736 5427 paee
1754 5358 1954 5414 cumomnibus

302 5445 361 5500 Deo
379 5443 592 5501 ordinatesnnt.
614 5446 776 5518 ·Daigitur
801 5455 961 5517 potestatem
989 5451 1101 5504 ordina·
1154 5447 1312 5504 hominibus
1327 5445 1452 5500 habenda
1470 5443 1631 5515 persuades,
1667 5444 1823 5501 meminisse
1854 5445 1949 5514 debes,

302 5537 369 5602 tam,
382 5541 408 5589 et
423 5548 477 5590 non
491 5533 656 5601 resistemus,
673 5533 727 5590 imo
742 5534 867 5592 dabimus
877 5535 950 5591 illico
965 5551 1069 5592 monus.
1155 5537 1218 5608 qnia
1240 5534 1374 5608 praemisit
1388 5532 1535 5605 Apostolus
1559 5551 1593 5590 .·ι
1610 5531 1708 5589 Sifieri
1735 5543 1826 5607 potest
1843 5533 1949 5607 gaam

341 5643 352 5670 ι
367 5623 449 5679 Miror
464 5631 564 5689 autem,
580 5621 640 5678 siin
655 5630 680 5678 te
694 5623 740 5678 val
768 5631 845 5695 gutta
873 5624 1023 5695 sanguinis,
1049 5632 1098 5694 est,

301 5713 439 5783 quodnon
452 5709 589 5767 erubescis
603 5711 745 5768 dominum
761 5711 908 5768 ilenrieum
936 5727 1029 5782 regem
1057 5712 1101 5767 di·

303 5818 375 5868 cere,
386 5801 430 5858 vel
445 5799 571 5857 ordinem
585 5799 694 5857 habere.
710 5803 750 5856 dn
764 5801 834 5858 ordo
849 5799 896 5856 tibi
924 5801 1032 5858 videtur
1057 5802 1101 5873 jus

302 5889 368 5946 darc
383 5889 491 5962 sceleri,
506 5887 546 5946 ias
562 5889 690 5962 nefasque
701 5888 793 5946 divina
806 5898 833 5946 et
847 5889 967 5947 bumana
987 5889 1099 5948 confun-

1156 5641 1195 5678 xll
1210 5645 1241 5677 .a

1193 5627 1205 5760 Ξ
1223 5711 1454 5768 Fieriautemnou
1467 5719 1598 5782 potestat
1610 5728 1672 5768 cum
1695 5711 1729 5767 iis
1745 5712 1792 5783 qui
1809 5712 1868 5767 Deo
1886 5724 1954 5768 eou-

1157 5801 1233 5857 trarii
1259 5810 1318 5858 snut
1350 5817 1446 5873 pacem
1476 5801 1632 5857 babeamus.
1669 5795 1736 5869 Quis
1767 5805 1856 5855 autem
1899 5811 1954 5853 ne-

1158 5890 1226 5950 sciat
1236 5890 1379 5949 Dominum
1391 5891 1572 5961 Salvatorem,
1582 5904 1639 5946 non
1652 5888 1740 5945 solum
1761 5899 1861 5959 pacem
1876 5899 1955 5943 com-
