4750 6725
395 630 429 686 to
678 627 706 685 S.
723 626 876 685 tristatatt
895 622 1069 682 clowen.
1087 612 1253 674 alictiOEP.
1269 614 1345 676 OPP.
1362 618 1450 677 raas
1464 620 1511 675 lll.
1527 652 1563 663 -
1577 620 1751 679 EPISOLAE.
2009 628 2053 683 20

433 753 591 826 Quousque,
614 751 772 809 dulcissime
794 749 913 818 domine,
937 744 1074 804 desideria
1100 738 1293 803 nostrsAbis
1321 746 1500 816 expetebatur
1529 748 1703 805 concessione
1731 750 1762 819 ⁸⁸,
1778 765 1873 806 omnes
1905 750 1934 806 in
1962 768 2053 808 unum

397 843 564 915 suspendis‘l
577 856 719 913 quousque
733 840 840 895 animas
854 844 961 893 nostras
975 835 1047 891 tollis
1056 832 1109 889 tsi
1126 840 1153 886 tu
1163 848 1193 886 es
1249 836 1408 907 congregati
1425 851 1529 902 sumus,
1543 838 1728 910 unusquisque
1737 849 1859 894 nostmm
1875 840 1909 895 de
1920 855 1969 895 sua
1982 856 2053 896 sen-

397 933 443 1005 qui
458 940 588 988 venturus
602 947 643 997 es,
659 928 795 983 veniendo
805 926 839 981 sd
852 941 911 997 nos,
921 925 1037 980 ostende
1047 937 1054 992 ;
1066 919 1193 977 necvelis
1247 922 1329 977 tentis
1344 926 1380 976 ab
1394 939 1428 979 eo
1442 924 1487 996 qui
1512 924 1678 997 presidebat
1698 929 1855 983 nominatim
1870 937 1912 983 est
1931 930 2051 1000 requisi-

397 1021 498 1076 diutius
520 1020 623 1075 bonum
651 1015 770 1082 differre,
784 1013 856 1087 quod
885 1016 920 1069 ab
946 1022 1050 1069 aeterno
1077 1010 1192 1067 consilio
1246 1017 1302 1065 tus.
1321 1012 1404 1067 llulta
1419 1012 1482 1069 bine
1497 1024 1522 1069 et
1537 1014 1647 1070 diversa
1663 1015 1742 1071 nobis
1753 1032 1835 1073 sensa
1848 1024 1876 1072 et
1887 1018 2047 1087 dictasunt,

396 1109 547 1180 proiectum
562 1108 685 1161 humano
700 1104 793 1175 generi
808 1102 930 1159 Christus
951 1102 1080 1171 dignatus
1093 1116 1122 1153 es
1135 1099 1191 1153 im·
1246 1115 1306 1170 quae
1322 1101 1403 1157 modo
1419 1103 1577 1173 replicanda
1591 1112 1617 1158 at
1632 1105 1793 1176 exponenda
1809 1105 1886 1161 vobis
1900 1106 2010 1163 minime
2020 1107 2048 1139 '⁷

394 1196 498 1269 pertiri.
514 1195 649 1265 Alioquin,
667 1192 703 1247 mi
716 1191 884 1259 dulcissime,
898 1190 1071 1248 commovisti
1082 1195 1190 1244 terram

1244 1196 1307 1243 sunt
1324 1188 1424 1244 :finem
1441 1199 1541 1246 tantum
1558 1193 1643 1265 ipsius
1658 1193 1697 1248 rei
1713 1204 1920 1265 propterquam
1936 1210 2044 1252 conre-

394 1284 681 1342 elsoattsrbustiecos
692 1282 854 1352 ,potiusque
871 1278 1108 1335 essetmortisnon
1129 1278 1188 1332 dis-

391 1372 492 1443 pendia
505 1370 672 1440 sustinuisse,
689 1386 771 1442 quam
786 1384 868 1440 super
887 1372 933 1424 tuo
956 1367 1066 1423 nomine
1086 1366 1189 1436 aliquid

392 1474 511 1531 unquam
525 1460 679 1531 accepisse.
699 1456 769 1527 Quid
782 1459 854 1513 euim
870 1456 1010 1528 putas,qui
1021 1458 1188 1527 tactusque

390 1546 520 1620 lacrymae
535 1547 679 1604 adversum
695 1555 720 1602 te
735 1545 817 1602 hodie
842 1545 989 1601 tunduntur
1000 1541 1031 1613 ι’,
1047 1560 1109 1617 quae
1122 1548 1188 1599 sate

391 1637 444 1692 hoc
458 1644 567 1708 tempus
581 1637 608 1690 iu
623 1643 773 1708 conspectu
786 1633 836 1690 Dei
852 1632 1110 1706 profundebantur?
1120 1631 1188 1702 Quae

389 1725 480 1794 major
500 1731 589 1795 potest
613 1740 673 1780 esse
694 1722 814 1789 miseris,
830 1737 910 1794 quam
934 1724 1073 1787 homines,
1088 1720 1188 1793 quibus

390 1814 467 1885 quasi
482 1812 570 1869 noxiis
584 1812 742 1868 humoribus
757 1827 856 1883 corpus
870 1809 999 1866 Ecclesia
1013 1809 1186 1882 gravabatur,

388 1900 546 1973 nuperrime
566 1900 668 1958 vidisse
689 1899 832 1967 exclusos;
857 1899 883 1955 ei
904 1914 977 1953 nuuc
998 1898 1110 1953 eosdem
1133 1913 1187 1953 non

387 1990 471 2046 modo
484 1989 622 2059 exclusos,
631 2005 725 2045 verum
737 1990 819 2044 etiam
830 1988 924 2043 ridere
934 1988 1046 2057 corpori
1058 1986 1187 2042 Ecclesiae

1243 1276 1341 1345 nimus,
1362 1278 1481 1335 breviter
1504 1279 1583 1335 vobis
1604 1280 1796 1337 intimabimus.
1822 1282 1888 1338 Pars
1914 1284 2044 1356 quaedam

1245 1372 1377 1434 nostrum,
1393 1369 1519 1436 quamvis
1536 1385 1586 1442 pro
1602 1369 1672 1426 dulci
1692 1378 1719 1426 et
1741 1371 1820 1427 unico
1839 1373 1947 1443 pietatis
1970 1388 2044 1445 erga

1243 1469 1292 1509 vos
1305 1452 1400 1511 ellectu
1422 1456 1502 1512 valde
1525 1458 1622 1513 dolens
1645 1465 1726 1531 atque
1747 1460 1840 1526 tristis,
1856 1470 1968 1533 propter
1988 1462 2044 1517 liei

1243 1549 1334 1599 tamen
1350 1553 1461 1613 metum,
1476 1545 1555 1616 cujus
1568 1546 1595 1602 id
1611 1554 1676 1603 nutu
1690 1555 1771 1620 atque
1791 1548 1905 1606 consilio
1920 1551 1964 1624 aqi
1981 1565 2045 1606 cre-

1243 1631 1327 1701 ditur,
1344 1631 1462 1689 libenter
1475 1635 1510 1689 asl
1525 1635 1659 1691 honorem
1676 1644 1702 1691 et
1720 1637 1894 1694 commodum
1910 1633 2045 1696 Ecclesiae

1244 1717 1304 1783 Dei,
1322 1719 1470 1775 secundum
1487 1722 1559 1792 quod
1575 1738 1623 1777 vos
1643 1722 1724 1777 stiam
1747 1723 1895 1792 consulitis,
1912 1725 1984 1797 quod
2004 1726 2045 1782 de

1243 1806 1321 1861 vobis
1343 1806 1443 1876 petitur
1465 1810 1609 1873 coneedit:
1627 1826 1689 1883 pars
1709 1828 1775 1868 vero
1799 1822 1921 1870 nostrum
1945 1814 2043 1881 altera,

1243 1909 1293 1949 suo
1308 1896 1398 1965 potius
1413 1912 1496 1969 quarn
1511 1906 1600 1955 vestro
1616 1906 1696 1955 utens
1716 1909 1798 1972 atque
1820 1898 1909 1957 fidens
1926 1902 2045 1959 consilio

1243 1983 1388 2039 ardentiori
1402 2003 1409 2052 ;
1426 1992 1515 2058 atque,
1531 1986 1620 2043 utsibi
1630 1988 1771 2058 videbitur,
1782 1990 1888 2046 rectiori
1899 1993 2044 2059 ⁸·‚amoris

387 2077 601 2151 incorporatos?
616 2079 697 2147 Puta,
712 2078 749 2132 mi
763 2076 920 2133 dulcissime
933 2076 1066 2143 omnium,
1084 2075 1186 2129 sdver—
1200 2088 1227 2149 B
1242 2072 1324 2128 vestri
1348 2074 1416 2143 zelo,
1433 2076 1544 2131 minime
1563 2075 1592 2132 ld
1609 2078 1744 2147 concedit,
1761 2094 1811 2135 nec
1830 2080 1864 2134 sd
1882 2078 2042 2136 conceden-

385 2183 444 2223 sum
456 2174 485 2223 te
498 2166 565 2222 istas
579 2183 640 2223 esse
655 2166 789 2237 querelas.
804 2165 917 2221 lliccine
937 2171 980 2219 est
1001 2163 1057 2229 ille,
1073 2162 1109 2218 ds
1129 2178 1183 2236 quo
1241 2160 1365 2217 damulti
1382 2164 1514 2230 majomm
1529 2181 1558 2220 se
1578 2164 1637 2221 sive
1660 2166 1795 2223 minorum
1816 2168 2039 2240 persuasionibus

383 2260 489 2311 tanturn
503 2254 700 2328 gaudebamus,
715 2253 749 2309 de
772 2270 827 2327 quo
852 2263 906 2309 tam
934 2268 1033 2327 magns
1054 2252 1183 2308 audieba·
1237 2249 1327 2321 aliquo
1344 2251 1425 2307 modo
1440 2253 1597 2324 acquiescit.
1620 2253 1687 2324 Qua
1708 2262 1796 2311 autem
1820 2271 1882 2329 pars
1905 2257 2033 2325 alteram,

384 2345 556 2400 musilicce
570 2347 708 2415 quomodo
721 2359 770 2398 nos
782 2342 900 2413 decepit,
917 2340 1055 2413 quomodo
1077 2341 1182 2396 animas
1236 2344 1281 2392 aut
1317 2354 1430 2395 numero
1466 2349 1514 2395 aut
1547 2342 1651 2397 ratione
1684 2344 1885 2416 praeponderet,
1915 2346 2034 2401 domnus

384 2443 495 2488 uestras
519 2431 665 2487 inter-lecit.
682 2427 930 2503 Expectavimus⁸‘
952 2445 1060 2501 passm.
1077 2436 1105 2485 et
1127 2445 1181 2483 uon
1236 2428 1413 2496 Laulrnncus,
1441 2429 1486 2500 qui
1514 2429 1643 2491 interluit.
1665 2435 1694 2487 et
1720 2434 1811 2487 omnia
1838 2433 1883 2489 hic
1909 2434 1982 2504 apud
2010 2433 2033 2468 ⁸·

380 2525 424 2576 est
437 2521 539 2575 bonurn
553 2537 562 2590 ;
578 2528 686 2591 tempus
699 2520 825 2587 medelae,
836 2526 863 2574 et
875 2520 1060 2575 aspectamus.
1071 2518 1182 2573 lliceins
1237 2530 1285 2571 uos
1299 2524 1377 2587 gesta
1388 2518 1447 2572 slve
1462 2516 1535 2573 dicta
1557 2529 1584 2574 et
1607 2518 1675 2574 vidit
1697 2528 1724 2576 et
1746 2522 1857 2586 audivit,
1874 2521 2033 2593 plenissime

381 2617 422 2666 cst
436 2608 493 2680 ille,
509 2624 589 2682 quem
606 2608 747 2666 Osbemus
762 2608 814 2663 hos
826 2607 954 2664 tredecim
979 2622 1065 2663 annos
1076 2606 1111 2662 ad
1135 2622 1183 2678 po·
1236 2605 1414 2676 perseipsum
1430 2611 1457 2661 et
1472 2604 1635 2663 sufficienter
1649 2609 1726 2665 vobis
1741 2610 1820 2665 dicet.
1831 2612 1888 2665 Nos
1901 2611 1971 2666 enim
1981 2612 2035 2667 ista

380 2697 475 2770 pulum
500 2706 640 2769 tantopere
661 2696 789 2767 laudavit,
806 2712 887 2768 quem
909 2696 937 2751 in
959 2695 1032 2752 omni
1055 2711 1182 2752 sermone
1235 2694 1369 2749 succincte
1384 2702 1411 2749 et
1421 2694 1548 2751 celeriter
1570 2696 1685 2752 multum
1710 2697 1851 2763 dictamus,
1868 2700 1930 2771 quia
1953 2708 2036 2771 urget

379 2786 540 2861 magistrum
555 2797 584 2842 et
598 2786 799 2842 sanctissimum
814 2793 841 2840 et
863 2783 1093 2856 sapientissimum
1107 2800 1180 2855 prae-
1236 2798 1285 2837 nos
1303 2790 1325 2821 ⁴⁰
1345 2782 1475 2839 festinans
1496 2780 1566 2839 lutor
1590 2786 1775 2855 presentium,
1790 2794 1818 2841 ut
1840 2787 1878 2842 sic
1902 2802 2030 2861 agamus.

379 2874 588 2931 dicavit‘tlicce
603 2873 741 2947 quomodo
753 2873 1078 2930 lecitnovissimanostrs
1088 2875 1180 2944 pejora
1235 2870 1416 2943 Omnipotens
1431 2872 1504 2927 Deus
1519 2872 1602 2929 vitam
1617 2882 1737 2929 vestram
1751 2876 1777 2929 in
1798 2876 1969 2946 beneplacito
1984 2892 2036 2933 suo

378 2962 526 3036 prioribus.
545 2960 658 3029 Credas,
674 2976 817 3032 nunquam
832 2961 891 3016 baec
914 2960 1039 3017 desinent
1051 2960 1180 3029 dici,nisi
1234 2965 1307 3016 recte
1321 2960 1459 3030 disponat,
1475 2969 1500 3015 et
1525 2960 1559 3015 sd
1582 2978 1753 3019 communem
1775 2962 1899 3020 fidelium
1923 2980 2034 3021 suorum

378 3051 497 3107 desieris
509 3050 647 3120 elongari.
665 3050 731 3106 Veni
745 3063 825 3122 ergo,
841 3050 1026 3105 tantummodo
1040 3049 1181 3107 invocetur
1233 3048 1376 3103 utilitatem
1393 3060 1421 3105 et
1434 3048 1574 3120 gaudium,
1590 3049 1637 3106 diu
1652 3067 1711 3107 esm
1736 3051 1763 3108 iu
1787 3054 1916 3125 presenti
1938 3062 2032 3111 custo-

378 3153 482 3196 uomsn
497 3146 570 3193 tuum
585 3154 667 3209 super
681 3152 741 3203 nos,
758 3136 836 3192 auter
850 3137 1027 3209 opprobrium
1038 3143 1178 3206 nostrum,·
1233 3136 1298 3192 diat.
1314 3138 1413 3193 Amen.

380 3226 563 3283 festinandum
586 3225 633 3281 tibi
648 3230 669 3261 ⁸⁸
693 3234 744 3290 est,
768 3224 896 3297 princeps
916 3232 978 3281 esto
1001 3233 1102 3283 noster.
1121 3225 1179 3282 Erit

379 3318 433 3373 hoc
456 3315 514 3372 lieo
533 3314 569 3371 sd
593 3312 713 3380 laudem,
728 3313 776 3371 tibi
797 3314 832 3370 ed
853 3314 1019 3385 mercedem,
1041 3315 1120 3371 nobis
1143 3316 1179 3373 ad

379 3404 474 3462 vitam.
490 3405 692 3476 Recuperemus
704 3403 732 3459 in
748 3412 773 3459 te
789 3403 860 3476 quod
884 3404 912 3458 in
934 3413 1042 3460 mortuo
1064 3405 1178 3460 sanctis·

379 3494 452 3549 simo
467 3493 547 3548 Patre
561 3492 713 3549 lanfranco
727 3506 778 3548 nos
792 3507 853 3548 cum
869 3500 924 3548 toto
938 3493 1040 3548 mundo
1054 3493 1178 3566 perdidi-

380 3597 460 3638 mus:
477 3597 557 3652 quem
571 3588 707 3638 mortuum
722 3597 830 3654 semper
843 3580 1007 3647 dolebimus,
1023 3584 1113 3653 quoad
1128 3599 1178 3638 us-

381 3686 434 3743 que
448 3668 525 3726 illum
539 3668 566 3726 in
593 3673 621 3727 te
643 3669 801 3726 viderimus.
823 3670 897 3726 licus
920 3670 1101 3742 omnipotens,
1118 3671 1179 3741 qui·

380 3775 487 3831 cunque
501 3759 659 3815 Ansalmum
674 3759 709 3814 ab
723 3758 829 3830 incepto
842 3757 1025 3830 prepedierit,
1034 3758 1179 3816 anathema

381 3846 410 3901 iu
425 3847 516 3902 medio
531 3847 674 3903 bominum
688 3847 731 3901 sit.
749 3845 850 3902 Credas
862 3863 906 3902 me
919 3845 947 3900 in
958 3848 1078 3904 maxims
1092 3849 1179 3920 lacry-

381 3949 487 3990 marum
502 3935 638 3991 alluvione
652 3936 706 3990 ista
717 3937 864 4004 scripsisse
879 3943 906 3989 et
918 3951 1003 4004 usqua
1015 3936 1049 3989 sd
1065 3946 1177 3992 mortem

1482 3253 1654 3312 sorssors
1669 3256 1715 3313 Vll
1730 3270 1764 3313 ¹¹.

1373 3383 1494 3424 russeus
1508 3387 1547 3426 nn
1559 3385 1709 3428 septenos
1720 3388 1886 3432 ssccsusss.

1232 3483 1388 3550 AEperrs'me
1398 3486 1492 3554 sertse
1502 3503 1519 3541 u
1529 3487 1711 3543 descensibus
1719 3504 1778 3546 esse
1789 3489 2029 3554 dormierimus

1266 3555 1548 3624 iustaquorunsdam
1560 3561 1760 3616 malevolorum
1778 3563 1939 3619 calumnias
1958 3565 2029 3634 victo

1268 3627 1394 3682 militate
1409 3642 1552 3683 recusasse
1562 3631 1846 3704 archiepiscopatum.

1269 3719 1330 3775 Suis
1345 3721 1531 3778 dilectissimis
1545 3723 1655 3781 domino
1671 3727 1754 3798 priori
1773 3727 1922 3796 Bmoarco,
1935 3739 1961 3786 et
1978 3731 2029 3787 alis

1232 3809 1319 3864 servis
1344 3810 1393 3866 Dei
1422 3817 1449 3866 in
1474 3813 1600 3868 lieccemi
1624 3815 1749 3871 coenobio
1776 3819 2028 3890 commanentibus;

1232 3913 1330 3953 servus
1340 3907 1366 3954 et
1380 3915 1530 3956 conservus
1544 3916 1640 3957 eorum
1654 3903 1739 3959 irater
1762 3906 1912 3962 husamms
1937 3907 2031 3964 divino

1233 4001 1341 4056 semper
1354 3988 1413 4060 regi
1429 3989 1556 4056 consilio,
1572 3998 1599 4045 et
1613 3993 1718 4064 protegi
1732 3992 1842 4050 auxilio.

381 4021 529 4079 mmmmm
543 4022 578 4079 αθ
594 4031 619 4078 ¹⁰
633 4038 704 4078 οὔθ’
720 4023 806 4079 mr
820 4029 847 4078 et
858 4021 1176 4080 ommffluoemlmm'
1268 4073 1398 4144 Quamvis
1412 4075 1503 4132 divina
1517 4077 1661 4150 dispositio
1676 4097 1746 4137 mes
1761 4083 1839 4137 vobis
1854 4084 2030 4156 corporaliter

660 4138 830 4194 EPtSTOLA
850 4139 897 4194 vl.

473 4247 668 4289 uouicseaurs
687 4247 859 4288 ssccsusrms
872 4249 909 4289 su
922 4249 1083 4291 ausaausa.

1233 4177 1287 4219 nou
1302 4163 1360 4220 sine
1374 4165 1455 4237 gravi
1477 4165 1575 4237 pioque
1598 4169 1690 4224 cordis
1717 4170 1770 4226 mei
1793 4169 1887 4228 dolore
1909 4181 2029 4243 separet,

1232 4266 1282 4308 oro
1301 4259 1394 4308 umen
1413 4253 1510 4320 Deum,
1532 4263 1560 4310 ut
1579 4255 1698 4326 dilectio,
1728 4275 1782 4331 qus
1813 4259 1873 4331 ipso
1901 4261 1981 4318 dante
2007 4263 2030 4292 ⁴¹

1232 4341 1323 4396 anima
1338 4358 1399 4398 men
1413 4359 1462 4398 vos
1485 4344 1513 4398 in
1542 4351 1619 4401 utero
1634 4362 1683 4402 suo
1698 4347 1894 4419 complectitur,
1910 4349 2029 4406 indisso-

726 4432 828 4485 rr'ensi.
1233 4429 1351 4486 labiliter
1377 4439 1559 4504 perseveret:
1583 4450 1633 4505 per
1659 4451 1752 4506 quam,
1773 4436 1831 4493 Deo
1853 4437 2028 4510 propitiante,

416 4517 581 4574 Dulcissimo
593 4517 830 4584 domino,etl’stri
840 4517 1177 4593 suo,diviuitussibiolim
1232 4533 1342 4589 semper
1368 4528 1456 4576 vester
1478 4535 1525 4576 ero
1548 4536 1664 4590 servus;
1680 4524 1743 4595 quis
1762 4539 1882 4596 semper,
1898 4530 2027 4595 quantum

378 4604 454 4674 dato,
469 4607 564 4663 abbati
582 4608 725 4672 bassano,
741 4605 859 4662 humiles
881 4607 1028 4664 beccensis
1048 4611 1177 4668 Ecclesia
1232 4605 1305 4663 Deus
1321 4607 1385 4662 mihi
1401 4607 1486 4673 dabit,
1503 4624 1550 4665 ero
1573 4610 1671 4666 restris
1693 4611 1850 4668 utilitatibus
1862 4613 1883 4643 ‘⁸
1898 4613 2027 4672 intentus.

379 4696 462 4763 servi,
478 4701 506 4750 et
519 4693 566 4750 litii
580 4695 620 4750 sui
637 4710 644 4749 :
672 4693 800 4750 motinus
812 4694 863 4750 Dei
878 4696 906 4749 iu
918 4696 1045 4752 omuibus
1063 4697 1177 4754 viissuis
1231 4693 1302 4751 Nam
1315 4695 1366 4752 etsi
1382 4705 1456 4753 tanta
1469 4698 1505 4751 sit
1517 4697 1578 4769 ipsa
1591 4697 1711 4766 dilectio,
1721 4707 1751 4754 ut
1764 4717 1837 4773 supe
1852 4717 1914 4757 rum
1925 4701 2027 4760 intents

380 4783 553 4854 protectione
567 4783 651 4856 dirigi
665 4799 775 4855 semper
786 4787 815 4839 et
827 4783 935 4839 muniri.
1186 4783 1218 4847 D
1233 4785 1324 4854 cogito
1339 4788 1443 4840 amicos
1460 4795 1564 4842 vestros
1580 4786 1614 4843 de
1633 4795 1686 4841 tam
1709 4787 1863 4861 inseparata
1884 4798 1910 4847 et
1932 4801 2028 4849 contra

415 4869 517 4926 Audita
530 4871 708 4929 concessione
731 4872 833 4929 domiui
859 4872 945 4929 nostri
967 4873 1178 4934 Northmaunias
1232 4873 1398 4930 voluntatem
1415 4882 1535 4930 nostram
1552 4875 1734 4948 separatione,
1744 4879 1833 4933 stetim
1849 4895 1897 4936 sua
1908 4881 2026 4952 quadam

378 4958 519 5032 principis,
544 4965 572 5015 st
594 4961 792 5033 archiepiscopi
821 4963 909 5017 nostrl
940 4962 1174 5037 llotbomsgensis,
1232 4971 1399 5034 tempestate,
1414 4963 1488 5020 velut
1502 4979 1575 5019 mare.
1590 4965 1686 5031 ventis,
1702 4965 1861 5022 intumescat
1874 4976 1900 5023 et
1912 4977 2026 5025 contur-

378 5049 507 5122 quamde
531 5049 612 5105 vobis
631 5050 665 5105 ad
692 5050 850 5122 petitionem
877 5052 950 5123 regis
976 5053 1125 5124 tnglomm
1150 5064 1175 5113 et
1230 5051 1309 5107 betur
1325 5067 1489 5117 cormeum,
1505 5061 1532 5107 et
1546 5053 1640 5124 pluant
1653 5053 1725 5109 oculi
1740 5054 1803 5121 mei,
1816 5054 1920 5112 dulcius
1935 5065 2026 5115 tarneu

378 5138 500 5192 omnium
515 5137 572 5194 lere
586 5137 710 5207 ejusdem
725 5139 814 5210 gantis
827 5141 983 5214 principum
999 5141 1130 5211 iecerunt,
1146 5153 1176 5200 nt
1230 5141 1295 5195 milri
1310 5149 1349 5195 est
1365 5140 1416 5196 hnc
1430 5141 1465 5196 ab
1480 5141 1524 5196 illa
1542 5158 1585 5196 me
1609 5141 1732 5210 tolerare,
1748 5159 1828 5215 qnam
1850 5144 1923 5200 illam
1943 5161 1960 5202 a
1982 5163 2025 5202 me

376 5227 412 5282 sd
424 5226 542 5296 culmem
557 5226 669 5295 scilicet,
686 5230 900 5299 promoveamini
914 5231 1172 5304 archiepiscopatus,
1229 5245 1367 5302 separare.
1380 5229 1462 5285 Novit
1476 5229 1547 5284 euim
1566 5231 1648 5294 Deus,
1664 5239 1726 5288 ants
1750 5232 1827 5302 cujus
1846 5241 2024 5306 conspectum

375 5329 426 5386 pro
440 5331 474 5373 ea
487 5315 567 5372 etiam
581 5332 644 5389 qua
652 5316 687 5372 sd
697 5315 788 5374 nosde
799 5315 877 5373 vobis
884 5319 1048 5389 pertinebat,
1056 5328 1084 5376 et
1094 5336 1109 5376 s
1119 5337 1171 5379 uo·
1228 5319 1379 5376 secundum
1393 5317 1586 5374 conscientiam
1603 5335 1690 5376 meam
1705 5320 1811 5392 loquor,
1828 5323 1888 5393 quia
1904 5323 1965 5394 plus
1976 5339 2025 5382 vos

1022 5470 1139 5530 VAlllAE
1163 5470 1375 5532 LECTIONES.

409 5588 613 5672 ⁸'liunduaturt
641 5592 710 5662 Quae
735 5594 825 5663 major
844 5609 898 5651 ms.
915 5593 1152 5668 tunduntur,quae
1172 5608 1236 5654 ante
1261 5599 1313 5654 boc
1333 5605 1440 5666 tempus
1464 5595 1489 5650 in
1515 5603 1658 5666 conspeetu
1677 5597 1728 5652 Dei
1752 5597 2023 5667 praetendebantur?

374 5657 442 5730 Quae
457 5665 843 5743 maranuExpectsmusms.
860 5667 1077 5736 expectavimus.
1106 5670 1321 5726 ''dominandum
1345 5669 1392 5724 tibi
1417 5683 1472 5723 ms.
1502 5677 1690 5723 vestimentum
1717 5669 1773 5724 tibi.
1799 5668 2023 5740 '‘Expectabatur

372 5731 546 5789 consessione
559 5750 612 5789 ms.
629 5737 806 5806 expetebatur
820 5738 1005 5793 concessione.
1020 5738 1211 5809 ⁸⁷Exponenda
1237 5743 1346 5796 minime
1371 5757 1421 5795 ms.
1439 5742 1599 5809 exponenda
1624 5740 1702 5794 vobis
1723 5739 1835 5796 minime
1861 5743 2020 5799 ''Rectioris

371 5819 425 5858 ms.
441 5804 561 5861 rectiori,
576 5805 648 5861 ”llic
660 5809 731 5875 apud
747 5825 799 5864 ms.
814 5809 857 5863 hie
871 5809 943 5879 apud
967 5809 1109 5879 “Urguebat
1125 5828 1237 5869 nosms.
1249 5823 1328 5885 urget
1339 5827 1398 5867 nos.
1414 5810 1547 5868 ”collata
1563 5827 1628 5868 cum
1642 5811 1747 5867 duobus
1762 5813 1977 5884 llcempluribsss
1987 5815 2019 5870 in

371 5887 429 6000 scytia
450 5875 691 6006 fodicsrnfiivtiicbt.
706 5878 750 5951 Es.
781 5881 824 5937 ιι.
844 5879 930 5952 ‘'lpso
958 5879 1040 5938 dante
1067 5898 1121 5939 ms.
1139 5887 1152 5939 t
1168 5886 1229 5955 ipso
1243 5883 1374 5940 donante.
1403 5882 1647 5953 “Prospiciente...
1678 5884 1861 5939 voluntatibus
1874 5901 1928 5940 ms.
1946 5901 2012 5958 pro-

369 5957 637 6014 maneos-unu
677 5965 719 6006 uz·
1160 5978 1165 5986 “
2029 5981 2031 5988 “

381 4357 532 4415 beccenses
548 4359 712 4415 anselmum
727 4358 885 4414 concedunt
900 4359 1031 4416 Ecclesioe
1050 4359 1178 4418 Cantan-
