4750 6725
282 600 337 660 iii
943 603 1024 664 Vl'fh
1042 608 1070 665 S.
1091 606 1274 666 Wlttflttut.
1884 620 1937 679 750

284 742 350 785 cere
374 726 492 785 studete.
518 725 562 783 Nil
585 724 659 801 quod
678 744 730 786 vos
748 730 784 786 ah
797 729 948 787 istiusmodi
962 730 1084 789 officiose
1098 731 1126 793 Α
1139 730 1288 801 irradiavit,
1314 748 1477 806 omnemque
1498 734 1583 793 noetis
1597 744 1624 795 et
1648 739 1820 798 tenebramm
1839 744 1936 804 horro-

287 816 420 874 charltete
447 815 560 875 seducat
587 816 743 889 attendetis,
780 834 815 875 ne
847 819 882 875 ab
906 836 940 876 ea
968 837 1030 893 quea
1059 819 1089 877 in
1143 838 1202 879 rem
1216 838 1265 878 sua
1278 824 1420 894 presentia
1439 822 1581 897 effugavit.
1597 825 1677 896 Quod
1691 830 1815 888 videntes
1830 837 1939 908 magni-

286 906 395 963 Cbristo
410 914 453 963 est
477 906 632 964 sinceritate
654 908 772 965 cadatis.
797 908 909 982 blaligni
921 908 1090 976 insidiatoris
1143 909 1194 967 fica
1218 917 1280 967 sunt
1298 912 1451 982 exhilarati,
1471 912 1554 969 lixum
1574 916 1664 972 animo
1679 934 1735 989 prae
1749 934 1779 975 se
1793 921 1938 995 hahentes,

286 1012 357 1069 qnos
370 994 497 1051 fidelihus
519 994 605 1051 tendit
628 996 740 1069 laqueos
762 996 855 1068 nostis,
878 998 1025 1071 quaerentis
1040 1015 1090 1056 eo·
1143 1014 1199 1055 non
1213 999 1326 1055 multum
1340 1002 1375 1058 de
1391 1002 1526 1074 corporali
1542 1005 1628 1060 l‘atris
1642 1006 1763 1063 absentia
1777 1025 1835 1067 esse
1849 1012 1943 1071 dolen·

287 1100 349 1142 rum
379 1084 486 1141 animas
513 1083 676 1157 deceptoriis
710 1093 822 1158 captare
846 1084 992 1159 figmentis.
1022 1086 1090 1157 Quae
1143 1086 1219 1158 dum,
1244 1102 1306 1145 cum
1323 1088 1357 1147 de
1371 1090 1504 1161 spirituali
1519 1092 1578 1163 ejus
1591 1096 1736 1164 praesentia
1751 1114 1834 1168 qnam
1849 1109 1943 1172 aperta

286 1174 431 1248 figmenta,
445 1172 515 1230 sicut
529 1189 545 1231 u
559 1190 605 1230 me
623 1190 697 1247 saepe
720 1174 842 1246 audistis,
858 1176 933 1231 omni
955 1176 1090 1234 sollieitu—
1144 1176 1214 1233 lucis
1247 1179 1403 1235 ostensione
1435 1178 1486 1236 sihi
1525 1182 1621 1239 adesse
1664 1184 1824 1257 didicerant,
1859 1192 1944 1249 multo

286 1263 354 1319 dine
375 1265 483 1329 cavete,
499 1268 526 1318 et
553 1270 632 1333 prout
649 1277 694 1319 me
719 1262 809 1319 facere
831 1262 948 1333 vidistis,
973 1280 990 1320 a
1011 1264 1092 1322 vobis
1144 1266 1264 1323 maxima
1290 1267 1390 1323 scirent
1417 1284 1477 1325 esse
1501 1272 1688 1341 gaudendum.
1713 1274 1755 1330 lla
1782 1274 1835 1333 boc
1854 1277 1945 1352 itaque

286 1350 384 1426 procul
404 1350 526 1421 abjicite.
549 1352 614 1407 llaec
635 1350 726 1421 facite,
742 1359 770 1409 et
789 1352 863 1408 Deus
876 1354 955 1424 pacis
969 1353 1020 1410 erit
1038 1370 1091 1410 vo·
1145 1354 1293 1411 vehemens
1308 1356 1429 1412 omnium
1452 1357 1525 1414 eirca
1545 1359 1732 1417 beatissimum
1748 1364 1855 1422 Patrem
1870 1368 1946 1424 Wil-

287 1442 405 1515 pisonm.
433 1440 469 1496 ltt
489 1454 573 1507 nunc,
603 1440 699 1497 fratres
721 1440 778 1496 mei
801 1440 977 1512 dilectissimi,
1007 1442 1091 1501 nolite
1146 1442 1247 1499 faidum
1272 1444 1412 1503 veneratio
1437 1446 1531 1518 crevit,
1546 1446 1573 1503 id
1589 1465 1695 1522 quoque
1716 1460 1817 1509 certunm
1834 1456 1946 1514 omnino

287 1546 381 1587 moras
395 1528 494 1585 inferre
508 1529 648 1602 migranti.
665 1530 720 1585 Vos
726 1530 872 1603 equidem,
888 1546 938 1589 vos
952 1530 1011 1602 J'ant
1025 1531 1091 1589 olim
1145 1538 1278 1599 tenentes,
1294 1533 1367 1605 quod
1390 1533 1461 1590 sicut
1486 1535 1543 1606 ipse
1567 1538 1753 1596 sanctissimus
1767 1543 1893 1611 pontifex
1918 1545 1946 1601 iu

286 1635 335 1675 me
352 1618 388 1675 ad
405 1618 486 1675 vitam
501 1625 611 1675 euntem
624 1618 792 1690 revocastis3
812 1620 863 1676 sed
884 1620 967 1677 modo
979 1621 1090 1692 parcite,
1144 1618 1198 1675 hec
1225 1620 1380 1677 bansitorie
1399 1623 1456 1679 vita
1484 1626 1669 1695 temporaliter
1696 1628 1800 1699 degens
1821 1632 1947 1689 omnibus

286 1722 392 1781 quaeso.
408 1706 492 1764 iuvat
505 1706 577 1764 enim
587 1723 631 1763 me
647 1708 770 1779 deposito
780 1706 871 1766 carnis
883 1724 969 1766 onere
982 1713 1090 1783 agnum
1145 1716 1203 1764 erat
1220 1708 1295 1765 mitis
1315 1718 1342 1765 et
1366 1709 1493 1779 affabilis,
1510 1711 1548 1769 sic
1567 1721 1595 1769 et
1617 1730 1692 1773 nunc
1713 1716 1741 1771 in
1765 1716 1812 1774 illa
1834 1721 1946 1792 perenni

285 1796 341 1853 Dei
363 1793 454 1867 sequi.
470 1794 547 1853 Ultra
564 1795 644 1853 vobis
659 1796 689 1851 in
707 1796 759 1852 hac
773 1811 855 1853 carim
867 1810 923 1854 uon
939 1797 1090 1869 apparebo»
1144 1796 1277 1855 alueum
1303 1796 1408 1856 Christo
1427 1802 1595 1858 aeterualiter
1618 1803 1722 1874 vivens,
1739 1806 1866 1865 omnibns
1879 1810 1946 1866 dili·

284 1885 376 1942 douec
390 1883 511 1940 Christus
538 1885 685 1941 resuscitet
707 1900 752 1940 me
770 1883 913 1941 vobiscum
927 1886 955 1943 in
967 1885 1021 1944 dne
1035 1903 1091 1944 sae·
1143 1885 1274 1957 gentibus
1284 1902 1314 1943 se
1327 1888 1388 1960 pius
1398 1889 1432 1944 sit
1447 1895 1473 1945 et
1491 1891 1651 1947 exorabilis.

284 1973 344 2031 culi
363 1974 451 2044 hujus.
468 1972 492 2030 0
509 1972 618 2031 viscera
636 1989 707 2040 mea,
723 1974 822 2029 valete.
847 1976 965 2047 Urgent,
987 1991 1004 2033 o
1029 1977 1090 2048 jam
1181 1976 1225 2030 ot.
1255 1976 1413 2048 Magnitudo
1436 1978 1529 2053 itaque
1549 1980 1688 2053 signorum
1703 1984 1774 2058 {quae
1788 1986 1822 2041 ed
1847 2002 1947 2061 eorpus

285 2062 434 2135 defungar,
449 2070 486 2130 et,
502 2078 519 2119 o
533 2062 640 2130 fratres,
656 2062 767 2136 vigilate
781 2078 816 2118 ne
829 2078 879 2120 vos
901 2080 1013 2120 somnus
1026 2080 1089 2135 per·
1103 2092 1129 2155 B
1144 2064 1202 2133 ejus
1216 2064 1349 2120 Dominus
1370 2064 1404 2121 de
1430 2066 1473 2123 die
1497 2067 1525 2124 iu
1552 2068 1626 2125 diem
1654 2073 1830 2145 operabatur,
1850 2079 1948 2136 merita

282 2160 380 2224 petuoe
405 2150 499 2207 mortis
524 2150 684 2208 involvat·
715 2152 780 2208 llaec
794 2151 842 2222 ait,
863 2159 891 2208 et
914 2152 989 2210 durae
1003 2150 1088 2227 quieti
1145 2151 1231 2224 ipsius
1258 2152 1339 2225 lunge
1358 2153 1466 2227 lateque
1493 2155 1662 2229 declarabat,
1692 2169 1717 2215 et
1743 2162 1847 2236 insigni
1875 2167 1946 2223 fama

284 2240 410 2297 membra
431 2240 588 2313 prostravit.
610 2239 749 2296 Fratribus
770 2247 860 2296 antem
883 2241 1040 2313 psalterium
1056 2259 1091 2297 ex
1144 2249 1283 2312 permotos
1310 2242 1344 2297 ad
1372 2243 1530 2299 memoriam
1557 2245 1628 2303 illius
1650 2248 1804 2307 innumeros
1827 2254 1945 2326 populos

284 2330 382 2386 outline
396 2328 615 2397 decantantibus,
625 2336 651 2385 et
658 2329 716 2401 iam
727 2344 812 2399 usque
826 2328 862 2385 ad
869 2345 980 2386 versum
991 2330 1090 2402 psalmi
1144 2329 1327 2404 aggregabat.
1358 2329 1529 2405 Quapropter
1550 2334 1627 2391 locus
1648 2336 1706 2409 ipse
1721 2340 1805 2397 multo
1821 2349 1945 2415 tempore

286 2418 430 2475 centesimi
458 2418 529 2474 tertii
556 2418 778 2490 pervenientibus
798 2436 804 2473 r
822 2418 928 2476 Emitte
952 2420 1089 2493 spiritum
1144 2419 1243 2475 summi
1268 2420 1379 2476 honoris
1401 2424 1440 2477 ast
1461 2420 1580 2493 babitus,
1592 2431 1619 2480 et
1646 2426 1800 2501 quibusque
1825 2430 1947 2489 infirmi-

291 2512 374 2564 tuum
392 2511 421 2564 et
437 2506 612 2565 creabuntur
628 2507 714 2577 (Ptol.
730 2524 787 2579 citt,
799 2509 855 2579 30),
870 2506 993 2580 spiritum
1006 2524 1089 2565 sunm
1143 2508 1244 2564 tatibus
1271 2510 1372 2579 pressis
1399 2510 1435 2566 ad
1457 2514 1674 2585 recuperandam
1699 2517 1843 2575 sanitatem
1867 2522 1946 2580 valde

285 2596 314 2651 in
329 2611 428 2651 manus
441 2594 576 2652 Crantoris
589 2594 704 2652 feliciter
722 2596 825 2666 emisit,
841 2604 868 2652 et
887 2597 928 2653 sic
949 2596 1023 2669 hgni
1038 2598 1088 2655 Dei
1141 2598 1270 2653 salubris.
1293 2598 1425 2655 Dominus
1453 2616 1560 2672 quoque
1583 2602 1694 2661 hostiles
1718 2606 1843 2665 incursus
1871 2611 1945 2667 omni

285 2684 443 2744 convivium
465 2691 597 2756 perpetuo
618 2685 781 2741 recreandus
794 2684 887 2742 adivit.
903 2686 1020 2741 Transiit
1034 2702 1086 2742 au·
1142 2703 1176 2742 ex
1200 2695 1284 2757 parte
1312 2685 1464 2757 sedaverat,
1487 2690 1550 2762 quie
1579 2690 1750 2749 devotionem
1778 2698 1872 2767 populi
1902 2700 1945 2756 sui

284 2790 331 2831 em
341 2775 382 2845 (9)
396 2788 471 2829 anno
501 2774 702 2830 incarnationis
719 2774 871 2831 Dominicae
885 2776 949 2843 loll,
977 2774 1023 2846 qui
1046 2783 1088 2832 est
1142 2790 1223 2849 quam
1244 2774 1281 2831 ad
1297 2778 1505 2833 venerationem
1521 2778 1615 2835 famuli
1634 2782 1817 2853 suihabebat,
1838 2794 1945 2857 pertur-

284 2878 373 2917 annus
391 2862 454 2919 vitta
479 2863 539 2933 ejus
562 2864 608 2931 lb,
623 2862 799 2935 episcopatus
819 2878 885 2921 vero
899 2865 944 2919 ii.
960 2862 1086 2935 Sepultus
1141 2864 1238 2920 batum
1267 2864 1299 2919 iri
1326 2864 1445 2921 nolebat.
1460 2866 1512 2923 Ubi
1537 2884 1602 2925 vero
1625 2884 1677 2941 pro
1701 2872 1859 2931 assiduitate
1880 2893 1946 2933 con-

284 2967 351 3007 sane
378 2958 419 3006 eat
446 2950 474 3006 in
491 2950 659 3008 monasterio
686 2966 746 3021 suo,
761 2951 836 3023 quod
857 2952 972 3024 ipsemet
985 2952 1013 3007 in
1035 2952 1085 3009 lli·
1140 2952 1249 3008 fluentis
1262 2950 1355 3020 turbae
1369 2956 1481 3027 quidam
1506 2955 1588 3013 vicini
1603 2958 1683 3015 mdiu
1698 2958 1778 3031 affici,
1795 2978 1827 3019 ac
1842 2963 1944 3023 idcireo

283 3056 351 3111 pum
373 3054 389 3095 a
415 3038 599 3097 fundamentis
624 3040 747 3107 instituit,
775 3057 808 3097 ac
835 3043 893 3098 Deo
910 3041 1085 3098 inhonorem
1138 3040 1220 3097 aluei
1236 3040 1391 3099 visitatione
1405 3043 1537 3114 paulatim
1558 3045 1685 3103 cohihere
1707 3059 1859 3123 creperum,
1880 3069 1945 3111 cott-

283 3127 359 3185 beati
384 3127 456 3184 Petri
481 3127 666 3199 apostolorum
689 3128 821 3202 principis
833 3130 1016 3187 consecravit.
1032 3130 1085 3187 llhi
1140 3129 1203 3202 tigit
1225 3136 1255 3185 ut
1276 3130 1396 3201 ipsomm
1421 3132 1545 3203 exemplo
1563 3132 1640 3189 aliia
1662 3134 1780 3194 fervoris
1800 3140 1840 3194 sui
1860 3142 1944 3199 devo·

283 3225 314 3272 ut
340 3234 370 3273 se
392 3230 565 3291 nequaquam
592 3217 675 3273 vitam
698 3217 860 3289 perdidisse,
876 3218 925 3275 sed
941 3219 968 3274 in
989 3219 1085 3276 melius
1139 3219 1213 3275 tione
1228 3218 1384 3288 delicerent,
1409 3236 1459 3277 nec
1487 3222 1577 3277 locum
1602 3224 1693 3293 ipsum
1722 3227 1839 3299 amplius
1866 3246 1943 3288 more

283 3313 403 3364 mutasse
426 3305 587 3364 mortalibus
601 3307 708 3381 probet,
727 3323 788 3381 quae
802 3307 830 3364 in
844 3308 896 3366 bac
909 3308 966 3367 vita
978 3310 1084 3381 positus
1138 3308 1218 3366 solito
1230 3306 1381 3366 visitarent.
1399 3309 1500 3384 Sisque
1524 3310 1625 3368 factum
1647 3322 1688 3370 est
1702 3322 1730 3371 ut
1745 3317 1793 3388 qui
1808 3318 1888 3390 primi
1904 3320 1939 3377 ad

283 3396 398 3467 fecerat,
421 3395 485 3453 huic
511 3395 574 3453 vitea
598 3397 751 3453 subtractus
777 3398 921 3469 miracula,
950 3413 1013 3457 cum
1039 3413 1084 3456 res
1099 3446 1125 3510 C
1138 3397 1258 3454 studium
1278 3397 1330 3469 piae
1351 3398 1466 3455 actionis
1490 3399 1557 3456 elios
1578 3403 1669 3459 studio
1683 3407 1935 3479 suoauuenderant‚

283 3483 380 3557 exigit,
400 3483 493 3542 facere
505 3500 563 3540 uon
578 3493 674 3542 cessat.
1138 3486 1311 3558 postmodum
1325 3501 1375 3542 sua
1389 3486 1491 3542 desidia
1507 3503 1523 3543 a
1536 3488 1645 3560 pietatis
1665 3506 1748 3564 opere
1767 3493 1937 3568 quampluri-

319 3575 366 3628 te.
385 3573 481 3630 Vestes
490 3573 575 3644 illius,
596 3581 677 3644 prout
691 3581 754 3631 ante
769 3583 886 3633 mortem
901 3574 1083 3647 disposuerat,
1138 3591 1198 3632 mos
1213 3573 1354 3630 discedere
1367 3582 1510 3646 cogerent.

280 3661 434 3717 distributoe
471 3668 543 3718 suut.
563 3661 641 3718 Unde
667 3663 809 3719 intemtlam
835 3664 896 3734 ejus
924 3663 1084 3720 sanctissimi
1174 3666 1218 3717 65.
1235 3663 1300 3718 llaec
1314 3661 1388 3718 inter
1407 3661 1505 3719 accidit
1525 3670 1554 3719 ut
1576 3662 1683 3721 hostilis
1705 3667 1826 3725 incursus
1847 3671 1937 3744 ipsam

281 3749 403 3823 corporis
416 3750 515 3807 sudore
532 3750 688 3808 madentem
709 3751 818 3808 cuidam
841 3751 978 3824 religiosae
993 3750 1084 3807 abha-
1137 3749 1306 3822 provinciam
1334 3757 1488 3824 occuparet,
1518 3767 1652 3824 occupans
1679 3755 1746 3811 inibi
1774 3758 1858 3814 multa
1884 3760 1937 3817 ho-

282 3841 355 3896 tissae
381 3837 507 3894 minister
532 3839 710 3898 deferendam
737 3841 851 3912 accepit.
874 3839 962 3910 Quam
989 3840 1086 3896 mulier
1137 3837 1242 3895 minum
1266 3837 1351 3894 millia
1378 3842 1498 3908 necaret,
1514 3854 1547 3897 ac
1573 3842 1664 3898 omnia
1692 3843 1751 3900 loca
1771 3849 1938 3906 munasterio

282 3927 414 4002 quaedam
442 3927 560 4001 paralysi
587 3927 731 3999 dissoluta,
746 3936 776 3985 ut
790 3937 903 4003 tangere
922 3937 1083 4002 mereretur,
1137 3927 1210 3985 beati
1224 3925 1350 3984 Wilfridi
1370 3928 1595 3999 circumjacentia
1620 3932 1656 3988 ad
1679 3932 1763 3990 instar
1785 3936 1939 3994 solitudinis

280 4017 386 4074 obnixe
413 4016 531 4090 rogavit.
558 4017 612 4074 Sed
639 4018 698 4074 haec
725 4018 834 4090 quidem
861 4019 951 4090 ipsam
978 4025 1083 4075 vestem
1137 4017 1302 4074 devastaret.
1322 4017 1515 4074 llonasterium
1542 4020 1630 4092 ipsum
1656 4037 1803 4094 pervasum
1819 4031 1846 4082 et
1865 4025 1940 4082 diru-

280 4114 397 4179 tangere
424 4121 480 4162 non
505 4106 615 4175 meruit,
642 4122 736 4164 vemm
771 4123 880 4178 aquam,
909 4107 957 4163 ubi
985 4106 1083 4164 eadem
1137 4114 1204 4176 tum,
1222 4105 1296 4180 quud
1318 4105 1392 4178 prius
1413 4107 1553 4164 exstiterat
1573 4109 1680 4182 hymnis
1694 4119 1721 4168 et
1743 4113 1855 4170 canticis
1879 4115 1941 4188 glo-

280 4195 371 4251 vertis
396 4193 509 4251 intincta
535 4193 594 4262 fuit,
624 4194 654 4250 iu
686 4203 783 4267 potum
811 4195 926 4267 accepit,
955 4194 1084 4269 illicoque
1136 4195 1251 4263 mosum,
1268 4195 1350 4251 modo
1366 4204 1423 4252 erat
1441 4193 1561 4253 feramm
1580 4205 1607 4254 et
1622 4199 1792 4258 inimicorum
1807 4203 1939 4264 sordibus

281 4291 375 4341 sauata
389 4290 439 4340 est.
456 4285 522 4341 Post
544 4283 603 4340 haec
626 4282 738 4356 quidem
765 4283 868 4340 inimici
882 4284 1002 4341 bominis
1021 4283 1082 4357 Dei,
1136 4283 1359 4357 ignominiosum.
1377 4285 1482 4357 Corpus
1495 4285 1598 4342 interea
1613 4287 1697 4359 ipsius
1713 4289 1841 4347 antistitis
1857 4292 1939 4349 Chri-

280 4371 400 4445 propriae
427 4371 577 4444 iniquitatis
600 4372 663 4446 igne
685 4373 818 4441 succensi,
833 4373 948 4431 domum
973 4373 1001 4429 in
1029 4388 1083 4446 qua
1136 4372 1171 4428 sti
1191 4372 1265 4428 omni
1281 4373 1384 4429 honore
1403 4373 1548 4444 privatum,
1560 4375 1632 4430 inter
1646 4377 1720 4447 ipsas
1734 4379 1829 4435 sordes
1848 4380 1937 4452 primo

280 4461 340 4532 ipse
353 4460 417 4517 huic
430 4461 492 4518 vitae
512 4460 624 4517 modum
639 4460 750 4531 fecerat,
776 4461 875 4532 iniectu
890 4461 948 4535 igni
964 4476 1082 4520 succeu·
1135 4459 1282 4532 sepulturae
1296 4476 1352 4516 suae
1367 4459 1427 4517 loeo
1452 4461 1550 4517 mansit
1561 4461 1714 4520 immotum.
1740 4464 1794 4521 Sed
1809 4467 1938 4539 omnipo-

279 4549 347 4606 dere
370 4549 461 4606 conati
486 4559 556 4606 sunt.
575 4552 611 4607 nt
632 4550 717 4608 virtus
737 4549 856 4608 defuncti
871 4552 1009 4609 viventem
1026 4559 1082 4608 ter·
1135 4553 1196 4606 teus
1209 4549 1283 4604 Deus
1297 4547 1341 4620 qui
1357 4566 1405 4604 sna
1428 4548 1527 4622 pietate
1554 4558 1581 4606 et
1598 4551 1703 4621 justitia
1716 4553 1814 4623 nequit·
1823 4555 1937 4628 privari,

279 4636 441 4712 rubignem
464 4639 575 4696 domum
598 4637 712 4695 illaesam
731 4639 858 4707 servavit,
886 4640 978 4697 hostes
1006 4639 1082 4712 fuga·
1136 4637 1315 4710 quorumdam
1339 4638 1409 4694 hene
1438 4637 1627 4711 religiosomm
1649 4649 1756 4697 mentes
1772 4641 1798 4696 in
1813 4641 1939 4701 couside-

279 4727 328 4796 vit,
347 4727 488 4798 taliterque
498 4727 574 4783 illum
585 4728 721 4785 veraciter
734 4727 829 4786 vivere
838 4728 1044 4787 demonstravit.
1134 4727 1266 4784 rabonem
1287 4733 1369 4782 tautae
1392 4725 1433 4784 rei
1454 4727 1562 4798 excitat,
1578 4736 1660 4800 atque
1675 4729 1710 4784 ud
1724 4729 1938 4790 demutationem

314 4818 359 4872 63.
376 4814 458 4872 hdie
472 4831 537 4873 vero
551 4815 730 4888 depositionis
748 4819 810 4890 ejus
829 4816 886 4887 iam
904 4833 974 4876 anno
989 4824 1075 4874 trans-
1088 4797 1118 4863 D
1133 4805 1207 4873 iltius
1235 4813 1364 4873 affectum
1393 4815 1572 4889 effectumque
1597 4815 1740 4873 ministrat.
1765 4820 1890 4892 Regebat
1905 4837 1938 4878 ea

278 4920 370 4973 curso,
385 4903 512 4962 convenit
533 4905 712 4976 undecunque
741 4906 860 4962 maxima
878 4907 971 4980 populi
984 4907 1079 4964 multl-
1133 4912 1294 4977 tempestate
1321 4903 1550 4962 christianitatem
1578 4904 1605 4960 in
1628 4905 1728 4978 huglia
1751 4909 1795 4964 vir
1809 4924 1897 4980 ponus
1911 4925 1938 4981 eg

279 4994 355 5062 tudo,
376 4999 470 5065 utpote
483 4993 537 5066 piae
559 4993 738 5066 depositionis
753 4995 826 5051 illius
839 4995 979 5053 memoriae
995 5012 1079 5052 excu·
1132 5001 1246 5051 sanctus
1272 4992 1333 5050 Odo
1361 4993 1562 5050 Cantauriensis
1590 4993 1722 5051 Ecclesiae
1752 4995 1938 5069 archiepisco·

278 5081 343 5138 bias
355 5081 536 5140 celebratura.
551 5081 623 5138 Cum
642 5098 709 5157 ergu
732 5084 811 5140 turha
824 5099 931 5155 pernox
955 5101 1004 5142 sua
1018 5085 1078 5142 llo·
1132 5100 1195 5157 pus,
1209 5090 1302 5155 utpote
1322 5082 1404 5139 totius
1427 5082 1572 5140 Britanniae
1593 5082 1695 5154 primas
1711 5101 1718 5138 :
1735 5083 1780 5155 qui
1801 5101 1865 5142 cunt
1889 5101 1939 5144 sua

278 5171 430 5229 minovota
443 5170 623 5242 persolveret,
640 5180 801 5244 etpatema
815 5173 1010 5230 consolationis
1033 5172 1079 5229 al·
1132 5170 1320 5229 sollicitudine
1341 5169 1565 5243 dispositionibus
1598 5171 1721 5228 omnium
1752 5173 1937 5232 Ecclesiamm

278 5259 378 5316 fectum
406 5259 652 5332 irrecuperabiliter
673 5277 735 5319 sese
758 5261 788 5318 iu
807 5261 855 5320 illo
867 5260 1017 5333 perdidisse
1031 5261 1080 5319 de·
1132 5245 1304 5334 invigilabat,
1320 5259 1394 5332 ipsas
1419 5259 1569 5329 Ecclesiae,
1585 5263 1670 5332 prout
1684 5261 1755 5319 ratio
1771 5263 1937 5335 postulabat,

279 5349 368 5416 fleret,
384 5348 528 5421 aspiciunt,
557 5356 585 5406 et
611 5363 677 5408 ecce
700 5351 746 5406 lux
773 5350 879 5407 coelitus
905 5349 940 5406 ah
968 5349 1081 5408 Oriente
1133 5348 1244 5408 vintare
1264 5347 1378 5404 solebat.
1395 5347 1455 5418 Qua
1478 5347 1662 5406 sollicitudine
1684 5357 1767 5422 actus,
1795 5369 1858 5410 cum
1873 5369 1940 5425 quo·

279 5436 400 5495 demissa
427 5445 512 5495 totum
540 5437 631 5496 locum
658 5439 753 5496 famuli
780 5438 830 5498 Dei
843 5439 913 5497 nahe
933 5437 1081 5514 splendore
1133 5438 1198 5496 dam
1224 5446 1347 5511 tempore
1371 5437 1574 5496 liboracensem
1595 5438 1767 5510 provinciam
1782 5442 1896 5513 adisset,
1912 5453 1940 5502 et

315 5631 522 5762 (immitte
535 5634 619 5692 attin
632 5634 804 5693 monasterio
819 5649 869 5692 tuo
881 5633 953 5709 qvod
963 5634 1081 5694 habebnt
1135 5635 1189 5692 itus
1203 5648 1250 5694 vtn
1265 5633 1327 5702 Kal,
1340 5632 1400 5690 blaii
1417 5649 1450 5690 ex
1461 5633 1550 5705 dictis,
1566 5642 1593 5691 et
1603 5649 1637 5692 ex
1648 5633 1816 5695 Kalendario
1831 5639 1942 5696 vetusto

278 5704 312 5760 tn
324 5719 376 5776 pru
483 5705 625 5764 llndulum
638 5704 986 5777 subrcmmtncdudbctdi
999 5707 1081 5765 ciba·
1134 5707 1254 5764 ldissalis
1280 5705 1488 5775 Gemeticeusis,
1518 5721 1535 5761 a
1561 5707 1679 5765 lieberto
1707 5709 1854 5766 Londoniae
1877 5725 1892 5764 e
1915 5709 1941 5762 i-

281 5775 1081 5850 tu,etmtotstertosrotrampertaturtammamraum
1136 5793 1222 5850 scopo
1243 5777 1366 5836 concessi
1382 5785 1445 5834 ante
1460 5791 1546 5834 annos
1571 5787 1722 5836 sexcentos.
1741 5779 1839 5836 Baeula
1858 5725 1941 5836 nixus

278 5848 487 5906 monaterfum
500 5847 574 5921 quod
588 5845 698 5906 dcitur
711 5848 782 5903 itt-ll
798 5849 1082 5923 aspernanturque
1134 5851 1215 5906 inter
1242 5853 1358 5907 eeteros
1383 5861 1486 5922 corpus
1507 5845 1638 5920 wttpadt
1662 5845 1779 5910 sindone
1792 5850 1942 5910 involvisse

249 5960 253 5967 .
279 5920 313 5975 in
327 5917 454 5977 &chata
466 5919 495 5976 S.
512 5919 685 5992 Pettijvaeto
698 5921 804 5991 ultore,
814 5935 849 5979 ct
863 5920 947 5980 lledtt.
958 5919 1023 5978 Dies
1032 5920 1082 5978 oh·
1136 5921 1225 5980 fertur
1239 5921 1269 5980 in
1284 5919 1436 5980 monastico
1450 5919 1615 5994 anglicano.
