4750 6725
396 557 446 614 Sti
924 551 970 606 nh
986 547 1100 606 oehttn
1116 550 1144 606 S.
1161 545 1315 606 tlt'sEhth
1329 550 1516 607 serenata.

397 686 574 744 habitandum
609 677 748 745 concessit,
787 685 916 746 quantum
949 691 1017 729 unns
1045 673 1405 744 equitandoAdeccssisset
1433 679 1468 734 ab
1496 679 1545 746 cis,
1562 679 1597 734 ad
1625 679 2047 754 cumiternminquirendumse

396 786 487 854 posset
502 787 607 832 currere
629 787 678 840 per
706 768 776 822 diem
794 784 801 832 ς
818 764 1000 834 praecepitque
1023 763 1189 819 venerationi
1244 764 1369 833 offerunt,
1382 767 1442 823 loca
1455 776 1695 824 semenstreturos
1708 770 1753 825 nbi
1778 772 1886 828 socium
1909 774 2046 844 perdidis-

395 870 545 935 habendos,
561 872 587 919 ct
601 859 717 914 maxime
728 856 869 924 Fittgarern
884 854 985 908 censuit
1000 853 1188 908 excolendum.
1244 855 1447 924 sent,sit·ir0s,
1477 856 1523 928 qui
1551 873 1612 912 cum
1627 859 1757 930 sagacius
1772 861 1870 915 scirent
1896 861 2044 934 inquirere,

396 957 504 1017 Dourini
520 952 602 1024 igitur
615 947 729 1020 gratiam
746 944 772 998 in
786 941 912 996 omnibns
926 941 1061 997 consecuti
1073 942 1191 1013 diligen·
1244 943 1398 998 destinaret.
1428 945 1498 998 hum
1526 954 1574 1012 est,
1599 955 1626 1000 ct
1651 947 1735 1002 multo
1764 948 1856 1003 labore
1870 949 1996 1006 inventus
2010 952 2046 1009 ad

398 1059 439 1104 tur
453 1046 488 1100 ab
502 1040 635 1101 erunibus,
651 1034 685 1088 ah
700 1031 824 1087 omnibus
839 1032 1012 1098 honorantur,
1029 1039 1054 1085 et
1069 1047 1130 1086 curn
1146 1031 1189 1083 in·
1243 1032 1417 1101 praeentiam
1432 1032 1582 1088 daciscum
1597 1035 1698 1090 honore
1718 1037 1899 1092 adducitur*
1915 1053 1922 1108 ;
1939 1050 1966 1094 et
1981 1055 2045 1096 cum

399 1136 503 1206 cligcnis
518 1131 551 1184 de
566 1135 663 1182 catera
678 1121 740 1177 nori
756 1119 874 1190 hospites
889 1118 1191 1174 familiariterhubitarc
1243 1120 1308 1186 dcix,
1321 1121 1355 1175 de
1367 1121 1424 1190 ejus
1439 1122 1596 1178 inventione
1613 1123 1703 1191 latus,
1721 1123 1783 1179 lacti
1799 1125 1916 1197 benigne
1932 1144 2045 1184 cansam

1990 557 2045 612 aas

396 1227 542 1295 coeperunt.

707 1299 817 1356 CAPUT
834 1299 880 1352 ΙΙΙ.

513 1395 625 1456 Occasio
640 1407 765 1448 secessas
781 1389 910 1460 l'iaparis
925 1403 942 1442 a
955 1387 1067 1443 anciila.

428 1516 480 1571 Scd
496 1529 556 1566 cum
570 1511 626 1581 jam
641 1505 810 1578 providentia
824 1503 977 1557 sunrrniDel
990 1503 1102 1557 tironem
1111 1517 1188 1554 sitnm

393 1606 534 1676 Fingarcm
546 1600 600 1653 suis
615 1597 713 1652 arctius
728 1593 808 1650 rellct
823 1593 960 1662 applicare
980 1591 1125 1660 ohsequiis,
1143 1589 1187 1645 tali

392 1709 452 1749 curn
468 1699 524 1745 arte
540 1687 675 1740 discrerit.
692 1684 740 1738 Dic
755 1682 873 1752 quadarn
902 1695 961 1734 cnm
977 1679 1033 1734 suis
1060 1679 1188 1734 cormorii-

392 1783 442 1837 bus
455 1781 489 1834 ad
506 1775 656 1834 venandum
673 1787 804 1842 cgrcssns,
830 1777 962 1838 repertum
992 1783 1071 1821 canes
1094 1783 1187 1837 coepc-

393 1877 453 1926 runt
467 1881 548 1939 agere
563 1879 682 1926 cerrum,
699 1860 743 1929 qui
759 1875 819 1912 cnm
835 1857 947 1910 canibus
975 1856 1127 1924 importune
1143 1856 1186 1909 in-

391 1956 552 2014 testantibus
567 1968 597 2006 ca
613 1967 669 2020 qua
684 1947 751 2000 illud
767 1944 866 1999 animal
882 1944 951 1998 solet
966 1943 1022 1997 lieri
1046 1943 1188 2000 velocitate

392 2047 542 2116 aufugeret,
559 2039 632 2094 solus
648 2037 746 2106 liingar
760 2049 821 2086 cum
837 2032 959 2101 canibus,
976 2031 1075 2087 relictis
1099 2033 1188 2104 sociis,

391 2141 548 2206 prosecutus
562 2137 601 2182 cst
618 2126 774 2197 lugientctu.
791 2121 862 2189 Quid
877 2120 954 2190 plura
969 2120 983 2171 ‘l
998 2122 1188 2184 ccrt'unqreli·

392 2223 459 2290 nuit,
476 2217 574 2275 occidit
589 2231 595 2284 ;
613 2223 639 2268 et
654 2215 773 2267 detracta
797 2208 868 2278 pelle
884 2208 1014 2262 ltustatim
1042 2205 1072 2236 '¹'
1100 2211 1189 2264 conci·

392 2313 458 2367 dens
472 2323 522 2378 pcc
537 2313 611 2359 artus
625 2315 693 2371 equo
708 2297 850 2367 imposuit,
866 2295 943 2366 qrrasi
971 2313 1126 2353 reversurus
1154 2298 1188 2352 ad

392 2399 491 2458 socios,
507 2393 552 2466 qui
569 2408 630 2446 cum
651 2386 747 2442 nchnla
763 2385 913 2440 obducente
928 2386 1114 2454 perdiderant.
1132 2386 1188 2442 Sed

390 2503 451 2546 eum
467 2497 616 2553 respersam
632 2476 761 2548 sanguine
777 2482 876 2528 restem
901 2487 933 2527 ac
961 2482 1111 2529 cmentntas
1133 2491 1188 2530 ma·

391 2593 442 2632 nris
456 2574 538 2629 rellct
552 2569 672 2633 abluere,
689 2567 741 2618 huc
756 2563 873 2632 illucque
889 2561 1108 2631 circumspiciens
1133 2579 1188 2619 non

389 2661 545 2720 inveniebat
560 2671 668 2727 aquam,
685 2661 710 2708 et
725 2652 810 2707 labari
827 2650 936 2720 cuspide
955 2651 984 2704 iu
999 2658 1066 2705 terra
1082 2651 1187 2722 delixa,

389 2749 530 2822 improvisi
561 2746 642 2802 lautis
657 2741 812 2814 gratissima
828 2755 940 2794 manans
967 2755 1036 2794 rena
1064 2739 1186 2795 delinxit.

388 2836 565 2898 Laticisnori
581 2831 800 2896 miratulluentn,
824 2832 851 2883 ei
875 2828 947 2882 illius
968 2827 1059 2882 virtuti
1087 2829 1188 2884 lactum

1242 1207 1399 1279 inquireret,
1416 1210 1553 1280 respondit
1568 1227 1596 1265 se
1610 1211 1720 1267 omnino
1735 1212 1833 1268 divinis
1859 1217 2044 1286 mancipatum

1244 1296 1395 1368 obsequiis,
1420 1314 1470 1352 nec
1485 1299 1540 1353 ulla
1551 1315 1669 1372 unquam
1685 1301 1789 1356 ratione
1799 1303 1834 1356 ad
1850 1305 1942 1359 saeculi
1968 1304 2044 1360 dein·

1243 1401 1307 1456 ceps
1323 1401 1403 1455 posse
1417 1386 1507 1442 redire
1534 1386 1621 1442 officia
1637 1389 1677 1456 ;si
1693 1396 1784 1444 tamen
1798 1391 1824 1445 ei
1838 1392 1927 1447 locum
1946 1393 1975 1448 in
1991 1410 2044 1464 qun

1242 1481 1397 1529 constructo
1411 1475 1531 1530 oratorio
1546 1475 1604 1530 Deo
1619 1475 1734 1546 quietius
1756 1486 1851 1548 posset
1864 1480 1975 1548 servire,
1992 1499 2043 1552 pra

1243 1578 1292 1615 sua
1306 1562 1388 1618 vellet
1402 1561 1570 1634 benignitate
1584 1564 1741 1633 concedere,
1759 1567 2042 1639 libentersnsciperct.

1243 1650 1303 1704 Dur
1318 1666 1384 1705 rere
1400 1651 1533 1724 benignus
1545 1652 1604 1722 ejus
1618 1653 1749 1710 rolnalati
1758 1656 1850 1711 lasere
1860 1658 2043 1723 consentiens,

1242 1737 1329 1793 locum
1345 1739 1503 1809 assignavit,
1519 1749 1545 1794 ct
1560 1749 1642 1796 totam
1657 1741 1769 1812 insuper
1783 1752 1891 1814 terram,
1909 1762 1990 1818 quam
2019 1748 2045 1802 ei

1243 1836 1269 1881 et
1297 1828 1380 1882 sociis
1404 1828 1464 1898 ejus
1492 1829 1567 1898 prius
1592 1829 1626 1883 ad
1653 1831 1832 1886 habitandum
1860 1845 2043 1906 concesserat,

1241 1914 1357 1970 liberam
1382 1917 1416 1970 ab
1445 1917 1518 1972 ornni
1540 1917 1638 1973 tributo
1666 1928 1825 1989 perpetuam
1849 1921 1987 1995 delegavit
2017 1925 2046 1980 in

1203 2003 1344 2089 Bdotem.
1360 2004 1515 2076 ingreditur
1537 2006 1619 2076 igitur
1639 2006 1740 2062 clectus
1769 2010 1878 2064 Domini
1893 2012 2046 2084 Fingarlo·

1242 2107 1304 2146 cunr
1331 2091 1409 2148 ducis
1432 2092 1576 2148 clementia
1585 2095 1785 2166 consignatum,
1803 2097 1916 2167 praediis
1929 2115 1963 2154 aa
1975 2116 2045 2171 pos·

1243 2181 1408 2235 sessionibus
1437 2182 1558 2237 dotatum
1585 2183 1751 2253 amplissime
1765 2193 1846 2257 atque
1870 2187 1995 2256 ditatum,
2012 2204 2046 2246 ac

1244 2275 1332 2324 niente
1360 2275 1416 2324 tota
1443 2284 1476 2326 ac
1490 2269 1636 2326 devotione
1650 2271 1677 2325 in
1693 2273 1813 2328 coelestis
1827 2273 1886 2329 solii
1902 2275 2045 2332 habitatio

1243 2372 1306 2411 nern
1334 2356 1452 2412 intentus
1480 2358 1910 2427 babitaculumsanctificationis,
1936 2365 1964 2419 in
1988 2381 2045 2437 quo

1243 2446 1315 2500 Deus
1342 2450 1476 2515 perpetuo
1505 2445 1671 2514 laudaretur,
1699 2449 1826 2505 institnit.
1862 2452 1988 2525 decingit
2014 2469 2045 2510 se

1243 2533 1474 2603 deincepsserrus
1489 2534 1539 2589 Dei
1560 2534 1657 2590 lortius
1684 2536 1720 2592 ad
1744 2552 1825 2608 opera
1838 2536 1959 2609 fortiora,
1981 2557 2044 2598 car·

1242 2637 1304 2675 nem
1327 2620 1431 2687 domat,
1460 2621 1569 2678 roborat
1597 2623 1730 2694 spiritum,
1752 2634 1779 2682 et
1792 2628 1981 2700 prosequendo
1996 2645 2045 2686 se·

1241 2725 1332 2782 psum,
1349 2709 1466 2782 seipsum
1481 2710 1641 2782 perficiebat
1655 2713 1682 2768 in
1697 2714 1824 2770 Domino.

1550 2827 1662 2883 CAPUT
1677 2828 1722 2883 lv.

390 2927 539 3000 deputarit,
568 2922 615 2994 qui
639 2920 778 2990 antiquum
807 2916 937 2986 populum
963 2916 1040 2972 silice
1058 2933 1187 2986 percusso
1242 2914 1765 2988 depressasFiaparisiapatriam,et
1785 2921 1868 2990 regni
1890 2923 2044 2978 recusatio,

387 3018 501 3092 potavit.
518 3015 705 3082 Comparetur,
735 3007 757 3060 si
785 3006 884 3076 placet,
902 3005 1002 3060 lactum
1031 3005 1188 3076 antiquom
1278 3005 1342 3058 Post
1356 3013 1463 3074 tempus
1490 3003 1605 3074 aliquod
1620 3005 1654 3060 ad
1682 3005 2046 3066 locumnatirirntisadmffi

388 3109 417 3166 S.
434 3103 579 3164 Clementis
593 3096 732 3162 miraculo,
748 3095 798 3150 nisi
814 3093 886 3164 quod
907 3092 954 3148 ille
980 3091 1010 3122 '⁰¹
1025 3095 1096 3162 pede
1123 3095 1187 3167 agni
1241 3093 1314 3147 nitus
1338 3094 1445 3147 hortatu
1473 3092 1599 3164 angelico
1622 3092 1711 3149 redire
1735 3094 1858 3164 jubetur.
1897 3097 2045 3166 Quocum

388 3197 472 3256 lentis
487 3190 614 3264 cognorit
629 3189 793 3250 thesaurum,
810 3183 859 3237 iste
874 3181 997 3236 acumine
1011 3183 1055 3236 teli
1067 3183 1186 3238 bullion·
1241 3181 1350 3236 Domini
1376 3181 1403 3234 in
1427 3181 1554 3236 omnibus
1574 3181 1703 3251 praesidio
1725 3182 1808 3239 lultus
1831 3185 1966 3254 rediisset,
1991 3187 2043 3242 lli-

388 3297 441 3344 tem
464 3297 559 3340 venam
588 3275 700 3332 invenit.
721 3272 844 3342 Denique
871 3285 932 3326 curn
961 3269 1092 3326 lavandus
1108 3288 1137 3327 se
1152 3272 1187 3328 ad
1241 3268 1364 3324 herniam
1379 3269 1479 3324 Christi
1505 3269 1612 3339 legibus
1635 3270 1783 3338 subditam,
1812 3272 1841 3327 in
1867 3273 2043 3333 confessione

387 3378 489 3433 tantem
505 3372 671 3441 disponeret,
687 3362 820 3417 inclinans
835 3376 863 3415 se
878 3359 1027 3430 inaquam,
1058 3357 1386 3441 pe1·um.Cclrristiani
1424 3358 1543 3415 nominis
1566 3359 1739 3431 gloriantem,
1767 3368 1795 3416 et
1822 3370 1906 3417 totam
1931 3364 2043 3421 lavacro

386 3466 463 3522 brem
479 3454 692 3516 lormosivultus
712 3450 751 3507 sui
779 3448 1005 3519 pulchritudinem
1033 3450 1183 3518 attendens,
1239 3456 1334 3504 sancto
1361 3446 1501 3517 pertusam
1530 3447 1645 3503 invenit.
1678 3449 1891 3507 Gaudentservi
1915 3454 2044 3509 sadomi·

386 3561 445 3610 erat
459 3550 530 3606 enim
545 3544 682 3616 speciosus
696 3540 777 3597 valde
791 3548 817 3593 et
831 3539 944 3593 decorus
959 3546 1078 3607 aspectu,
1103 3538 1186 3607 coepit

385 3642 499 3699 laudare
514 3639 601 3692 Deum
616 3640 642 3688 et
655 3629 824 3695 benedicere,
834 3627 987 3697 quitantam
997 3626 1024 3681 ei
1035 3625 1185 3683 contulerat

385 3729 511 3806 gratiam.
530 3726 561 3779 Et
576 3739 609 3778 ex
623 3721 670 3775 illa
685 3720 751 3773 hora
766 3732 794 3770 sc
809 3716 832 3769 ci
849 3714 1010 3769 serviturum
1023 3721 1077 3769 tota
1096 3715 1183 3771 dero·

386 3820 458 3876 lione
472 3812 618 3885 spondens,
634 3808 723 3863 solnta
738 3806 772 3859 de
786 3804 874 3873 capite
890 3802 950 3872 equi
966 3802 1052 3871 lreno,
1069 3803 1184 3857 liberum

385 3922 438 3978 quo
467 3902 551 3955 vellet
579 3892 933 3965 irepernrisit;ipserero
961 3890 1030 3945 inter
1054 3891 1184 3945 saxnsnb

386 3993 503 4065 quodam
519 4002 601 4057 specu
615 3984 735 4047 latitans,
747 3994 895 4052 quercuum
916 3978 1025 4067 glande³
1045 3978 1183 4048 aliquanto

385 4090 508 4149 tempore
522 4074 599 4130 visit.
617 4070 692 4125 Socii
708 4075 797 4123 autem
811 4068 931 4135 ejusper
944 4066 1004 4120 loca
1024 4064 1112 4119 diffusi
1129 4075 1184 4123 tota

384 4168 533 4227 intentione
546 4158 701 4231 quaerebant
716 4172 788 4223 curn,
804 4161 831 4209 et
852 4169 912 4207 cum
928 4168 981 4208 non
1005 4153 1180 4225 invenissent,

385 4257 458 4317 anxii
473 4252 553 4311 valde
579 4255 605 4305 et
619 4246 744 4301 dolentes
759 4242 860 4298 reversi
876 4249 937 4296 sunt
952 4241 983 4295 ad
1000 4242 1182 4299 habitaculum

384 4362 472 4405 suurn.
489 4340 619 4398 Dominus
633 4342 723 4390 autem
735 4330 880 4387 britanniae
894 4346 955 4386 curn
972 4331 1090 4387 audisset
1105 4332 1181 4388 illum

384 4438 490 4502 deesse,
506 4426 625 4487 evocatis
636 4424 670 4479 nd
685 4438 713 4477 se
728 4420 810 4477 sociis
824 4420 890 4489 ejus,
907 4418 1060 4489 requirebat
1088 4420 1123 4476 ab
1143 4422 1182 4477 eis

1239 3551 1304 3590 num
1328 3535 1477 3605 accepisse,
1493 3535 1637 3591 Christiani
1653 3536 1761 3603 lldeles,
1774 3548 1928 3595 consortem
1943 3550 2040 3612 patro-

1239 3640 1303 3678 num
1320 3637 1327 3692 ;
1343 3632 1439 3693 rogant
1465 3639 1539 3690 eunt,
1563 3624 1667 3679 Clitone
1692 3633 1769 3695 patre
1794 3627 1933 3697 deiuncto,
1955 3631 2042 3687 susci·

1239 3728 1307 3783 pere
1334 3722 1460 3783 regnum,
1476 3712 1615 3783 cupientes
1642 3713 1811 3771 defensorem
1839 3716 1920 3772 talem
1937 3718 2041 3775 babere

1239 3800 1320 3870 cujus
1338 3800 1510 3870 procidentia
1532 3800 1729 3873 gubernaretur
1750 3818 1867 3874 regnum
1904 3812 1932 3860 et
1968 3822 2041 3863 nova

1239 3890 1327 3943 adhuc
1342 3888 1530 3943 christianitas
1545 3897 1673 3944 tueretur.
1689 3890 1760 3959 Tibi,
1774 3891 1907 3962 inquiunt,
1923 3904 2041 3965 excepto

1239 3977 1313 4048 quod
1340 3976 1571 4032 lideiChcistianae
1586 3984 1612 4031 te
1626 3978 1751 4048 cupimus
1765 3979 1867 4035 habere
1892 3980 2038 4053 fautorem,

1238 4081 1272 4121 ex
1296 4080 1401 4135 genere
1413 4062 1544 4137 regius*
1559 4066 1647 4121 honor
1660 4066 1782 4131 debetur,
1798 4066 1834 4123 ad
1848 4075 1875 4123 te
1894 4070 2040 4127 hereditas

1238 4153 1363 4223 pertinet,
1391 4152 1440 4205 tibi
1473 4152 1644 4209 hereditario
1674 4154 1738 4224 jure
1769 4156 1841 4210 cedit
1881 4159 2034 4227 possessio.

1237 4240 1305 4295 Tum
1317 4242 1375 4310 ipse
1391 4257 1398 4296 :
1416 4241 1528 4308 Parcite,
1544 4241 1641 4313 inquit,
1657 4242 1829 4312 charissinri3
1844 4245 1927 4301 scattl
1955 4248 2037 4303 dedi-

1235 4337 1310 4385 catus
1329 4344 1389 4383 sum
1405 4330 1520 4393 Christo,
1533 4329 1572 4383 illi
1589 4329 1641 4384 soli
1669 4346 1714 4387 me
1736 4332 1896 4387 serviturum
1925 4334 2036 4404 devovi,

1236 4417 1270 4473 ad
1285 4416 1375 4472 olhcia
1389 4416 1483 4473 aaeculi
1495 4417 1625 4487 deinceps
1640 4418 1740 4475 reverti
1761 4434 1814 4475 non
1828 4435 1953 4491 possum,
1970 4440 2038 4495 qno-

382 4524 414 4556 ¹'¹
428 4538 481 4595 qno
497 4516 660 4581 devenisset,
675 4512 717 4567 rel
732 4509 797 4582 qnid
816 4508 850 4562 do
864 4524 897 4564 ea
918 4508 1018 4564 lactum
1034 4508 1138 4579 luisset,
1154 4518 1181 4565 et
1235 4505 1525 4561 niamaemamitteaa
1532 4507 2037 4581 manamadaratcrtm,ctrcrpicieas

381 4580 510 4684 alligatos
525 4607 551 4660 in
566 4602 689 4661 custodia
708 4597 818 4654 tradens
845 4597 1062 4653 comminabatur
1086 4597 1180 4667 jurans
1235 4597 1559 4665 rctc0,aptarestrcqaa
1575 4596 1626 4651 Dei
1643 4596 1723 4666 (lac.
1739 4612 1779 4665 nr,
1796 4598 1852 4666 bd).
1869 4598 1955 4654 Nemo
1982 4603 2037 4657 ηιξ.

381 4718 411 4759 se
426 4698 576 4757 occisumm
591 4704 697 4757 omnes,
718 4686 770 4741 nisi
786 4692 812 4741 ct
839 4685 978 4740 ceritatem
1007 4684 1177 4741 indicarent:
1236 4682 1325 4738 litans
1333 4682 1398 4749 ltea,
1409 4682 1540 4754 implicat
1549 4698 1580 4738 ac
1594 4684 1717 4754 negotiis
1730 4684 1962 4753 secularitatem
1967 4690 2035 4760 pla·

381 4790 513 4847 arbitrans
528 4783 563 4839 ab
578 4780 620 4837 eis
635 4778 662 4833 in
677 4774 851 4831 contentione
879 4772 923 4829 rel
950 4772 1038 4846 litigio
1067 4774 1181 4829 interra·
1236 4774 1299 4827 cent
1320 4772 1347 4825 ci
1367 4772 1415 4827 cal
1434 4785 1464 4827 rc
1485 4771 1592 4828 denovit
1606 4772 1645 4837 (ll
1657 4773 1724 4827 Tira.
1741 4788 1771 4841 n,
1787 4775 1826 4843 l).
1843 4774 1876 4829 Et
1896 4790 1959 4829 cura
1985 4793 2035 4833 ro·

381 4888 467 4952 ptum.
493 4872 547 4931 Scd
575 4884 624 4925 eur
651 4865 789 4921 hominem
817 4861 989 4930 occidissent,
1026 4876 1075 4931 pro
1104 4863 1182 4933 cujus
1235 4866 1334 4932 gantas
1346 4858 1393 4928 pia
1407 4858 1610 4929 importunitate
1624 4860 1757 4915 instarent
1773 4879 1779 4918 :
1797 4861 1827 4915 ln
1855 4866 2033 4936 recumbit,

382 4980 477 5025 amore
491 4957 581 5016 natale
605 4955 691 5011 solum
715 4951 892 5023 reliquerant,
922 4948 1083 5019 laboresque
1104 4950 1181 5005 susti-
1235 4948 1341 5014 fratres,
1369 4947 1451 5002 tantis
1477 4946 1603 5017 precibus
1629 4947 1757 5005 laboratis
1772 4964 1779 5013 ;
1795 4963 1848 5021 ego
1865 4950 1940 5006 eninr
1956 4954 2035 5010 robis

382 5058 496 5111 nuemnt
511 5045 640 5111 infinitos,
657 5051 737 5098 terrae
753 5038 1181 5110 margisquediscriminatolera·
1235 5052 1298 5093 cum
1320 5034 1420 5090 diutius
1443 5033 1559 5090 detineri
1585 5051 1641 5091 non
1676 5052 1801 5107 possum.
1828 5036 1882 5093 Sed
1909 5039 1932 5094 si
1946 5043 2033 5099 rultis

382 5147 477 5200 serant
496 5134 609 5191 multat
633 5131 756 5201 Denique
781 5127 967 5196 tristitiaque
997 5124 1182 5182 alliciebantur
1235 5139 1319 5197 agere
1342 5123 1491 5179 secundnm
1521 5140 1613 5179 mcum
1639 5124 1800 5195 consilium,
1828 5126 1923 5199 eligite
1942 5130 2032 5187 rirnm

382 5246 431 5303 pro
447 5242 489 5295 eo,
501 5239 555 5279 non
570 5218 731 5285 homicidas,
748 5216 880 5271 sedreros
891 5215 1178 5285 monstrabatamicos,
1231 5212 1392 5268 industriam
1418 5226 1450 5268 ac
1478 5210 1690 5278 fidelem,unnm
1705 5228 1739 5269 ex
1767 5214 1906 5270 nobilibus
1919 5220 2031 5289 patriae,

383 5325 409 5375 et
435 5315 504 5371 tales
532 5310 630 5381 quibus
646 5306 721 5361 credi
746 5320 800 5359 non
821 5305 855 5359 de
869 5304 942 5370 adio,
955 5304 1004 5357 sed
1018 5302 1182 5359 deamicitia
1231 5302 1308 5372 cajus
1322 5300 1493 5372 providentia
1502 5300 1657 5357 moderetur
1668 5316 1794 5373 regnum,
1814 5309 1839 5357 et
1868 5302 2032 5365 Christiana

382 5404 528 5465 debuisset.
545 5394 675 5469 Exposita
691 5402 781 5449 tamen
795 5392 913 5465 qualiter
927 5392 1085 5448 inventione
1108 5392 1181 5450 cervi
1231 5388 1294 5446 lidei
1310 5388 1522 5462 tueaturreligio
1538 5404 1545 5461 3
1562 5388 1634 5446 etitli
1643 5404 1804 5463 germanam
1812 5406 1900 5449 meam
1909 5391 2028 5468 Pialam,

1035 5542 1149 5599 thRlAE
1168 5542 1374 5601 lactronns.

420 5702 611 5767 '⁸'Frnstratim
640 5718 693 5761 rar.
723 5694 869 5757 frustatim.
921 5692 1019 5753 ”lcum
1048 5691 1159 5779 antiquo
1195 5690 1349 5755 manmit.
1370 5708 1442 5755 cum.
1470 5690 1577 5780 ‘¹⁰¹Nam
1593 5694 1638 5769 qui
1652 5692 1698 5754 ille
1712 5712 1768 5754 mr.
1788 5694 1840 5781 nisi
1868 5697 1940 5770 quod
1967 5698 2025 5786 inp,

382 5778 583 5855 m[tequirebat
598 5776 636 5835 eis
650 5791 705 5834 nra.
720 5769 877 5847 requirebat
898 5766 933 5827 ab
948 5767 997 5827 eis.
1020 5764 1137 5829 ''⁸ltncrs
1155 5766 1299 5845 adducitur
1322 5783 1378 5830 tar.
1410 5769 1491 5829 Ducis
1518 5784 1581 5830 curn
1606 5770 1706 5831 bonore
1730 5768 1882 5833 adducitur.
1907 5769 2026 5851 *Regu

380 5852 558 5931 archegins.
