4750 6725
304 648 356 706 969
711 644 941 706 otvuasouutt
960 646 1188 705 hortationes
1215 648 1277 703 PlAE
1300 648 1366 706 utto
1386 648 1544 707 CLUNlth.

1908 660 1959 715 970

303 808 364 850 nem
379 790 534 850 monasterii
549 791 661 849 S.Petri
680 788 910 863 Campi-Rotundi
933 791 961 845 in
990 788 1100 847 Gerun-
1115 773 1143 833 Α
1158 790 1202 845 cui
1218 790 1332 847 domnus
1346 792 1425 865 liugn
1441 800 1687 867 nostergermanus
1701 810 1821 868 preesse
1842 798 1959 869 videtur,

304 882 543 948 donaiterritorio,
564 890 645 955 atqua
672 880 830 937 monasterii
853 881 883 935 B.
912 879 1005 935 ldariva
1032 878 1106 953 qood
1160 878 1280 952 aliquam
1296 886 1449 953 partemax
1467 884 1549 939 rebus
1571 884 1648 954 meis,
1673 900 1734 958 quae
1763 886 1821 944 sitae
1849 889 1961 943 suntin

304 966 861 1055 diciturarulas,inElepensiconlinio:
893 968 1030 1039 simulque
1048 984 1106 1023 mo·
1159 985 1233 1043 pago
1248 972 1536 1043 augustodunensiet
1549 973 1575 1029 io
1587 974 1652 1030 villa
1666 990 1727 1047 quie
1756 984 1866 1032 vocatur
1885 979 1959 1033 blar-

305 1060 414 1117 nasterii
430 1061 458 1117 S.
480 1058 555 1115 Pauli
566 1059 593 1114 in
608 1058 679 1115 valle
694 1056 773 1129 oley,
788 1057 817 1112 in
828 1057 998 1114 Narbonensi
1016 1071 1104 1128 pago;
1160 1058 1288 1125 ciniacus,
1304 1060 1446 1117 ecelesiam
1475 1061 1588 1129 scilicet,
1606 1078 1687 1133 qnam
1706 1080 1755 1135 pro
1765 1066 1954 1135 redemptione

304 1159 334 1206 ul
352 1156 502 1205 1011020202
516 1146 786 1218 ordinenlplaediclt
801 1145 975 1209 m0ss³³leriai
1004 1160 1106 1200 seeun-
1159 1149 1347 1217 peccaminum
1364 1165 1485 1206 meorum
1501 1151 1536 1206 ab
1546 1152 1611 1222 ipsis
1626 1152 1809 1209 fundamentis
1826 1153 1961 1211 aediiicare

304 1241 369 1295 dum
384 1236 546 1311 regulamS.
559 1236 698 1293 &radiati
712 1236 924 1307 inperpetuum.
958 1234 992 1290 Ut
1016 1238 1108 1289 autem
1160 1236 1252 1307 cupio,
1269 1237 1471 1309 inperpetuum
1485 1240 1574 1309 trado,
1591 1258 1697 1297 necnon
1713 1250 1766 1298 tres
1782 1244 1962 1300 measconde

305 1329 444 1385 breomea
466 1325 555 1383 cessio
582 1325 690 1381 stabitis
713 1333 885 1397 permaneat,
910 1322 1051 1377 abhatiam
1078 1322 1106 1379 S.
1161 1326 1250 1381 minas
1262 1326 1462 1397 atqueboscum
1478 1344 1577 1397 meum,
1596 1330 1728 1401 simulque
1765 1348 1873 1401 parum,
1904 1340 1960 1387 ter.

306 1412 721 1484 banoedeamtisdeilttsqut
742 1413 770 1469 in
799 1413 892 1468 levum
922 1411 1109 1483 acquisierant
1162 1430 1274 1484 remque
1290 1420 1375 1470 totam
1390 1417 1490 1471 cultam
1510 1426 1537 1473 et
1551 1418 1690 1487 incultam,
1708 1436 1787 1490 quam
1800 1420 1839 1474 ibi
1867 1421 1962 1477 videor

306 1505 427 1567 redemi;
444 1503 580 1560 sciliceta
608 1502 742 1558 Guilredo
770 1501 943 1557 Narbonensi
965 1500 1109 1570 archiepi·
1163 1503 1263 1557 habere
1282 1504 1457 1561 dominicam.
1488 1506 1564 1562 Hanc
1592 1508 1765 1563 donationem
1803 1508 1875 1565 dono
1905 1511 1963 1566 Deo

309 1592 709 1665 scopooentumunciasauri,
740 1599 767 1646 et
790 1592 825 1646 ab
854 1590 973 1645 llrnaldo
999 1588 1111 1658 arnaldi
1163 1592 1444 1665 supradictoqueloco
1458 1612 1508 1665 pro
1524 1596 1646 1651 remedio
1662 1596 1760 1653 animae
1776 1612 1846 1652 meae
1862 1606 1887 1653 et
1910 1615 1963 1669 pa-

311 1692 418 1741 aeolum
433 1684 530 1737 uncias
546 1680 614 1749 auri,
631 1688 657 1735 et
671 1680 767 1735 invita
782 1696 829 1735 sua
843 1679 934 1735 dimisi
949 1678 973 1733 ai
988 1678 1022 1733 de
1050 1679 1111 1748 ipso
1164 1690 1268 1734 rentum
1285 1684 1676 1747 meorum,annucntecomita
1701 1686 1844 1753 Tethaldo,
1871 1686 1964 1742 iratri-

311 1774 414 1829 honore
423 1768 621 1842 cappellaniam
636 1770 663 1823 in
678 1769 794 1825 eeclesia
808 1769 836 1824 S.
855 1768 929 1823 Patri
940 1766 1110 1833 deatnania,
1164 1769 1346 1838 nusquamst,
1363 1772 1468 1825 dodran
1484 1779 1511 1826 et
1539 1772 1684 1839 Dalmatio,
1711 1774 1868 1847 cunctisque
1897 1776 1964 1831 meis

311 1870 392 1932 atque
406 1875 503 1915 omnes
518 1859 596 1914 leros
623 1858 750 1924 militum,
771 1872 839 1929 quos
867 1858 894 1911 in
922 1854 1111 1911 bisuldunensi
1165 1856 1292 1913 fidelihus
1308 1859 1530 1929 astipulantibus.

315 1948 430 2006 confinio
454 1948 482 2003 S.
512 1947 596 2002 Maria
623 1946 742 2002 hahebat
766 1947 870 2016 absque
894 1943 957 1999 levo
984 1941 1112 1998 bernardi
1529 1968 1601 2022 XVI⁸

314 2038 466 2103 Adalbffl'iii
482 2046 507 2093 ⁰¹
522 2036 657 2091 Wfflelffli
674 2035 794 2108 sigilii·
807 2033 938 2134 Sl'ffflii‘s
954 2034 1035 2087 eiiam
1047 2033 1112 2131 ‘ab'
1170 2052 1287 2109 litter-or
1307 2052 1432 2110 Galindai
1453 2058 1566 2111 comitia
1587 2060 1771 2114 bernacensis
1786 2058 1819 2113 dc
1844 2061 1969 2117 Ecclesia

314 2124 455 2181 ΜΝ·
475 2125 587 2180 ''⁰¹¹¹st
616 2125 694 2181 pem
722 2125 883 2181 Vi⁰e⁰⁰m¹¹⁰
911 2122 1156 2186 F⁰⁰⁰¹⁰¹¹³¹¹¹m¹B
1191 2144 1304 2199 Soacloe
1320 2146 1564 2214 Marpureloea'ota
1582 2150 1754 2202 monasterio
1771 2148 1964 2206 cluniacensi.

311 2230 391 2286 quom
426 2215 454 2269 in
482 2213 545 2271 levo
561 2214 722 2287 acquisierat
757 2212 854 2269 redimi
889 2219 997 2269 eentum
1022 2210 1114 2265 uncias
1468 2234 1562 2291 (Anno
1577 2234 1669 2304 1032.)

313 2304 381 2373 aun‘,
397 2312 425 2359 et
437 2304 502 2358 dum
513 2303 614 2359 vixerit
633 2303 723 2358 dimisi
748 2302 774 2357 ei
803 2302 837 2356 de
865 2301 925 2371 ipso
951 2301 1054 2356 honore
1083 2298 1112 2354 S.
1274 2318 1394 2391 lpum„
1410 2323 1524 2379 Misceat,
1542 2323 1613 2378 edit.
1642 2324 1786 2389 Luc.,lll,
1806 2324 1863 2397 55]

312 2393 389 2449 P⁸⁰¹i
404 2392 495 2448 vium
511 2408 572 2462 ‘¹¹¹ae
582 2391 681 2447 didm?
694 2391 779 2445 mauri
796 2433 803 2457 ⁵
819 2389 929 2460 insuper
944 2404 1039 2445 ΟΜ
1053 2403 1114 2442 '¹¹³'
1204 2418 1234 2472 ln
1250 2419 1359 2474 nomine
1372 2428 1473 2475 sanctae
1488 2427 1515 2475 et
1530 2420 1681 2475 individuae
1696 2420 1848 2477 Trinitatis.
1872 2422 1970 2478 Omni·

311 2480 353 2536 las
367 2480 585 2549 consuetudines,
601 2479 747 2545 botaticos,
763 2477 899 2551 albergas,
918 2485 999 2549 atque
1024 2475 1114 2547 tragi-

316 2584 375 2639 nas,
396 2578 424 2625 et
451 2584 546 2625 omues
568 2577 694 2636 torturas,
724 2584 791 2640 quas
818 2583 870 2639 ego
894 2568 1034 2634 hactenus,
1071 2563 1116 2619 vel

314 2673 409 2713 omnes
423 2666 613 2714 antecessores
628 2658 680 2713 mei
691 2659 719 2711 in
733 2656 802 2727 ipsis
814 2653 963 2710 honoribus
973 2652 1117 2725 praedicto-

313 2764 374 2803 rum
386 2747 613 2812 monasteriorum
627 2746 767 2818 inquirere
792 2744 962 2808 videbamur,
993 2741 1114 2796 lunditus

314 2836 433 2893 dimitto.
452 2836 535 2892 iatam
546 2835 684 2907 siquidem
702 2832 1030 2901 donatiouem,sicutjam
1047 2829 1115 2899 dixi,

313 2924 350 2981 ita
361 2926 423 2996 jura
437 2932 568 2996 perpetuo
582 2924 728 2980 tenendam
743 2940 802 2978 csse
832 2922 894 2978 volo
916 2938 924 2987 ;
949 2928 977 2974 ut
1004 2918 1026 2974 si
1054 2918 1115 2988 quis

312 3015 474 3088 eam,quod
502 3014 583 3078 absit,
608 3012 713 3068 violare
744 3010 897 3078 tentaverit,
931 3007 982 3062 sub
1013 3006 1117 3077 judicio

313 3099 429 3159 Romani
441 3100 580 3174 pontilicis
595 3099 805 3156 examinandum
821 3114 879 3154 esse
894 3097 1029 3170 relinquo.
1061 3096 1116 3150 Fa-

312 3201 385 3248 ctum
400 3200 441 3248 est
456 3200 547 3247 autam
561 3189 642 3261 hujus
659 3204 727 3244 meaa
756 3184 940 3243 concessionis
968 3193 1117 3239 testamen-

316 3288 376 3335 tum
389 3280 416 3334 io
432 3279 558 3334 manibus
580 3276 735 3334 charissimi
757 3278 814 3332 mei
842 3274 997 3333 consobrini
1021 3272 1116 3329 domni

314 3367 434 3425 Hunaldi
448 3367 555 3425 abbatis
569 3366 767 3438 bloisiacensis,
782 3381 853 3422 anno
862 3364 1013 3422 Dominicis
1024 3365 1117 3418 lucar·

1168 2507 1219 2560 bus
1243 2516 1344 2563 sauetae
1366 2507 1509 2563 catholiuae
1529 2510 1659 2563 Ecclesiae
1695 2506 1757 2563 iiiiis
1792 2513 1972 2579 presentibus

1169 2603 1251 2667 atque
1266 2595 1361 2651 lutatis
1376 2598 1547 2653 notissimum
1577 2599 1638 2653 volo
1665 2596 1734 2663 heri,
1758 2614 1810 2671 ego
1839 2601 1973 2656 Guarinus

1170 2684 1366 2739 dictuscomes
1388 2685 1570 2742 liosnacensis
1598 2687 1734 2755 territorii,
1764 2688 1837 2757 quod
1864 2698 1974 2761 propter

1170 2772 1289 2843 gratiam
1310 2774 1432 2841 ejusdem
1461 2773 1574 2830 honoris
1603 2774 1757 2841 transitorii,
1788 2776 1852 2830 dum
1885 2794 1973 2835 essem

1170 2860 1241 2915 lilius
1256 2862 1358 2929 saculi,
1374 2862 1491 2935 cogitavi
1506 2871 1535 2918 ut
1549 2862 1576 2917 in
1591 2862 1748 2918 alimoniam
1768 2862 1885 2919 filiorum
1914 2866 1974 2932 Dei,

1171 2950 1284 3022 quipro
1303 2952 1421 3019 paitcatis
1449 2954 1516 3007 meis
1544 2962 1569 3007 et
1598 2950 1678 3007 totius
1706 2953 1800 3022 populi
1827 2954 1974 3010 ereduntur

1171 3053 1249 3093 orare
1262 3039 1390 3107 pietatem
1406 3041 1524 3109 Domini,
1541 3040 1673 3098 donarem
1689 3052 1793 3115 partem
1809 3042 1903 3097 allodii
1918 3044 1973 3099 mei

1171 3134 1199 3181 et
1213 3126 1279 3181 illud
1290 3129 1363 3197 quod
1379 3128 1513 3183 habebam
1529 3130 1557 3183 in
1583 3131 1700 3187 ecclesia
1728 3131 1834 3187 Sanctae
1862 3132 1974 3202 Marga-

1172 3222 1238 3270 retae
1252 3216 1369 3271 Domino
1384 3226 1411 3271 et
1426 3225 1518 3273 sancto
1537 3218 1615 3275 Petro
1631 3218 1817 3297 Cluuiaeensis
1846 3220 1973 3290 caenobii,

1172 3304 1244 3376 quod
1262 3306 1466 3378 precogitatum
1483 3306 1599 3363 Domino
1614 3307 1725 3364 volente
1740 3308 1854 3379 perfeci,
1870 3308 1974 3366 consti-

1173 3393 1236 3448 tutis
1251 3393 1317 3448 inibi
1333 3394 1460 3450 iratribus
1476 3395 1520 3466 qui
1537 3396 1589 3451 sub
1605 3398 1744 3466 proposito
1769 3397 1887 3468 regulari
1912 3398 1972 3451 Do·

312 3457 430 3514 ”mmi'
445 3459 525 3525 ¹⁰⁷&
541 3473 597 3513 ³³⁸³
610 3471 706 3525 ’Μ’
722 3454 857 3528 Gr⁰ss⁰fi⁰
874 3449 1117 3524 v¹¹p⁸P⁸P⁰¹¹⁸ffi'
1130 3473 1155 3535 C
1170 3481 1246 3536 mino
1257 3483 1427 3538 deservirent
1439 3488 1467 3538 et
1486 3493 1589 3540 sauctae
1604 3483 1724 3556 Virgini.
1749 3485 1806 3539 Sed
1834 3485 1919 3538 altare
1948 3493 1975 3540 et

312 3554 405 3604 catum
434 3547 527 3603 Romae
555 3549 672 3615 tenente,
692 3544 821 3615 Philippo
845 3543 1010 3598 Francomm
1051 3555 1116 3612 rege

312 3642 459 3708 regnante.

348 3725 467 3780 Testium
483 3723 627 3792 vocabula,
643 3721 691 3796 qui
719 3724 773 3779 boo
794 3719 999 3778 affirmaverunt
1022 3717 1118 3773 subtus

314 3821 376 3869 aunt
389 3813 501 3884 scripta.

349 3903 411 3976 Ego
421 3901 591 3958 bertrandus
605 3914 699 3958 eomes
712 3898 827 3968 affirmo,
843 3914 878 3955 ac
892 3897 1009 3971 pmpriis
1031 3894 1119 3951 mani·

317 3989 369 4046 bus
382 3991 420 4046 ita
433 3990 577 4062 consigno,

350 4079 373 4151 †
389 4079 417 4136 S.
439 4076 526 4134 Pontii
541 4077 676 4150 Bledger.

351 4167 383 4224 S.
402 4165 533 4224 Udalardi
549 4164 730 4220 vicecomitis.

350 4255 383 4311 S.
400 4254 540 4310 adalberti
551 4252 706 4309 Gausberti.

352 4343 383 4399 S.
403 4343 512 4398 arnaldi
527 4341 648 4398 Geraldi.

352 4433 385 4490 S.
404 4432 474 4488 Petri
483 4430 638 4488 Gausberti.

353 4522 385 4578 S.
405 4520 555 4578 Gausberti
569 4520 652 4575 Petri.

319 4716 433 4776 Charta
451 4715 585 4789 Goalridi
596 4715 709 4781 militia,
718 4715 821 4786 [ratris
836 4715 863 4772 S.
873 4715 1118 4788 liuponlrdcllor·

452 4805 562 4863 riniaco
576 4805 609 4860 in
621 4820 693 4877 popo
707 4804 968 4877 aapmtodaocnn'.

541 4893 746 4964 (Circaannum
766 4893 859 4966 1080.)

490 4980 652 5055 [Manuaruq
675 4982 811 5039 Artacdot.
836 4982 857 5052 l,
884 4981 958 5056 ild]

1172 3575 1298 3642 quartam
1312 3577 1416 3640 partem
1431 3571 1515 3642 ipsius
1530 3573 1654 3626 ccclesiae
1670 3581 1734 3628 tunc
1749 3574 1881 3644 temporis
1905 3589 1975 3642 pos·

1171 3658 1294 3712 sidebant
1310 3659 1406 3713 iratres
1421 3659 1564 3714 Dervonsis
1597 3659 1761 3727 monasterii,
1791 3661 1836 3715 ubi
1860 3661 1976 3717 honori·

1171 3745 1222 3801 lice
1238 3747 1381 3816 requiescit
1393 3763 1492 3818 eorpus
1506 3747 1668 3803 venerahilis
1682 3749 1828 3804 herebarii.
1848 3750 1882 3806 Ut
1910 3765 1976 3830 ergo

1171 3835 1330 3905 praedictam
1345 3834 1488 3891 ecclesiam
1511 3852 1544 3892 ex
1572 3837 1680 3908 integro
1704 3836 1834 3892 haberent
1862 3838 1976 3894 Clunia-

1171 3939 1268 3981 censes
1290 3925 1426 3994 monachi,
1454 3925 1567 3981 consilio
1588 3924 1684 3980 habito
1698 3941 1760 3980 aum
1774 3926 1877 3982 domno
1899 3943 1971 3998 apo·

1171 4013 1268 4071 stolico
1283 4013 1467 4070 Hildebranno
1482 4014 1602 4083 nomine,
1619 4014 1646 4068 in
1660 4022 1765 4084 papatu
1779 4022 1870 4070 autem
1900 4015 1972 4072 dicto

1172 4101 1316 4175 Gregorio,
1332 4107 1361 4157 ut
1376 4118 1496 4158 morerer
1520 4103 1622 4158 mundo
1648 4110 1675 4159 et
1699 4105 1820 4159 viverem
1849 4104 1917 4174 Deo,
1946 4105 1974 4160 in

1170 4192 1359 4247 remissionem
1390 4192 1512 4247 omniurn
1538 4191 1701 4248 delictorum
1731 4196 1759 4247 et
1787 4193 1822 4248 ad
1858 4193 1975 4248 salutem

1172 4289 1373 4336 autecessorum
1399 4296 1533 4348 meorum,
1556 4295 1617 4336 cum
1646 4279 1835 4336 benedictione
1863 4289 1971 4351 aposto·

1171 4367 1234 4435 lica,
1251 4368 1476 4424 etoumlicaotia
1498 4367 1618 4440 episcopi
1647 4367 1700 4422 mei
1729 4366 1823 4422 domni
1852 4369 1975 4440 lluqonis

1172 4456 1320 4522 Trecasioi,
1337 4463 1364 4511 et
1378 4471 1440 4512 cum
1465 4456 1560 4512 lavore
1588 4454 1737 4511 Theobaldi
1765 4455 1871 4510 comitis
1891 4457 1972 4528 pala·

1172 4545 1232 4615 tini,
1247 4559 1308 4600 curn
1324 4544 1404 4600 lauda
1420 4544 1502 4600 etiam
1516 4543 1731 4616 propinquorum
1746 4559 1882 4616 meorum,
1907 4545 1971 4602 dedi

1171 4649 1216 4690 me
1230 4649 1291 4690 com
1306 4634 1414 4689 allodiis
1429 4633 1497 4689 meis
1510 4633 1678 4704 principibus
1694 4633 1878 4702 apostolorum
1887 4635 1969 4691 Petro

1171 4731 1199 4778 et
1215 4723 1306 4790 Paulo,
1320 4722 1468 4778 venerabili
1488 4737 1597 4794 quoque
1611 4721 1767 4790 Samiario,
1784 4721 1968 4792 inpraesentia

1132 4825 1158 4885 1]
1172 4811 1267 4868 domni
1282 4810 1387 4866 abbatis
1401 4811 1532 4866 Bruooois
1542 4818 1568 4866 et
1584 4811 1778 4866 monachorum
1792 4808 1969 4880 fideliumque

1170 4917 1296 4956 suorum.
1313 4901 1406 4970 ltaque
1418 4899 1477 4970 jam
1492 4898 1580 4955 dictus
1592 4898 1678 4954 abbas
1692 4905 1719 4952 et
1733 4898 1968 4955 monachiannua

1170 4997 1232 5044 runt
1247 4988 1472 5044 Cluniaeensibus
1487 4987 1571 5043 altare
1584 4995 1613 5042 et
1624 4994 1746 5057 quartam
1761 4995 1865 5056 partem
1885 5003 1971 5058 supra

356 5077 464 5137 Divinis
477 5079 593 5135 decretis
615 5079 735 5133 humana
763 5079 903 5134 temeritas
930 5079 1120 5149 prejudicium
1169 5085 1328 5134 memoratae
1343 5076 1475 5142 ecclesia,
1492 5074 1610 5145 acceptis
1619 5074 1669 5128 sihi
1685 5074 1783 5130 alodiis
1804 5091 1865 5146 quae
1893 5081 1969 5132 erant

317 5170 409 5225 lacere
421 5183 477 5224 oon
489 5165 780 5238 debet,prrejudicium
790 5165 891 5222 etenim
914 5165 955 5236 lit,
983 5183 1046 5223 eum
1068 5184 1119 5238 pro
1168 5165 1261 5222 tinore
1276 5164 1448 5228 conditionis,
1465 5171 1491 5219 et
1505 5163 1608 5234 absque
1620 5163 1688 5234 jugo
1702 5162 1784 5218 ullius
1808 5163 1969 5222 advocatio·

316 5257 397 5314 bonis
419 5255 662 5311 malaradduntur.
679 5255 753 5310 Bona
767 5254 904 5326 siquidem
918 5257 1120 5314 cunctadivina
1170 5255 1221 5322 uis,
1235 5253 1293 5308 sine
1316 5251 1431 5322 alicujus
1450 5251 1601 5322 judiciaria
1622 5258 1758 5320 potestate
1784 5251 1842 5308 sive
1866 5253 1965 5322 banno,

316 5344 434 5419 largitas
442 5344 522 5400 nobis
531 5343 640 5399 abunde
647 5351 804 5414 praesentat.
820 5343 888 5413 Quae
902 5345 924 5398 si
932 5360 986 5400 non
1002 5344 1120 5416 aequalia
1169 5343 1205 5397 ad
1219 5349 1384 5413 postremum
1400 5340 1460 5396 sino
1474 5341 1566 5412 aliqua
1593 5338 1774 5394 redhibitione
1798 5341 1888 5396 omnis
1914 5343 1968 5398 ho·

318 5433 516 5506 etutdignum
531 5439 582 5500 eat,
598 5432 930 5503 tameuasuoplasroate
957 5433 1000 5490 cui
1027 5433 1119 5488 omnia
1168 5431 1259 5486 minis.
1275 5429 1503 5500 Hacigitursunt
1526 5427 1617 5482 alodia
1646 5443 1705 5498 que
1731 5427 1828 5484 tradidi
1852 5430 1909 5486 Deo
1942 5437 1970 5487 et

315 5521 441 5588 contulit,
456 5537 507 5593 pro
520 5520 612 5576 multis
638 5535 693 5577 ooo
719 5519 883 5594 dedignatur
909 5523 1030 5592 recipcre
1052 5521 1118 5578 bre·
1168 5520 1267 5574 sanctis
1281 5517 1409 5588 apostolis
1419 5518 1496 5572 Petro
1507 5523 1534 5572 et
1550 5517 1642 5584 Paulo,
1658 5517 1739 5572 beato
1762 5533 1871 5589 quoquo
1899 5519 1966 5574 Ber·

317 5607 782 5680 viora.Quoe1emplo,ainoout
810 5609 899 5674 decet,
923 5617 1013 5665 umen
1037 5609 1119 5680 juxta
1172 5609 1276 5676 charin,
1305 5605 1496 5676 monachisque
1524 5605 1579 5660 suis
1606 5606 1797 5680 perpetualiter
1827 5606 1965 5662 habenda.

317 5699 495 5771 capacitatem
510 5696 740 5765 meiintelleotus,
756 5712 809 5770 ego
837 5696 995 5754 Gaulredus
1025 5698 1117 5770 aliqua
1173 5697 1312 5767 Roseriaa,
1329 5694 1681 5764 lluctium,Junehereium,
1706 5711 1768 5751 aum
1795 5695 1967 5766 appendiciis

317 5793 442 5860 exparte
451 5786 579 5858 percitus,
590 5785 764 5859 portationem
774 5785 845 5843 facio
856 5786 913 5842 Deo
925 5787 1121 5860 apostolorum·
1173 5787 1239 5855 suis,
1268 5784 1397 5840 videlicet
1423 5783 1506 5842 sorvis
1534 5792 1561 5840 et
1585 5784 1701 5854 ancillis,
1729 5783 1807 5840 terris
1833 5782 1913 5838 cultis
1940 5792 1968 5840 ct

319 5893 373 5950 que
381 5875 500 5949 principi
514 5875 594 5932 beato
610 5877 701 5946 Petro,
716 5874 745 5930 in
765 5874 843 5948 cujus
869 5876 972 5932 bonore
991 5883 1019 5932 et
1038 5892 1119 5934 reve-
1173 5875 1295 5944 inatiltis,
1310 5873 1395 5939 silvis,
1404 5873 1500 5945 protis,
1512 5873 1597 5945 aquis,
1607 5887 1790 5945 aquarumque
1800 5871 1967 5930 decursibus.

319 5963 574 6022 rentiaCluoiacum
592 5963 869 6025 consutoedilicatum
883 5965 1118 6038 asaaeoeuobium,
1173 5967 1207 6024 Ut
1222 5971 1313 6023 autem
1328 5964 1380 6021 hoc
1393 5979 1482 6020 meum
1498 5963 1600 6020 donum
1614 5962 1704 6019 eidem
1718 5961 1842 6018 ecelesia
1869 5969 1897 6019 et
1915 5961 1971 6024 ira·

355 6079 479 6141 Parma.
495 6081 590 6140 calx.
1817 6076 1851 6138 at
