4750 6725
215 585 218 614 l

305 633 351 690 ιιι
839 629 1004 689 maroam
1021 627 1210 688 ιοιιιιιι.
1234 659 1268 672 -
1287 629 1352 688 ιιι.
1372 633 1395 688 ι.
1892 633 1944 690 ιιι
2048 597 2051 602 ’

302 755 389 814 lecimo
402 756 578 830 nonagesimo
594 756 683 822 tertio,
698 755 787 830 pridie
794 759 886 814 Nonas
895 757 995 829 hlartii,
1006 757 1094 830 prima
1107 757 1137 819 Α
1186 754 1248 810 ists
1262 754 1358 812 litterae
1372 770 1435 812 cum
1449 755 1511 814 aliis
1523 756 1655 816 dnselmo
1670 758 1789 818 directus
1803 757 1878 831 prins
1890 757 1943 831 ipsi

301 844 435 901 Dominica
449 844 674 918 Quadraqesimae
688 847 741 918 (a).
761 847 885 917 Praecipit
900 847 990 918 itaqua
1000 863 1049 903 rex
1062 853 1092 902 ut
1145 857 1227 915 quam
1242 843 1301 918 regi
1313 860 1369 902 sum
1383 854 1446 902 sunt
1459 846 1556 904 allatae.
1573 849 1645 903 inter
1672 849 1740 920 herc,
1767 849 1846 920 juxta
1873 847 1947 920 quod

301 935 353 990 sine
367 933 494 992 dilatione
508 951 539 991 ac
554 935 734 992 diminutione
749 935 919 993 investiretur
945 938 980 992 de
998 937 1091 992 omni·
1144 932 1289 988 anselmus
1304 935 1479 1005 praedixerat,
1496 951 1545 992 rex
1560 937 1595 992 ab
1609 936 1766 994 infirmitate
1794 936 1943 994 convaluit.

300 1023 344 1078 bus
373 1023 408 1078 ad
439 1023 705 1095 archiepiscopatum
738 1025 935 1096 pertinentibus
962 1025 1033 1081 intus
1065 1032 1092 1080 et
1145 1021 1208 1076 blox
1239 1021 1323 1094 igitur
1353 1031 1451 1080 cuncta
1482 1041 1545 1098 qnae
1575 1024 1699 1081 infirmus
1727 1033 1857 1082 statuerat
1870 1025 1945 1096 boni,

299 1120 380 1178 extra,
395 1119 475 1184 atque
489 1119 518 1167 ut
532 1112 627 1168 civitas
641 1113 787 1168 cantuaria
815 1129 897 1186 quarn
925 1112 1092 1170 Lanlrancus
1145 1109 1280 1180 dissolvit,
1301 1120 1329 1167 et
1345 1111 1420 1168 irrita
1438 1129 1498 1169 esse
1522 1113 1661 1186 precepit.
1696 1115 1801 1187 Captivi
1834 1131 1945 1186 nempe,

297 1215 342 1256 suo
358 1207 475 1271 tempore
489 1199 517 1256 ia
532 1200 662 1258 beneficio
678 1218 773 1274 araga
788 1202 906 1272 tenebat,
932 1211 959 1258 et
981 1201 1092 1258 abbatia
1145 1197 1191 1270 qui
1204 1200 1325 1256 nondum
1339 1199 1445 1256 lucrant
1458 1200 1575 1272 dimissi,
1588 1203 1668 1273 jussit
1693 1211 1723 1259 nt
1749 1203 1849 1260 arctius
1863 1202 1945 1259 solito

297 1289 375 1343 saneti
388 1288 483 1345 Albani
499 1289 536 1360 (b)
552 1305 633 1360 quam
649 1305 702 1346 non
717 1291 806 1346 solum
821 1291 988 1346 Lanirancus
1001 1290 1049 1346 scd
1064 1297 1091 1346 et
1144 1288 1360 1351 custodirentur:
1376 1288 1493 1358 dimissi,
1509 1290 1533 1345 si
1548 1290 1610 1362 capi
1624 1300 1744 1363 possent,
1771 1290 1947 1348 recluderen-

298 1384 480 1433 nnteccssores
500 1378 559 1450 ejus
579 1378 707 1435 habuisse
730 1387 885 1447 noscuntur¹
912 1380 939 1434 in
964 1379 1003 1451 (c)
1030 1379 1090 1435 alo·

298 1464 364 1520 dium
376 1467 431 1536 (tc)
446 1466 575 1523 Ecclesiae
587 1467 684 1524 Christi
700 1466 900 1524 Canthariensis
914 1485 963 1540 pro
978 1469 1088 1524 redem-

297 1553 380 1626 ptione
394 1555 491 1610 animm
507 1571 573 1622 suae,
586 1563 717 1627 perpetuo
730 1556 800 1629 jure,
816 1557 968 1615 transirent.

329 1642 467 1698 anselmus
481 1651 572 1698 autem
588 1651 649 1716 post
670 1645 729 1701 baec
752 1645 778 1700 in
801 1644 874 1702 villis
895 1647 932 1702 nd
953 1646 1089 1720 archiepi-

296 1739 429 1802 scopatum
445 1732 639 1803 pertinentibus
653 1749 687 1789 ex
700 1742 836 1806 praecepto
866 1734 938 1808 regis
960 1738 1090 1792 moraba-

296 1829 344 1888 tur,
363 1830 539 1876 conversante
558 1837 652 1878 secum
672 1837 704 1878 ac
722 1822 805 1878 victui
819 1839 867 1879 suo
882 1823 1090 1880 caindcneces·

296 1909 359 1964 saria
373 1925 489 1982 quaeqno
504 1917 665 1982 procurante
679 1911 830 1966 venerabili
845 1911 1010 1984 Gundulpbo
1020 1912 1090 1968 Rol-

296 1998 361 2053 lensi
376 1998 503 2070 episcopo
516 1999 566 2069 (d).

327 2087 429 2142 luteres
446 2086 601 2143 missisunt
617 2103 713 2160 arege
741 2089 827 2144 nuntii
854 2105 916 2146 curn
944 2089 1039 2145 litteris
1062 2089 1089 2144 in
1103 2109 1132 2174 Β

294 2175 515 2231 Nortbmnnniam
531 2175 564 2230 ad
580 2176 718 2244 comitem,
747 2178 782 2232 ed
806 2177 960 2248 pontificem
984 2179 1089 2235 ltotbo·

295 2279 459 2336 magensem,
481 2263 516 2320 ad
535 2265 687 2320 monachos
706 2266 864 2336 Bacuenses,
893 2275 1024 2338 quatenus
1048 2267 1090 2324 his

294 2369 348 2424 quaa
376 2353 402 2407 in
429 2352 529 2425 huglia
556 2351 590 2408 do
618 2352 717 2408 abbate
741 2355 866 2410 tteuceusi
881 2356 1090 2428 gestaluerant,

294 2439 387 2512 singuli
402 2449 532 2512 quantum
549 2455 598 2495 sua
613 2440 738 2497 intererat
765 2457 902 2498 assensum
926 2444 1090 2514 preberent.

295 2529 342 2584 Sed
356 2529 441 2600 quid?
459 2529 576 2584 Plurima
591 2529 618 2584 in
637 2531 708 2586 bunc
722 2531 831 2586 modum
854 2539 914 2588 acta
937 2531 1004 2588 nihil
1018 2533 1091 2604 apud

295 2633 338 2672 eos
351 2617 532 2688 pmlecernut,
548 2619 671 2674 'landem
687 2627 777 2674 tamen
804 2620 961 2692 importuna
986 2622 1092 2678 ratione

294 2721 322 2761 ιι
334 2705 484 2762 rationabili
502 2707 713 2778 importunitate.
726 2708 784 2762 Deo
794 2708 963 2778 disponente,
982 2708 1090 2778 devicti,

294 2811 348 2866 quae
363 2795 397 2851 de
408 2795 549 2864 dnselm0,
565 2802 655 2866 empta
669 2803 757 2866 erant,
773 2795 863 2867 perdici
891 2805 1090 2866 concesserunt,

294 2893 315 2938 et
331 2899 362 2940 ne
376 2899 447 2940 onus
462 2883 621 2955 impositum
635 2883 842 2957 subterfugeret,
859 2883 883 2940 ei
899 2900 948 2956 pcr
962 2885 1091 2942 obedien·

293 2973 351 3027 tiam
365 2974 554 3044 injunxerunt.
571 2971 648 3029 Unde
664 2980 690 3027 et
704 2972 803 3028 litterae
818 2989 834 3028 ι
848 2972 964 3045 singulis
978 2973 1092 3047 singulae

293 3063 394 3133 scriptae
408 3069 470 3117 sunt
482 3061 529 3130 (c),
541 3075 602 3130 quan
617 3059 644 3116 in
660 3075 713 3116 uno
728 3060 879 3132 eodemque
890 3061 1092 3119 concordantes

1145 1384 1199 1446 tur,
1215 1377 1327 1450 antiqua
1338 1377 1452 1451 jamque
1467 1379 1567 1436 donata
1581 1379 1674 1436 debita
1685 1378 1714 1436 in
1734 1381 1872 1455 integrum
1886 1380 1948 1436 exi-

1144 1473 1290 1538 gerentnr;
1306 1465 1404 1538 placita
1418 1473 1447 1523 et
1459 1466 1622 1524 offensiones
1636 1469 1664 1524 in
1677 1470 1819 1541 pristinum
1846 1473 1947 1526 statum

1144 1561 1358 1625 revocarentnr;
1373 1554 1536 1627 illommque
1546 1556 1663 1627 judicio,
1678 1557 1727 1629 qui
1737 1559 1868 1629 justitiam
1878 1558 1946 1614 sub·

1144 1647 1254 1699 vertere
1281 1645 1369 1717 magis
1394 1660 1477 1716 quam
1503 1646 1572 1702 tueri
1599 1644 1780 1704 defendereve
1805 1647 1947 1717 curabant,

1145 1740 1324 1789 tractarentur
1336 1741 1363 1789 et
1377 1733 1605 1804 examinarentur,
1621 1736 1657 1791 ad
1672 1735 1837 1792 miserorum
1850 1735 1945 1810 ntique

1143 1821 1348 1893 oppressionem
1362 1829 1390 1877 ct
1402 1821 1527 1893 pecunias
1540 1822 1720 1880 directionem
1748 1823 1841 1895 potina
1860 1839 1944 1896 quam

1143 1909 1177 1964 ad
1192 1909 1309 1980 alicujus
1323 1911 1427 1981 peccati
1441 1910 1649 1968 correctionem.
1666 1911 1732 1969 Orta
1744 1920 1787 1969 est
1799 1928 1866 1985 argo
1889 1920 1947 1968 tam

1142 2004 1220 2054 vasta
1234 1998 1345 2054 miseria
1357 1998 1512 2073 miseraque
1526 2000 1640 2057 vastatio
1655 2017 1705 2072 par
1719 2009 1804 2058 totum
1819 2015 1946 2074 regnum,

1144 2093 1173 2142 ut
1187 2085 1233 2157 qui
1248 2086 1320 2142 illius
1333 2088 1494 2143 recordatur
1506 2103 1600 2159 parem
1613 2105 1645 2146 se
1662 2089 1689 2145 ei
1716 2097 1779 2146 anta
1807 2089 1880 2147 banc
1906 2090 1949 2146 vi·

1145 2175 1217 2232 disse
1230 2175 1259 2230 in
1272 2174 1381 2249 anglia,
1398 2175 1468 2234 sicut
1481 2176 1597 2245 estimo,
1624 2191 1681 2233 non
1708 2178 1878 2236 recordetur.
1899 2177 1947 2235 Si·

1146 2263 1255 2336 qnidem
1269 2279 1353 2320 omne
1367 2265 1469 2322 molum
1484 2265 1556 2336 quod
1570 2281 1619 2322 rex
1648 2266 1761 2338 lecerat,
1788 2267 1949 2338 prinsquam

1146 2351 1234 2408 luerat
1247 2352 1409 2422 infirmatus,
1430 2353 1530 2410 bonum
1545 2355 1636 2410 risum
1663 2365 1715 2424 est,
1745 2356 1950 2428 comparatione

1146 2441 1276 2498 malornm
1292 2458 1353 2512 qum
1367 2441 1430 2498 iecit
1443 2442 1490 2498 nbi
1500 2451 1542 2499 est
1555 2442 1664 2500 sanitati
1690 2443 1851 2502 redonatus.
1879 2442 1948 2513 Qum

1145 2530 1168 2585 si
1183 2530 1231 2602 qui
1245 2530 1316 2587 scire
1331 2531 1415 2588 velint
1429 2530 1464 2588 de
1477 2547 1532 2604 quo
1547 2532 1622 2588 fonte
1637 2531 1818 2602 manaverint,
1845 2549 1880 2589 ex
1902 2547 1949 2590 ιι·

1145 2619 1315 2690 perpendere
1328 2626 1444 2690 possunt
1457 2621 1531 2693 quod
1544 2613 1604 2692 ipse
1618 2620 1750 2692 predicto
1763 2620 1949 2694 Itoliensiepi·

1146 2706 1576 2780 scopo,cumillum,recuperata
1587 2709 1703 2766 sanitate
1718 2709 1846 2766 familiari
1867 2709 1950 2766 aliatn

1146 2803 1279 2864 moneret,
1309 2803 1337 2852 ιι
1363 2811 1395 2852 sc
1421 2796 1541 2868 amplius
1569 2797 1765 2870 circumspecte
1796 2797 1948 2856 secundum

1146 2886 1232 2943 Deum
1251 2884 1280 2940 in
1298 2884 1425 2941 omnibns
1443 2883 1566 2953 baberet,
1585 2885 1728 2957 respondit
1755 2905 1763 2943 ι
1792 2909 1805 2936 ι
1822 2885 1909 2953 Scias,
1931 2901 1950 2944 o

1136 2975 1284 3047 episcope,
1300 2973 1373 3045 qnod
1387 2989 1436 3045 per
1447 2982 1572 3032 sanctum
1586 2975 1693 3031 vultum
1720 2973 1755 3031 de
1782 2974 1866 3044 buca,
1881 2991 1950 3032 nun-

1147 3079 1230 3134 qnam
1245 3078 1290 3119 me
1302 3065 1377 3119 Dens
1390 3062 1493 3120 bonum
1507 3062 1620 3120 habebit
1631 3079 1682 3136 pro
1696 3063 1770 3120 malo
1784 3064 1857 3138 quod
1880 3064 1949 3124 milti

292 3149 600 3222 pernuntiushnselmo
628 3157 653 3204 et
682 3153 740 3221 regi
769 3157 831 3204 sunt
858 3151 1035 3220 transmissae,
1057 3153 1092 3208 de

293 3241 384 3311 quibus
396 3239 539 3306 omnibus,
554 3253 627 3293 unas
643 3238 706 3293 huic
720 3238 853 3309 opusculo
866 3239 985 3294 inseram
1001 3248 1092 3310 quate·

1147 3152 1275 3209 intulerit.
1293 3175 1304 3200 ·
1320 3153 1386 3208 Haec
1399 3152 1433 3208 de
1448 3168 1515 3225 repe
1542 3152 1714 3225 adpraesens
1728 3153 1863 3211 succincta
1889 3169 1950 3210 ma·

1148 3256 1270 3298 morasse
1283 3239 1406 3310 sufficiat,
1423 3241 1537 3313 jamque
1561 3241 1597 3298 ad
1625 3241 1788 3299 destinatum
1816 3240 1950 3298 narrandi

292 3345 337 3384 nus
351 3329 377 3384 in
391 3327 457 3401 ipsis
473 3334 500 3383 et
515 3325 630 3381 aliarum
653 3341 749 3382 sensus
771 3326 885 3383 eluceat.
915 3326 973 3383 Sint
999 3327 1091 3402 igitur‘
1147 3330 1272 3387 ordinem
1286 3345 1377 3386 sermo
1390 3336 1521 3387 recurret.
1536 3330 1603 3387 Cum
1616 3330 1702 3404 igitur
1727 3329 1872 3389 melmun
1898 3347 1948 3389 aa·

291 3420 360 3473 hec:
375 3438 385 3470 ι
398 3418 497 3473 Frater
509 3414 671 3471 Gnilielmus
684 3414 908 3486 archiepiscopus
918 3417 1092 3474 suoltomino
1148 3419 1266 3475 cundum
1280 3419 1353 3489 qnod
1370 3418 1585 3490 praelibavimus,
1601 3418 1707 3477 litteras
1719 3436 1736 3476 a
1749 3422 1950 3479 Nortbmannia

290 3514 311 3563 et
325 3506 410 3561 amico
424 3504 565 3569 anselmo,
582 3502 630 3559 Dei
660 3502 873 3559 benedictionem
902 3512 929 3561 et
956 3512 1086 3562 nostram·
1107 3460 1296 3565 Cdestinatas
1310 3508 1483 3579 suscepisset,
1498 3515 1526 3563 et
1539 3522 1586 3563 rex
1601 3507 1636 3564 de
1648 3507 1740 3563 Dolris
1767 3523 1784 3566 a
1810 3508 1949 3580 colloquio

289 3596 325 3651 lle
338 3596 379 3651 his
394 3610 455 3667 quae
470 3592 504 3649 de
520 3591 602 3649 vobis
616 3608 633 3647 a
645 3608 688 3647 me
703 3608 749 3647 rex
760 3592 895 3663 quaesivit,
906 3600 932 3649 et
942 3592 976 3651 de
986 3594 1088 3666 quibus
1140 3595 1253 3653 Robcrti
1279 3595 1390 3652 comitis
1415 3594 1548 3652 Flandrim
1575 3596 1781 3667 lioreccstram,
1805 3596 1853 3653 ubi
1878 3604 1949 3659 tnnc

289 3682 341 3754 ipse
355 3682 421 3738 mihi
436 3680 595 3752 scripsistis,
608 3680 686 3737 sicuti
701 3681 736 3737 de
763 3688 836 3736 tanta
864 3698 895 3737 re
922 3682 1015 3738 decuit
1034 3683 1087 3739 bu·
1141 3684 1199 3757 ipse
1213 3682 1360 3741 anselmus
1373 3692 1443 3751 erat,
1474 3682 1606 3750 venisset,
1635 3684 1665 3738 in
1692 3691 1828 3741 secretum
1855 3684 1947 3743 locum

288 3787 384 3842 casque
413 3770 461 3827 diu
491 3768 658 3841 multumque
684 3770 860 3841 pertractavi,
888 3777 916 3825 et
939 3770 1087 3827 amicorum
1142 3772 1288 3829 ltnaelmus
1303 3788 1398 3845 repam
1413 3771 1483 3839 tulit,
1498 3786 1616 3845 eumque
1631 3771 1720 3828 taliter
1732 3770 1869 3829 edocatus
1882 3781 1948 3831 eat:

291 3876 409 3917 meomm
420 3876 453 3917 ac
464 3864 580 3927 vestros,
591 3860 745 3930 superbae,
757 3857 1089 3929 consiliumquaesiri.Qni
1144 3884 1155 3913 ι
1173 3862 1203 3917 ιι
1218 3868 1335 3934 utroque
1350 3860 1449 3916 dubius
1461 3859 1564 3931 pendet
1577 3859 1676 3928 adbuc,
1690 3859 1802 3917 domine
1826 3861 1867 3917 mi
1886 3877 1948 3930 rex,

287 3948 409 4021 utrinque
424 3947 583 4018 voluissent,
599 3946 622 4002 si
637 3946 767 4018 possibile
782 3946 884 4009 luisset,
916 3955 943 4002 et
967 3954 1088 4005 vestram
1142 3951 1248 4007 animas
1261 3965 1351 4018 meus,
1371 3958 1462 4005 ιιιιιιι
1489 3947 1617 4005 videlicet
1643 3949 1813 4021 acquiescam
1839 3948 1948 4021 pontifi·

288 4051 404 4107 semper,
419 4044 450 4091 ut
465 4034 541 4101 olim,
557 4032 660 4090 habere
673 4033 859 4104 praesentiam,
876 4040 903 4089 et
918 4049 971 4089 non
999 4034 1089 4093 iacere
1142 4048 1231 4095 catam
1243 4038 1392 4111 suscipere,
1408 4051 1514 4094 annon.
1533 4038 1632 4093 llemm
1646 4036 1669 4093 si
1683 4054 1729 4094 me
1742 4037 1777 4094 ad
1792 4038 1946 4112 snsceptio-

288 4123 538 4181 undeolienderent
553 4123 672 4179 divinam
688 4121 864 4179 voluntatem.
881 4120 935 4177 Scd
964 4122 1028 4195 qnia
1054 4122 1089 4179 ad
1142 4144 1207 4185 nem
1221 4126 1283 4183 illus
1311 4126 1381 4183 ratic
1409 4126 1577 4199 perduxerit,
1607 4126 1671 4183 volo
1698 4127 1776 4185 brari
1790 4142 1947 4200 prmnescas

294 4214 341 4268 boc
355 4228 399 4269 res
413 4214 492 4269 venit
518 4220 549 4267 ut
565 4220 710 4283 utrumque
738 4210 846 4282 impten·
865 4220 991 4282 nequeat,
1020 4212 1090 4270 sicut
1143 4215 1210 4289 quid
1223 4216 1307 4274 velim
1321 4215 1419 4273 iacias.
1439 4215 1506 4272 Volo
1531 4215 1658 4288 equidem
1685 4223 1715 4273 ιι
1741 4231 1836 4275 omncs
1862 4224 1947 4274 terras

287 4299 1088 4373 dignumest,divinamvotumntemnostraepraeponimus
1143 4320 1212 4377 quas
1238 4304 1364 4362 Ecclesia
1390 4302 1603 4377 cantuariensis,
1633 4304 1775 4375 adquam
1789 4306 1944 4378 rependam

289 4396 314 4444 et
327 4398 450 4445 nostram
467 4388 633 4445 voluntatem
648 4388 750 4445 divium
765 4386 925 4457 subiicimns
948 4396 1028 4460 atque
1056 4405 1090 4445 ex
1143 4394 1254 4461 electus,
1271 4409 1340 4459 sum,
1356 4391 1574 4463 temporebeatat
1587 4392 1728 4450 memorias
1741 4392 1883 4449 banbauci
1898 4409 1943 4449 ar·

288 4486 362 4547 parte
385 4478 436 4535 Dei
467 4485 491 4533 ct
519 4475 606 4533 sancti
634 4476 706 4532 Petri
734 4474 913 4547 omniumque
941 4476 1090 4533 amicorum
1142 4480 1309 4553 chicpiscopi
1325 4480 1443 4548 tenebat,
1459 4478 1607 4537 aineomni
1618 4480 1721 4551 placito
1734 4488 1761 4537 et
1781 4489 1943 4539 controver-

288 4582 405 4623 mcomm
421 4582 455 4622 ae
468 4573 625 4622 vestrorum
640 4564 685 4636 qui
701 4564 848 4620 secundum
863 4565 951 4621 Deum
966 4580 1014 4622 vos
1028 4566 1090 4623 dili·
1142 4570 1183 4629 sia
1196 4570 1250 4642 ipsi
1264 4568 1394 4626 Ecclesiae
1408 4568 1544 4637 restituas,
1571 4575 1598 4624 et
1625 4568 1661 4624 de
1683 4567 1745 4625 aliia
1772 4568 1852 4625 terris
1875 4584 1945 4641 quaa

286 4663 351 4727 qunt
366 4655 460 4724 iubeo,
476 4661 506 4710 ut
520 4652 685 4726 pastoralem
701 4668 792 4709 curam
807 4653 1014 4711 cantuariensis
1031 4656 1089 4713 Ec·
1143 4658 1237 4716 eadem
1265 4656 1388 4715 Ecclesia
1415 4664 1478 4713 ante
1504 4672 1583 4713 suum
1610 4662 1719 4728 tempus
1742 4656 1871 4725 habebat,
1892 4657 1944 4713 scd

286 4742 372 4799 clasiae
386 4752 413 4800 et
428 4742 610 4799 ecclesiastico
638 4758 713 4799 mora
740 4741 959 4798 benedictionem
980 4743 1088 4815 episco·
1142 4748 1261 4821 perditas
1292 4744 1413 4802 nondum
1444 4746 1629 4817 recuperarit,
1661 4744 1728 4800 mibi
1755 4743 1944 4802 rectitudinem

286 4832 370 4901 palem
384 4832 547 4903 suscipiatis,
563 4830 711 4905 oviumque
721 4839 872 4887 vestramm
882 4830 969 4900 vobis,
981 4840 1009 4888 nt
1020 4848 1082 4889 cre·
1097 4814 1125 4878 D
1139 4835 1328 4908 judiciumque
1355 4834 1519 4892 consentias.
1543 4834 1584 4889 ad
1598 4835 1657 4889 haec
1671 4832 1733 4890 volo
1747 4841 1777 4889 nt
1791 4832 1819 4887 in
1832 4831 1867 4889 iis
1880 4849 1943 4906 quaa

286 4919 378 4991 dimus,
395 4920 525 4977 dilinitns
538 4920 744 4977 commissarum
760 4918 839 4975 saluti
854 4918 985 4992 deinceps
1013 4921 1081 4979 invi·
1137 4925 1172 4982 ad
1186 4924 1272 4982 Βοιιιι
1286 4932 1314 4980 ιι
1327 4921 1552 4979 christianitatem
1568 4921 1712 4995 pertinent,
1742 4929 1769 4978 tc
1796 4936 1858 4978 meo
1884 4937 1941 4994 pree

286 5010 378 5081 piletis.
398 5010 501 5076 latete,
517 5009 619 5066 viscera
635 5024 707 5064 mea.
724 5034 735 5057 ι
1138 5012 1246 5071 casteria
1259 5012 1376 5069 consilio
1389 5011 1496 5079 credas,
1512 5024 1546 5067 ac
1558 5009 1627 5067 deut
1652 5024 1706 5083 cqc
1732 5017 1758 5067 te
1772 5009 1836 5067 mlo
1850 5016 1937 5068 terre·

939 5124 1157 5191 HENSCHENII
1174 5128 1288 5185 NOTAE.

319 5224 358 5296 (a)
375 5225 437 5281 Fuit
452 5239 484 5280 eo
500 5238 572 5280 anuo
586 5222 663 5293 cyclo
676 5221 749 5277 lunae
763 5236 803 5290 ιι,
816 5222 919 5285 solisx,
935 5223 1023 5281 littera
1033 5225 1086 5282 Do
1137 5227 1219 5299 plane
1246 5240 1371 5294 vacuum,
1401 5222 1519 5280 (Ξιιιιιιι
1555 5222 1703 5281 seldenum
1731 5222 1937 5282 atGlosaarinm

286 5296 402 5353 minicali
414 5292 732 5362 B,Paschacelebratum
754 5307 813 5351 xvn
836 5292 945 5363 Aprilis,
961 5294 1020 5352 dies
1034 5296 1082 5353 ct·
1139 5294 1308 5370 spelmanni.

286 5381 376 5421 nerum
391 5367 451 5422 sive
464 5365 569 5420 initium
585 5363 813 5435 Quadraqesimae
828 5379 846 5417 ιι
860 5365 958 5420 blartii.
1175 5368 1215 5438 (d)
1228 5365 1381 5423 Gundullas
1396 5366 1531 5424 hallensis
1546 5383 1581 5422 ex
1594 5366 1722 5424 cenobio
1747 5367 1876 5425 beccensi
1890 5384 1938 5425 as-

320 5438 356 5506 (b)
371 5436 488 5493 abbatia
502 5437 531 5493 S.
550 5434 656 5501 Albani,
672 5434 700 5489 in
714 5450 781 5507 aqro
803 5434 999 5502 liertlordensi,
1015 5452 1084 5493 con-
1139 5445 1263 5509 sumptus
1278 5437 1375 5504 luerat,
1389 5438 1531 5495 adnitente
1545 5438 1575 5493 li.
1591 5436 1754 5495 bantlrsnco
1768 5452 1815 5493 an.
1843 5440 1913 5495 1⁰77
1928 5456 1936 5500 ς

287 5510 384 5564 structa
398 5508 435 5563 ab
449 5505 510 5563 ona
525 5522 592 5579 rege
605 5505 775 5571 blerciorum,
792 5512 818 5561 et
833 5520 849 5561 a
868 5504 1020 5563 baniranco
1035 5522 1083 5563 ιι-
1139 5519 1166 5567 et
1178 5509 1363 5591 episcopatum
1377 5523 1555 5581 magnacum
1583 5508 1665 5566 landa
1691 5507 1776 5566 tenuit
1803 5525 1887 5583 usqae
1901 5508 1938 5565 ad

288 5577 459 5651 chlepiscopo
474 5578 624 5633 instaurata
638 5584 665 5632 et
674 5574 897 5657 possessionibus
911 5585 999 5633 aucta.
1029 5580 1086 5634 Co·
1140 5594 1178 5637 ιιι
1193 5579 1281 5636 biertir
1296 5578 1360 5636 anni
1375 5583 1454 5636 ttes.

288 5647 348 5703 litur
361 5650 394 5706 S.
412 5648 534 5704 Albanus
547 5663 607 5703 ιιιιι
621 5648 702 5716 Juarr,
717 5661 771 5717 quo
785 5646 830 5702 die
844 5646 1014 5703 Diocletiano
1042 5657 1085 5705 est
1174 5650 1211 5721 (e)
1226 5650 1351 5706 tlaarilio
1364 5650 1559 5724 Rotomaqensi
1572 5650 1778 5723 archiepiscopo
1790 5664 1875 5721 supra
1881 5663 1940 5707 me·

289 5722 414 5791 martyrio
428 5727 582 5776 coronatus.
1140 5728 1247 5777 morato
1262 5721 1319 5791 (qui
1333 5721 1490 5778 mandatum
1502 5722 1633 5777 anselmo
1646 5721 1761 5777 dederat
1782 5734 1838 5776 nnn
1859 5734 1936 5776 recn-

321 5792 357 5861 (ι)
368 5790 506 5846 allodium
520 5798 562 5846 est
573 5788 702 5860 praecium
717 5786 843 5853 liberum,
873 5786 939 5843 nulli
963 5790 1087 5846 servituti
1140 5792 1218 5847 sandi
1233 5800 1450 5862 quatumcunque
1463 5806 1596 5864 magnam
1608 5791 1804 5863 prelaturam),
1817 5792 1938 5846 loannes

289 5859 446 5925 obnoxium.
461 5862 519 5917 siva
532 5876 567 5917 ιι
594 5858 683 5917 solido
709 5874 870 5915 eoncessum
897 5858 956 5913 sine
981 5876 1075 5929 onere,
1141 5862 1275 5919 successit
1302 5878 1349 5919 aa.
1379 5865 1458 5931 tear,
1486 5863 1584 5919 loanni
1609 5862 1772 5921 Guilleimas
1799 5860 1843 5917 bie
1862 5873 1938 5917 abac

290 5933 359 6009 qnod
373 5934 467 6005 ipsum
480 5930 582 5991 indimt
596 5930 671 5991 vocis
688 5936 796 6003 etymon
821 5928 912 6001 ill-od,
941 5931 1014 6003 quod
1034 5940 1086 6001 est,
1142 5936 1222 6006 tote,
1238 5943 1266 5994 et
1278 5934 1350 5993 scdit
1364 5950 1450 6012 nsque
1464 5934 1501 5991 ad
1516 5934 1595 5992 illd.
