4750 6725
380 572 430 627 ru
894 550 1050 610 munaus
1064 541 1517 631 mausumnstsnonacm
1978 548 2035 611 m

379 693 582 753 constituentes.
600 690 673 745 luter
690 687 740 743 bos
763 681 813 739 tuit
827 679 950 753 qmdam,
965 676 1106 736 Ednotbm
1119 688 1171 733 ne.
1184 669 1213 732 Α
1230 670 2033 751 dbriatiecrtigiiaeedcmpersactieiudicuteaaapresene.

381 788 466 855 mine,
488 782 534 856 qni
550 780 639 853 gradu
647 771 793 833 sacerdotii
813 770 919 826 iunctus
948 768 987 826 eb
999 770 1176 842 sagacitatem
1233 760 1579 835 accuratissimum
1586 764 1737 835 pascum,
1746 766 2032 838 menredenaaane-

381 886 409 936 et
421 872 581 933 industriam
594 882 670 925 mam
687 862 786 921 Senior
800 861 834 917 ab
848 858 911 915 aliis
923 858 1177 931 cognominabatur.
1231 848 2034 927 „agnossnrmprouositomultiplicareeuteummrett-

382 962 495 1023 cottum
508 961 600 1031 imque
622 956 720 1013 iratres
742 948 903 1008 duodenarii
925 947 1030 1004 numeri
1044 962 1179 1003 summam
1231 940 1309 1012 gieni
1325 940 1461 1009 inuidere,
1477 945 1530 997 eut
1543 956 1607 998 cena
1614 958 1672 1000 non
1682 958 1779 1003 emera
1796 943 1840 1003 vet
1857 948 1938 1021 regei
1953 950 2034 1008 nelle

381 1053 527 1125 complent,
557 1061 626 1120 ques
653 1044 732 1100 Pater
759 1037 914 1105 Oswaidus,
934 1040 965 1092 ut
988 1037 1069 1105 juata
1094 1037 1179 1094 sancti
1234 1030 1363 1088 convinci
1373 1030 1540 1101 poterimus.
1558 1028 1619 1087 Sed
1630 1032 1806 1093 boecnnebia
1818 1036 1919 1109 preest
1931 1044 2033 1097 meent

379 1139 511 1217 prepositi
531 1149 655 1194 normam
684 1129 801 1187 Domine
833 1126 945 1182 Christe
969 1125 1014 1181 die
1044 1132 1180 1197 noctuque
1233 1123 1409 1193 omnipotens
1423 1120 1506 1175 Deua.
1531 1120 1632 1191 Quare,
1645 1122 1690 1192 fili
1709 1124 1886 1195 annotatione,
1901 1128 1987 1185 natio
2006 1132 2038 1186 te

377 1231 526 1298 semime,
542 1226 570 1281 in
586 1223 651 1283 ,1113
674 1220 715 1277 ,ui
728 1216 901 1291 pontificatus
915 1230 976 1287 qum
989 1213 1129 1271 Westberi
1143 1216 1182 1273 di.
1234 1208 1380 1267 secuturis
1389 1208 1506 1266 ambitio
1522 1211 1628 1281 teneat,
1644 1227 1706 1284 gnoe
1717 1217 1744 1269 te
1757 1212 1792 1270 eb
1812 1216 1997 1276 institutione
2006 1223 2038 1275 et

378 1323 449 1379 citur·
468 1315 624 1382 eotluearit,
646 1310 789 1366 instituens
802 1305 842 1363 sis
855 1302 999 1377 praelatum
1014 1304 1181 1362 Germanum
1235 1297 2039 1376 &jumentomonacbicoerstigiontetmpedietitnmaiaat

378 1406 557 1484 prepositum
574 1411 602 1459 et
633 1398 825 1465 institutorem,
853 1410 905 1453 nec
925 1409 981 1451 nen
1003 1395 1135 1469 delegans
1148 1412 1182 1452 ex
1236 1388 1272 1444 ud
1285 1392 1425 1445 aeternum
1440 1388 1528 1445 eitum
1544 1388 1606 1461 guis
1622 1393 1704 1462 optet
1722 1394 1881 1466 peruenire,
1896 1396 1939 1453 ite
1954 1396 2039 1455 debet

379 1500 434 1557 suis
456 1512 518 1568 quse
536 1492 592 1548 iliis
605 1488 766 1547 suiiicerent
778 1484 811 1542 ad
836 1500 928 1541 eemm
947 1484 1181 1541 sustentationem.
1237 1479 1336 1535 court
1350 1481 1378 1534 et
1389 1478 1564 1535 elieamcuna
1575 1478 1612 1535 ed
1623 1480 1754 1538 eamdem
1765 1483 1932 1554 perducere.
1952 1485 2041 1546 tetum

378 1586 526 1661 Degebant
535 1581 619 1655 igitur
631 1578 678 1634 illu
693 1576 723 1632 in
731 1576 803 1644 luco,
814 1589 957 1631 servorum
967 1574 1016 1629 liei
1026 1590 1077 1646 per
1089 1574 1184 1632 omnis
1237 1569 1339 1641 quippe
1347 1566 1734 1641 illicenter-imeretptemu
1742 1572 2043 1649 rueetptetpetusujras

379 1685 407 1735 et
420 1678 449 1731 in
463 1671 593 1731 omnibus
602 1667 687 1723 uitam
698 1670 826 1738 agentes:
842 1662 1060 1734 quorumstudiis
1073 1671 1184 1720 sanctus
1239 1655 2042 1734 lucrumbicdaetierumacluteciriatoecguirittlaudio

379 1766 423 1825 vir
442 1762 541 1821 euimie
560 1757 708 1814 delectatus
738 1768 787 1810 ees
813 1752 970 1823 frequenter
991 1751 1111 1820 visitare,
1140 1754 1182 1811 eis
1238 1762 1272 1803 ex
1289 1746 1332 1801 bis
1346 1745 1402 1801 dux
1420 1744 1478 1817 ipse
1495 1743 1624 1817 repletus,
1642 1744 1714 1803 dicta
1729 1749 1801 1805 comi
1819 1750 1898 1807 vultu
1916 1754 2042 1827 suscipit,

380 1851 484 1910 monim
512 1846 608 1905 ,aluus
625 1853 732 1901 premo
763 1840 929 1907 ministrare,
957 1856 1004 1898 eos
1036 1842 1182 1910 consulari,
1238 1842 1265 1891 et
1282 1848 1442 1907 responsum
1456 1833 1492 1889 its
1507 1832 1602 1905 paucis
1615 1832 1736 1894 absolvit
1754 1854 1761 1893 :
1778 1838 1896 1897 Fundus
1910 1844 1985 1901 mibi
1999 1848 2044 1903 sat

381 1942 453 1998 inter
475 1952 524 1995 see
544 1932 710 2002 conversari,
730 1938 758 1987 et
778 1929 879 1987 diuinis
898 1929 1035 2002 operibus,
1060 1931 1181 2004 hymnis,
1238 1926 1383 1983 flemeaeiu
1395 1923 1499 1993 dutus,
1516 1925 1791 1997 mancipantibus
1804 1928 2041 2003 circumcinetus,

379 2027 505 2103 psalmia,
526 2023 651 2095 jejuniis,
684 2018 787 2093 vigiliis
821 2026 848 2075 et
879 2018 1055 2086 emtionibus,
1082 2019 1223 2091 sanctisB
1240 2015 1343 2072 tatium
1354 2012 1501 2071 bominem
1515 2014 1612 2086 guetca
1622 2028 1762 2073 memoras
1776 2021 1998 2091 emesraetieni,
2009 2028 2044 2079 at

381 2130 490 2191 quoque
510 2109 731 2169 meditationibus
744 2107 850 2164 sciebat
872 2122 985 2178 opernm
1000 2108 1177 2182 derasoque
1234 2105 1354 2173 urtinse,
1364 2118 1517 2176 congrues,
1528 2103 1716 2176 inquestione
1728 2108 1785 2163 tres
1801 2108 1945 2167 cirinene
1955 2126 2044 2168 men·

381 2207 416 2264 ab
435 2200 614 2261 exterioribus
634 2196 705 2256 euris
732 2212 765 2253 ac
789 2195 967 2253 saecularibus
988 2196 1106 2269 negotiis
1129 2212 1178 2269 per
1233 2192 2044 2272 eituutsuueturetegenteemereseruentes,eisuenepe

379 2296 512 2353 internam
526 2288 624 2347 mentis
639 2286 756 2359 quietem
776 2284 922 2356 magnilica
936 2300 1069 2341 recreare.
1234 2286 1262 2343 ic
1268 2285 1343 2343 teeti
1351 2281 1502 2341 Benedicti
1508 2281 1593 2339 uitem
1602 2279 1745 2352 ducerent
1751 2283 1895 2343 doctorem
1903 2284 2044 2346 baberent

415 2384 463 2441 iiis
476 2382 514 2438 ita
528 2378 679 2451 dispesitis,
694 2376 794 2431 testum
809 2372 959 2431 Dominicae
969 2374 1177 2433 resurrectionis
1231 2388 1401 2447 magnopere
1421 2372 1585 2445 gestientes.
1611 2372 1691 2429 tinne
1707 2373 1808 2443 lecum,
1824 2374 1850 2432 at
1866 2374 1921 2433 titi
1932 2378 2040 2451 pleat,

377 2473 505 2538 instabat,
526 2477 554 2526 et
567 2469 603 2524 ad
618 2466 690 2539 regis
717 2465 820 2521 curiam
844 2463 928 2519 tutius
941 2463 1022 2536 regni
1049 2464 1178 2522 nobilitas
1232 2459 1837 2535 summinaptcerc;etriutsussuerttreide
1850 2468 2044 2540 gualeeaen's

379 2559 552 2621 convelabat.
568 2556 682 2613 adunati
696 2554 836 2627 principes
854 2552 932 2609 lates
947 2554 1006 2610 dies
1021 2561 1104 2627 agunt
1115 2554 1178 2612 ral—
1232 2543 2041 2626 uptasaeaistere,iteratusoptarem,actinoperaiieieteicati

379 2660 467 2729 deque
493 2650 642 2708 solemnes.
665 2647 724 2701 Jam
747 2643 837 2699 soluta
855 2640 931 2697 curia
952 2641 981 2696 in
1004 2658 1055 2698 aua
1078 2643 1179 2715 quique
1233 2642 1285 2713 fiet
1300 2640 1477 2698 bebituttenc
1496 2640 1664 2711 preclarus.

379 2748 515 2813 redibant,
531 2744 560 2799 et
586 2752 650 2795 eece
664 2734 699 2791 de
712 2730 797 2806 regiis
817 2730 948 2786 militibus
959 2747 1030 2788 uuus
1045 2730 1125 2789 diues
1145 2746 1179 2790 ac
1269 2732 1337 2787 Haec
1350 2728 1392 2784 vir
1406 2726 1519 2785 Domini
1529 2726 1599 2783 mira
1612 2726 1701 2784 cerdis
1710 2726 1849 2785 alacritate
1857 2729 2042 2806 amplectans,

379 2848 477 2914 potens
486 2830 569 2890 murti
581 2827 712 2883 subactus
721 2818 902 2893 plangebatur
915 2820 1077 2891 apluribua.
1092 2822 1179 2894 liujus
1234 2836 1266 2878 ec
1279 2818 1379 2875 deiude
1395 2816 1542 2875 comitatus
1556 2816 1617 2888 ipse
1633 2814 1702 2872 duca
1718 2816 1754 2872 ad
1769 2816 1858 2873 lecum
1873 2834 1961 2893 esque
1972 2835 2044 2891 per-

384 2922 522 2996 exseqniis
535 2919 598 2992 pius
614 2910 737 2970 interfuit
752 2910 832 2965 Pater
847 2907 1004 2977 oswaldus,
1020 2910 1068 2981 qui
1082 2912 1180 2984 etipsa
1235 2908 1360 2976 veniens,
1381 2905 1427 2962 nbi
1442 2904 1560 2962 advertit
1582 2920 1643 2961 eum
1660 2904 1822 2963 habitationi
1843 2910 2044 2965 monachorum

382 3016 487 3076 euriam
504 3011 575 3065 iuter
588 3003 692 3076 primes
709 2998 815 3071 anglie
839 3013 967 3067 proceres
984 3006 1104 3069 venerat,
1118 3000 1180 3073 regi
1235 2996 1455 3064 accommodum,
1468 2992 1570 3069 gratias
1591 2995 1659 3061 Dee,
1675 2994 1781 3066 gratias
1803 3010 1911 3067 queque
1924 2997 1982 3071 egit
1996 3014 2045 3056 ra·

380 3108 508 3174 acceptos
521 3096 654 3165 firmaque
667 3088 728 3158 ejus
742 3086 862 3142 amicitia
880 3084 977 3143 tretus.
995 3087 1073 3143 Hunc
1085 3089 1181 3163 diget·
1235 3086 1349 3145 nerabili
1372 3084 1430 3143 rire
1454 3083 1499 3157 qui
1514 3082 1591 3139 illurn
1616 3083 1745 3155 perduxit
1767 3085 1930 3141 ee.1nstitit
1948 3086 2044 3160 itaque

381 3195 472 3252 winus
485 3184 597 3258 quidam
617 3179 653 3236 de
671 3173 871 3249 potentioribus
893 3175 971 3247 regni
988 3175 1104 3232 ducibus
1118 3194 1181 3236 me·
1236 3176 1327 3249 cupito
1350 3173 1426 3249 operi
1442 3173 1521 3231 citius
1544 3172 1684 3245 imponere
1706 3188 1815 3243 snmus,
1836 3190 1935 3231 verens
1949 3191 1994 3242 na,
2010 3191 2043 3233 se

381 3284 459 3341 desto
472 3276 592 3339 tumme,
607 3263 813 3324 demissevultu
826 3262 1086 3335 tumusaequentem
1101 3274 1182 3338 atque
1235 3267 1335 3324 bonurn
1362 3264 1535 3337 propesitum
1562 3262 1726 3331 differretur,
1748 3262 1837 3335 aliqua
1864 3266 2040 3337 postmodum

379 3370 546 3446 psallentem
569 3355 719 3423 attendens,
748 3352 778 3409 in
803 3351 952 3410 amicitiam
972 3352 1044 3410 illius
1071 3362 1182 3414 erectus
1197 3381 1221 3450 G
1234 3356 1347 3431 maligui
1361 3354 1448 3412 hestia
1463 3352 1581 3412 uersutia
1602 3350 1798 3426 praepediretur
1815 3369 1823 3426 ;
1838 3354 1912 3427 qued
1925 3363 1954 3413 et
1977 3355 2039 3414 aire

380 3468 430 3518 ast.
445 3452 568 3513 Antehac
580 3447 654 3504 euim
669 3443 768 3502 aeditis
783 3441 877 3515 probis
896 3457 929 3499 ac
946 3443 1099 3500 mansuetis
1112 3461 1177 3503 rno-
1237 3445 1404 3505 consulendo
1426 3443 1574 3518 suggessit,
1598 3457 1631 3500 sc
1654 3450 1684 3498 ut
1706 3457 1786 3516 opem
1805 3459 1855 3500 sua
1869 3443 2041 3518 ingenuitate

379 3549 454 3606 ribus
480 3543 550 3614 cius,
578 3552 648 3612 ques
673 3533 805 3606 magistra
824 3531 922 3588 virtute
949 3541 1120 3604 comparatos
1146 3535 1176 3592 in
1236 3535 1312 3608 operi
1328 3534 1554 3592 iamststudiosus
1569 3532 1719 3590 admonuit.
1740 3532 1813 3602 Quid
1828 3533 1932 3606 plural
1946 3533 2041 3592 emate

378 3637 485 3704 ducrat,
499 3628 593 3703 magni
607 3641 670 3684 eum
685 3639 736 3696 pra
750 3638 780 3679 se
791 3621 952 3693 jamdudum
964 3622 1091 3692 habebat,
1107 3632 1134 3681 et
1147 3624 1176 3680 in
1234 3624 1359 3693 consilio,
1384 3621 1531 3694 adquiescit
1549 3621 1737 3692 admonitioni,
1762 3623 1951 3680 conducuntur
1964 3638 2038 3695 epe·

379 3729 431 3784 bec
454 3722 576 3781 animum
589 3719 791 3786 composuerat,
810 3719 840 3766 ut
852 3710 875 3766 si
888 3727 942 3781 qua
958 3710 988 3766 in
1008 3729 1039 3768 re
1052 3711 1177 3770 voluntat
1231 3714 1308 3784 rarii,
1323 3714 1438 3770 instatur
1452 3711 1539 3782 operi,
1563 3711 1711 3779 laberetur,
1738 3716 1765 3767 et
1778 3710 1879 3768 fretum
1901 3720 1956 3768 tam
1970 3713 2042 3770 mel-

378 3809 562 3888 ejusoasequi
577 3810 680 3878 posset,
701 3800 789 3857 libens
807 3799 835 3855 id
856 3807 958 3872 ageret.
974 3798 1061 3869 Quam
1075 3803 1176 3860 volun·
1233 3803 1372 3877 tiplicibus
1391 3817 1482 3858 rerum
1509 3799 1640 3872 impensis
1659 3799 1822 3857 sanctissimi
1842 3800 1930 3857 Patria
1953 3817 2038 3876 quam

379 3911 461 3961 tatem
482 3900 542 3970 ejus
565 3891 727 3968 quibusdam
745 3888 855 3946 indiciis
877 3887 920 3944 rir
936 3888 986 3944 Dei
1009 3889 1174 3963 intelligens,
1233 3900 1260 3952 et
1288 3891 1347 3966 ejus
1379 3887 1579 3947 instantissimis
1607 3888 1775 3946 orationibus
1802 3889 1869 3946 mira
1899 3888 2040 3951 celeritate

376 3993 449 4048 iuter
467 3987 523 4044 alis
536 3999 596 4055 uuae
605 3996 667 4038 cum
681 3993 714 4034 ee
736 3977 771 4033 de
785 3993 850 4034 rere
864 3976 913 4032 Dei
927 3991 959 4032 ac
973 3977 1091 4049 prusiani
1104 3979 1175 4036 dile·
1231 3991 1314 4054 tepus
1338 3978 1484 4054 perficitur.
1506 3978 1569 4034 Post
1583 3977 1642 4035 dies
1659 3978 1711 4034 sub
1734 3978 1870 4036 immensa
1884 3979 2041 4052 frequentia

378 4079 468 4136 ctione
491 4075 595 4131 locutus
611 4075 653 4124 est
667 4083 674 4130 ;
689 4065 805 4121 innotuit
822 4063 861 4120 illi
876 4080 906 4122 ae
929 4066 1062 4137 quosdam
1081 4083 1176 4124 mena·
1232 4071 1337 4146 pepuli,
1349 4069 1463 4126 divitum
1477 4066 1580 4124 scilicet
1593 4066 1761 4124 mediocrum
1776 4067 1917 4141 minusque
1931 4069 2039 4128 haban·

377 4167 447 4225 chos
468 4164 497 4219 in
520 4159 676 4233 episcopatu
703 4170 752 4210 suo
774 4154 901 4226 religiose
928 4153 1049 4212 viventes
1063 4155 1173 4229 habers,
1232 4160 1289 4218 inm
1305 4158 1424 4231 perlecta
1436 4155 1554 4214 ccclesia
1575 4156 1626 4212 sub
1640 4157 1791 4228 patrocinio
1808 4157 1881 4215 beati
1897 4158 2039 4217 Benedicti

378 4255 430 4314 sed
448 4255 540 4311 lucum
557 4248 586 4304 iu
610 4262 663 4318 quo
685 4243 824 4317 degebant
844 4242 952 4300 iilemm
973 4247 1174 4304 conversationi
1231 4252 1289 4306 Dec
1302 4245 1460 4305 selemniter
1474 4245 1625 4316 dedicatur,
1641 4251 1668 4302 at
1689 4245 1724 4303 de
1737 4245 1880 4305 monacbis
1895 4247 1942 4321 qui
1958 4249 2036 4320 apud

377 4340 470 4397 nimia
483 4331 672 4394 strictitudinis
688 4346 759 4399 esse,
774 4330 925 4402 praeacrtim
939 4345 1000 4386 cum
1015 4347 1085 4403 pena
1103 4349 1174 4405 que·
1228 4337 1415 4396 westberiam
1440 4334 1625 4405 morabantur,
1640 4334 1712 4391 idem
1735 4334 1813 4393 lucus
1832 4335 1993 4406 instituitur,
2009 4345 2038 4394 st

376 4429 443 4486 tidie
465 4427 494 4484 in
516 4437 660 4481 numerum
681 4435 775 4476 eemrn
799 4418 909 4489 quidam
932 4427 1081 4491 currerent,
1107 4439 1176 4494 quos
1231 4425 1259 4482 iu
1282 4425 1359 4482 brevi
1379 4423 1425 4481 alii
1452 4429 1480 4480 et
1497 4423 1544 4478 aiii
1563 4421 1629 4480 illuc
1653 4421 1830 4498 colliguntur,
1856 4423 1891 4481 ad
1914 4440 2037 4498 querum

376 4513 646 4590 eequodneminum
660 4507 1176 4581 merebantrepellendoanullemude
1230 4515 1332 4573 uictum
1360 4517 1443 4585 alque
1467 4511 1594 4569 vestitum
1608 4525 1659 4569 nec
1686 4527 1741 4568 nen
1755 4513 1789 4568 ad
1809 4513 1862 4570 Dei
1892 4513 2036 4572 cenidum

373 4604 523 4679 judicabat.
539 4603 574 4659 Et
585 4598 727 4671 subjunxit
741 4597 813 4654 uelle
821 4597 922 4669 igitur,
935 4597 962 4653 ai
975 4599 1109 4670 religioni
1119 4603 1177 4658 tuce
1230 4602 1425 4664 celebrandum
1448 4600 1572 4674 piurima
1598 4608 1731 4658 terrarum
1749 4602 1950 4673 pameasiensa,
1969 4603 2036 4676 plu.

375 4696 527 4753 mebeten
542 4708 602 4750 nen
611 4689 664 4757 cat,
686 4690 836 4760 quatenus,
854 4685 1174 4758 stetiquemteeumsut
1232 4693 1309 4752 rimae
1338 4691 1511 4750 diversorum
1539 4699 1761 4748 ornamentorum
1788 4690 1951 4750 donationes
1973 4691 2038 4750 leco

376 4775 841 4843 tuedeminutiencmonecicorum
848 4773 1179 4836 betttuttentuccentme
1191 4757 1219 4822 Ῑ)
1233 4781 1324 4839 sidem
1338 4781 1372 4836 ab
1385 4787 1500 4850 unoque
1512 4777 1617 4836 cellatae
1640 4787 1713 4835 sunt.
1731 4779 1812 4836 Facta
1828 4788 1870 4837 eat
1884 4779 1968 4854 igitur
1980 4779 2037 4838 da·

375 4873 443 4930 dens
453 4869 547 4938 ieter,
561 4883 627 4926 suus
641 4869 693 4923 eut
702 4865 790 4922 actius
802 4863 909 4921 enimse
926 4865 1108 4923 tucettsntn
1122 4870 1175 4925 aet
1231 4887 1296 4930 cens
1310 4877 1337 4927 et
1353 4867 1452 4925 babilis
1473 4868 1668 4925 monachorum
1683 4867 1828 4926 habitatio.
1847 4869 1916 4927 Hinc
1929 4885 2037 4943 praepe·

372 4951 1175 5033 aiicnjusmuncrtainlcruentumiilcencedna,quatenus
1229 4959 1281 5017 site
1304 4957 1432 5015 adunatis
1456 4957 1586 5014 iratribus
1602 4956 1756 5026 Eadnetbo,
1779 4955 1860 5028 cujus
1874 4972 1958 5030 supra
1971 4973 2034 5014 me-

373 5049 446 5107 inibi
454 5045 842 5112 monesteriumcenatrsem,
850 5045 879 5099 ct
883 5057 935 5115 per
941 5047 1174 5117 memeratessre·
1228 5049 1367 5118 minimus,
1383 5047 1441 5103 vire
1449 5045 1575 5119 prudenti
1589 5053 1616 5103 et
1625 5045 1765 5118 religiose,
1782 5045 1829 5118 gisi
1843 5051 1871 5102 et
1883 5043 2034 5104 lincolnia

376 5144 434 5196 tres
445 5135 652 5194 menccbemm
669 5133 915 5191 conversationem
934 5132 968 5189 dc
981 5137 1098 5191 eucbre
1112 5135 1174 5194 ittic
1229 5137 1359 5195 Eeclsaiae
1372 5141 1465 5208 postea
1474 5134 1599 5208 pontifex
1613 5134 1674 5202 luit,
1685 5135 1746 5208 ipae
1760 5135 1924 5209 Wigomaur
1939 5151 2033 5194 rerer·

374 5225 561 5286 constituam.
574 5222 795 5293 nemausam
808 5220 945 5294 quiddam
959 5224 1174 5283 retentetisena
1228 5226 1301 5296 titur,
1326 5233 1354 5282 et
1376 5225 1445 5282 inter
1465 5239 1527 5282 susa
1549 5239 1614 5282 eves
1632 5224 1672 5281 eis
1686 5231 1714 5282 et
1731 5223 1784 5280 sibi
1808 5223 2036 5297 superintendens

376 5308 1172 5380 uicmenccti,cttmttondnmomnicinaticneiemini.
1229 5317 1621 5387 bennspasterccnversatur.

377 5405 542 5474 erangne
559 5399 680 5456 enimin
695 5399 748 5456 buc
769 5399 830 5455 uite
846 5397 885 5455 cd
900 5400 989 5456 eitam
1010 5402 1125 5460 tendere
1144 5407 1175 5461 st
1264 5405 1319 5463 Per
1330 5404 1360 5461 id
1375 5403 1503 5478 temperis
1526 5419 1560 5460 ea
1575 5403 1716 5462 sanctone
1729 5411 1756 5461 et
1779 5403 1938 5462 canonista
1951 5405 2034 5462 loan-

373 5486 1174 5566 mereatequeureupitteaterepmseetoaunurnpeeee
1228 5495 1272 5552 nis
1298 5493 1456 5567 apostatice
1485 5493 1558 5552 sedis
1586 5493 1716 5552 antistitis
1756 5493 1852 5551 Malus
1878 5493 2037 5552 [lemnus

373 5576 1175 5657 efficerepraeeuletmiaieiteaucntaemenccberensgun-
1229 5583 1451 5657 archiepiscopus
1459 5582 1612 5641 Cantauriae
1628 5591 1655 5639 et
1668 5581 1770 5655 prims
1785 5582 1867 5641 totius
1879 5581 2036 5654 idemne,

373 5664 1173 5744 centumuiralemsmeertettiteueuquemmectt,
1228 5673 1306 5746 cujus
1325 5673 1410 5745 paule
1437 5673 1566 5745 superius
1588 5672 1756 5736 mentionem
1782 5671 1907 5744 tacimus,
1938 5681 2037 5732 coacto

374 5779 435 5836 gsaoe
449 5775 515 5820 ecre
524 5759 585 5826 uite
594 5755 900 5823 momentanearum
914 5756 1044 5816 admittit
1051 5777 1114 5834 gnoe
1127 5761 1174 5822 de·
1228 5760 1350 5837 generali
1365 5761 1481 5822 concilio
1491 5761 1594 5834 statuit,
1614 5769 1642 5820 et
1655 5761 1798 5820 statuendo
1812 5761 1951 5820 decretum
1965 5777 2037 5822 ccu-

375 5854 432 5910 cet.
458 5848 599 5922 iniectio
621 5844 786 5904 ciridano
801 5849 908 5904 cuncte
927 5845 1060 5918 dimittit,
1079 5867 1174 5922 guoec
1228 5851 1353 5914 firmarit
1381 5849 1509 5911 videlicet
1542 5859 1571 5909 ut
1600 5850 1723 5913 medici
1749 5865 1856 5924 omues,
1884 5851 2037 5924 presbyteri
