4750 6725
395 494 448 550 513

859 491 1047 548 atellanus
1062 488 1252 549 ttONnclttts
1271 489 1559 544 cantuaniensts

1992 485 2046 540 stt

394 613 458 669 alibi
474 615 567 683 etiam,
587 603 954 683 aetadehaerehahentur,
971 614 1023 669 Sed
1052 629 1127 680 vero,
1163 614 1189 667 in
1207 613 1320 684 Aipsas
1348 621 1430 667 terras
1467 614 1548 667 etiam
1576 625 1694 682 parvam
1758 611 1868 680 idquam
1903 608 2045 664 clarrraret.

394 685 540 742 Lanlranci
555 686 670 756 epistola
688 686 735 741 illa
750 701 832 758 quam
847 687 882 740 ad
896 685 1078 740 Alexandrum
1091 685 1189 738 lliscri·

392 763 468 827 ptam
483 757 575 811 inserit
590 756 839 822 hlaibesburiensis,
857 756 981 826 iniquum
997 764 1056 809 erat
1071 770 1105 810 ea
1118 771 1192 826 prrae-

394 827 505 883 termitti
521 843 582 898 quae
597 827 667 882 lectu
682 825 852 898 dignissimo,
869 841 902 880 cx
918 843 967 880 ms.
984 826 1079 881 codice
1107 827 1192 881 Raro-

395 897 457 952 nius
475 898 564 968 primo
594 897 622 951 in
640 898 726 952 lucem
754 897 847 952 edidit.
876 897 940 952 vide
965 911 1027 951 eum
1061 905 1126 951 tom.
1156 898 1191 961 li,

396 983 467 1024 anno
482 969 561 1033 1172,
577 975 604 1020 et
617 975 687 1036 part.
698 981 727 1036 u,
744 971 810 1021 tom.
837 969 883 1022 111.
911 968 1014 1024 Concil.
1045 975 1193 1038 postremae

397 1037 520 1094 editionis
547 1037 667 1092 amianas
681 1052 746 1106 pag.
763 1039 826 1091 est.

415 1107 1192 1181 (lethisposllnnpudPinnedcrtcprincr'pamconuenta.

396 1178 527 1248 Quanam
540 1177 627 1233 inillo
649 1187 782 1234 conventu
803 1185 863 1234 acta
885 1180 947 1245 sint,
972 1187 998 1235 et
1021 1195 1073 1250 que
1097 1179 1194 1251 judicii

397 1246 523 1316 formula,
540 1249 703 1304 luculentius
717 1264 752 1304 ex
767 1249 908 1305 historiola
933 1265 1015 1320 quam
1043 1250 1072 1304 in
1100 1249 1194 1306 codice

396 1334 448 1374 ms.
478 1316 615 1375 Rodiensis
647 1320 775 1375 Ecclesia
808 1319 998 1391 comperimus,
1032 1322 1190 1376 edocemur.

402 1389 468 1514 Erpa
477 1405 537 1471 eum
545 1390 696 1462 epigraphe
705 1407 788 1462 quem
798 1391 825 1445 in
834 1391 908 1447 dicto
921 1392 1016 1447 codice
1030 1407 1087 1464 pre
1096 1391 1195 1460 celent,

396 1475 428 1515 sa
459 1476 476 1514 u
516 1476 599 1516 rmus.

396 1531 436 1588 De
446 1476 630 1602 1ΙιῙιῙέίίιιιιιιιιιί
639 1531 923 1589 Pinendcrtumt'nler
937 1533 1133 1605 Lansrcncum
1148 1547 1196 1587 ur·

416 1547 801 1674 cilcplrcapumetddonem
814 1603 989 1668 baiocensem
1005 1607 1175 1686 episcopam.

435 1693 446 1719 v
463 1673 595 1744 Tempore
610 1673 700 1744 hlagoi
715 1675 789 1745 regis
803 1674 955 1742 Willielmi,
981 1692 1026 1745 qur
1050 1675 1196 1747 anglicum

401 1757 516 1824 regnum
528 1744 611 1798 armis
626 1743 800 1869 conarrisivit,
817 1753 843 1799 et
857 1743 913 1799 suis
953 1745 1101 1801 ditionibus
1127 1745 1195 1799 sab-

395 1821 512 1884 Jugavrt
538 1815 652 1887 contigit
699 1815 797 1870 donem
822 1815 997 1883 Bajoeeusem
1027 1815 1118 1886 episco
1138 1831 1195 1884 um,

397 1888 426 1939 at
441 1883 564 1954 ejusdem
579 1886 654 1966 regis
670 1885 780 1942 tratrem
804 1886 889 1942 multo
912 1886 989 1941 citius
1015 1902 1094 1957 quam
1121 1833 1198 1942 iau-

1246 685 1464 738 stetinensium
1490 684 1643 738 Devintnue
1670 691 1698 738 et
1750 683 1898 735 rarenham
1928 680 2046 734 reddidit

1245 755 1367 808 ecclesie
1382 754 1472 807 Sacrati
1493 755 1620 815 Andreae,
1638 754 1752 823 quiade
1766 752 1829 821 jure
1844 752 1928 820 ipsius
1954 752 2045 806 ecclc-

1245 826 1587 894 siaeantiquitusl‘oerunt.
1622 826 1654 879 Et
1683 825 1710 878 in
1737 825 1834 878 eodem
1864 822 1961 890 palacito
1991 837 2045 878 uari

1245 896 1413 950 solamistas
1434 896 1647 965 praenuntiantes
1674 905 1697 949 rt
1726 897 1793 948 alias
1822 903 1914 951 terna.
1946 893 1994 946 sod
2018 901 2047 947 cl

1246 981 1343 1021 omues
1358 966 1494 1020 libertates
1510 966 1636 1020 licclesiee
1651 984 1716 1026 sirie,
1734 977 1757 1019 et
1773 982 1869 1018 annarias
1897 972 2044 1017 consuetu-

1246 1037 1324 1092 dines
1338 1053 1400 1090 suas
1415 1038 1565 1103 renovarit,
1583 1045 1608 1090 ct
1624 1048 1764 1090 renovatas
1781 1037 1817 1088 ila
1832 1035 2044 1102 diratiocinavit,

1247 1108 1327 1176 Sora,
1345 1109 1423 1174 Saea,
1438 1108 1497 1175 Tol,
1514 1109 1605 1174 Team,
1622 1109 1761 1178 Frymcua,
1786 1108 1921 1177 i'yrmtln·‚
1951 1106 2045 1160 Grilli-

1246 1179 1356 1247 breche,
1373 1179 1518 1246 Forestenl,
1544 1179 1688 1245 deuolute,
1714 1174 1950 1247 loleupcuathcol,
1981 1191 2044 1231 auur

1247 1249 1449 1317 omnibus,aliis
1462 1250 1819 1330 consuetudinibusparihus
1835 1249 1891 1302 istis
1907 1247 2045 1302 veturiae·

1247 1320 1325 1375 ribus
1339 1321 1398 1375 istis
1407 1319 1517 1374 interris
1531 1328 1557 1374 et
1571 1322 1599 1373 iu
1614 1321 1700 1390 aquis,
1710 1335 1738 1373 ιιι
1752 1321 1838 1384 silvis,
1855 1321 1881 1372 io
1898 1318 1961 1380 riis,
1974 1327 2000 1373 et
2016 1318 2044 1371 io

1247 1392 1343 1461 pratis,
1359 1399 1385 1446 et
1399 1390 1427 1444 in
1442 1389 1568 1445 omuibus
1582 1391 1643 1445 aliis
1658 1391 1738 1446 rebus
1753 1392 1823 1446 iufra
1851 1390 1988 1444 civitatem
2016 1397 2044 1443 et

1248 1470 1334 1530 extra,
1349 1461 1420 1516 inira
1435 1461 1554 1541 burgum
1567 1471 1593 1516 et
1607 1470 1693 1522 extra.
1723 1469 1751 1517 et
1773 1463 1801 1515 in
1829 1461 1955 1515 omnihus
1981 1461 2042 1514 aliis

1248 1533 1324 1594 locis.
1341 1539 1367 1588 et
1381 1533 1417 1586 ab
1431 1531 1557 1587 omnibus
1569 1532 1622 1587 illis
1635 1532 1728 1613 probis
1742 1541 1770 1587 et
1792 1531 1960 1601 sapientibus
1989 1534 2042 1587 ho-

1249 1602 1366 1657 minibus
1378 1604 1423 1672 qui
1444 1601 1580 1657 affuerant
1606 1601 1656 1658 init
1683 1603 1720 1657 ita
1748 1603 1785 1657 ibi
1813 1603 2043 1670 diratiocinatum,

1249 1682 1276 1730 et
1291 1673 1398 1729 etiamn
1414 1681 1469 1729 toto
1483 1673 1613 1729 comitatu
1623 1675 1881 1745 recordatumutque
1893 1673 2046 1743 judicatum

1250 1745 1323 1816 quod
1337 1744 1406 1799 sicut
1430 1744 1489 1814 ipse
1513 1759 1561 1799 ren
1590 1752 1663 1800 tenet
1689 1761 1752 1800 suas
1780 1753 1865 1799 terres
1893 1745 1993 1798 liberas
2019 1752 2047 1798 ct

1250 1816 1356 1886 quietas
1369 1813 1396 1868 in
1411 1830 1460 1869 sno
1474 1815 1622 1882 dominico,
1648 1816 1686 1869 ita
1699 1816 1918 1887 archiepiscopus
1932 1815 2049 1869 cautua-

1250 1886 1351 1941 riensis
1364 1893 1437 1941 tenet
1448 1901 1511 1940 suas
1525 1893 1614 1940 terras
1628 1887 1740 1942 onrnine
1768 1888 1869 1940 liberas
1895 1896 1921 1939 et
1942 1887 2047 1955 quietas

396 1953 521 2010 truncum
537 1956 769 2026 archiepiscopum
784 1957 813 2010 in
838 1955 965 2029 hupham
993 1958 1096 2024 venire,
1113 1965 1234 2027 atquess
1250 1958 1280 2011 in
1294 1972 1345 2011 suo
1353 1955 1570 2011 dominicalium
1585 1957 1686 2027 placito
1695 1958 1874 2013 iuterfuerunt
1888 1956 2048 2012 Goislridus

397 2024 568 2081 incomitata
583 2026 790 2084 dechentcum
806 2043 903 2100 magua
916 2028 1039 2098 potentia
1058 2029 1189 2108 residere,
1249 2029 1393 2098 episcopas
1408 2027 1629 2090 constantiensis.
1644 2029 1691 2098 qui
1708 2029 1734 2082 iu
1756 2028 1815 2083 loco
1839 2026 1914 2098 regis
1943 2026 1994 2080 luit
2021 2036 2048 2082 et

398 2093 489 2166 ibique
505 2104 663 2164 protestatem
678 2111 731 2152 non
746 2098 883 2153 modicam
898 2113 1037 2155 exeruere.
1071 2101 1102 2154 at
1129 2115 1192 2169 quia

396 2165 451 2220 illis
465 2165 560 2222 diebus
574 2167 600 2222 in
616 2166 743 2224 comitatu
757 2169 803 2224 illo
818 2168 962 2241 quisquam
977 2184 1032 2224 nou
1052 2178 1118 2232 erat,
1147 2169 1193 2239 qui

398 2243 480 2292 tautae
496 2237 660 2293 tortitudinis
675 2239 731 2294 viro
746 2240 871 2294 resistcre
884 2247 988 2310 posset,
1004 2249 1116 2311 propter
1131 2256 1193 2294 ma-

396 2323 481 2432 ppam
502 2323 584 2380 quam
612 2309 707 2365 habuit
728 2317 900 2382 potestatem,
933 2318 1016 2366 terras
1039 2312 1194 2380 complures

416 2381 681 2451 etrchiepiscopatu
704 2380 903 2436 Cantnarberiae
928 2389 954 2437 et
982 2382 1194 2437 consuetudines

398 2449 541 2505 nonnullas
554 2450 605 2505 sibi
620 2451 733 2521 arripuit
747 2463 828 2523 atque
844 2469 976 2524 usurpans
991 2469 1047 2507 suar
1071 2453 1193 2508 domina-

399 2518 464 2576 tioui
487 2521 621 2592 ascripsit.
645 2523 742 2577 Postea
770 2539 836 2578 vero
861 2539 915 2579 non
947 2523 1036 2578 multo
1059 2531 1192 2593 tempore,

397 2591 468 2646 conti
492 2592 511 2647 it
525 2591 669 2662 praelatum
690 2592 867 2649 heniramum
894 2593 1075 2650 Cadomensis
1103 2593 1194 2650 ecclc-

398 2661 446 2717 siae
462 2607 599 2730 cithatam,
619 2663 695 2735 jussu
710 2665 792 2738 regis,
808 2665 835 2719 iu
863 2665 991 2738 angliam
1006 2680 1114 2736 qaoque
1143 2680 1194 2719 ve-

396 2733 465 2812 nire,
488 2741 569 2804 atque
596 2735 632 2814 in·
649 2735 884 2860 archiepiscopatu
913 2735 1108 2791 cantuariensi.
1137 2736 1194 2791 Deo

396 2802 569 2874 disponente,
585 2811 668 2860 totius
680 2808 741 2878 dag
754 2807 788 2862 iae
802 2822 832 2861 re
854 2807 880 2860 ni
899 2808 1043 2876 primatem
1058 2805 1194 2861 sublima·

396 2881 455 2929 tam
468 2889 542 2930 esse.
563 2875 624 2944 Ubi,
637 2875 702 2931 dnm
717 2823 871 2949 atiqaaniin
885 2877 1015 2933 resideret
1029 2885 1054 2932 et
1070 2877 1195 2948 antiquas

399 2945 527 3000 Ecclesia
540 2961 596 3001 suaa
609 2955 694 3002 terras
709 2949 807 3002 multas
832 2947 884 3002 sibi
907 2947 1002 3003 deesse
1017 2948 1149 3002 inveniret
1168 2955 1196 3002 et

399 3029 508 3070 suorum
525 3016 693 3088 negligentia
716 3025 916 3073 autecessorum
945 3017 1006 3073 illas
1034 3017 1196 3072 distributas

399 3092 483 3154 atque
497 3086 641 3142 distractas
656 3087 738 3143 luisse
753 3089 908 3158 reperisset,
932 3088 1077 3158 diligenter
1105 3088 1195 3158 iuqui-

399 3155 450 3210 sita
464 3162 492 3210 et
518 3155 586 3210 beue
609 3157 719 3228 cognite
734 3166 859 3223 veritate,
889 3175 982 3238 regem
1006 3173 1088 3229 qaam
1116 3159 1196 3214 cilius

396 3224 525 3296 potuitet
551 3227 697 3300 uonpigre
724 3228 788 3284 inde
803 3229 951 3299 requisivit.
976 3229 1100 3298 Praecipit
1126 3244 1196 3300 ergo

1244 2098 1377 2169 justitiam
1400 2097 1475 2152 illam
1504 2098 1596 2152 tenuit.
1627 2099 1796 2155 Lantraacus
1824 2098 2048 2167 archiepiscopus

1247 2170 1303 2240 qui,
1318 2177 1347 2224 ut
1361 2168 1527 2233 dictumest,
1544 2169 1684 2236 placitavit
1699 2180 1724 2224 et
1735 2178 1819 2226 totum
1834 2169 2047 2232 diratiocinavit,

1247 2255 1339 2294 comm
1354 2240 1466 2307 Cautiae,
1483 2239 1611 2293 videlicet
1626 2241 1773 2309 praedictus
1797 2239 1856 2296 Odo
1885 2239 2047 2309 Bajoccnsis

1248 2313 1402 2391 episcopus,
1433 2311 1562 2364 Ernestus
1593 2311 1735 2380 episcopas
1771 2311 1806 2365 de
1852 2310 2045 2379 dorecestria,

1247 2382 1397 2452 AEgelrreus
1411 2383 1557 2451 episcopus
1570 2380 1606 2435 dc
1628 2381 1755 2449 cicestra,
1772 2383 1814 2438 vir
1828 2382 2045 2452 antiquissimus,

1247 2460 1274 2507 et
1287 2453 1379 2523 legum
1395 2460 1476 2506 terrae
1490 2451 1701 2521 sapientissimus
1716 2453 1773 2523 (qui
1788 2468 1822 2507 ex
1839 2461 1975 2521 praeapte
2002 2468 2046 2506 re·

1269 2523 1292 2576 's
1307 2524 1435 2576 advectus
1449 2521 1498 2576 luit
1512 2524 1546 2577 ad
1562 2523 1634 2590 ipsas
1648 2525 1773 2593 antiques
1787 2524 1879 2594 legum
1904 2530 2047 2578 cousuetu-

1270 2595 1327 2647 ines
1342 2592 1562 2648 discutieudcset
1589 2593 1742 2648 edocendas
1766 2596 1792 2648 in
1822 2608 1875 2648 una
1902 2593 2048 2665 quadriga)

1248 2664 1401 2718 hisnardus
1416 2665 1450 2719 de
1473 2663 1662 2735 Tenebregge,
1687 2666 1767 2737 lingo
1789 2665 1823 2719 de
1849 2665 1939 2720 Monte
1964 2664 2046 2729 Furti,

1249 2734 1413 2789 Willielmus
1440 2733 1474 2788 de
1502 2738 1595 2801 Aroes,
1623 2736 1727 2805 ilaymo
1752 2736 1917 2801 vicecomes,
1946 2743 1973 2791 et
2000 2735 2048 2788 alii

1248 2805 1325 2861 mrrlti
1340 2805 1457 2859 barones
1472 2806 1547 2876 regis
1561 2813 1588 2860 et
1602 2805 1686 2874 ipsius
1712 2806 1939 2875 archiepiscopus
1965 2813 2049 2874 etque

1248 2877 1356 2930 illenim
1372 2877 1560 2946 episcoporum
1576 2876 1702 2930 homines
1718 2877 1804 2943 multi,
1820 2884 1847 2931 et
1868 2877 1916 2932 alii
1930 2877 2048 2931 aliorum

1249 2947 1424 3002 comitatuum
1438 2947 1561 3002 homines
1574 2947 1655 3001 etiam
1670 2963 1731 3002 cum
1755 2955 1811 3002 toto
1838 2947 1891 3003 isto
1918 2949 2050 3002 comitata

1250 3017 1342 3072 multae
1355 3025 1381 3072 et
1395 3033 1503 3089 maguae
1524 3017 1693 3072 auctoritatis
1708 3019 1771 3088 viri,
1788 3019 1966 3091 Francigenae
1989 3018 2047 3072 sci-

1250 3088 1311 3142 licet
1326 3096 1352 3142 et
1368 3089 1458 3159 Angli.
1475 3089 1505 3142 ln
1520 3089 1615 3142 horum
1635 3089 1757 3144 omnium
1786 3091 1929 3158 praeseutia
1957 3089 2051 3142 multis

1249 3158 1469 3228 etepertissimis
1481 3158 1629 3214 rationibus
1657 3159 1873 3215 demonstratum
1899 3161 1948 3214 luit
1973 3157 2049 3228 quod

1250 3245 1299 3284 rex
1314 3231 1463 3298 duplorum
1477 3228 1566 3283 nullas
1578 3231 1787 3286 cousuetuiiues
1802 3231 1925 3286 hebetia
1953 3231 2048 3285 omni-

399 3298 622 3352 rexcomitatum
651 3306 739 3354 toturn
768 3300 872 3370 absque
895 3315 972 3354 mora
999 3300 1142 3356 considere
1170 3285 1299 3355 ethus
1316 3300 1611 3355 terrisCuntuarieasis
1639 3300 1769 3357 Ecclesiae
1796 3304 1847 3356 nisi
1875 3302 2047 3357 selummodo

398 3368 524 3424 homines
538 3369 679 3425 comitatus
694 3386 789 3427 omncs
803 3372 988 3443 Francigaoas
1007 3380 1033 3427 et
1059 3372 1196 3452 praecipue

398 3440 500 3513 hagios
514 3440 542 3494 in
557 3441 675 3512 antiquis
689 3442 797 3514 legibus
811 3442 1085 3498 eteonsueludinibus
1095 3450 1196 3513 peritos

398 3511 524 3566 inunum
554 3513 711 3569 convenire.
741 3512 793 3581 Qui
822 3528 882 3570 cum
912 3521 1096 3569 convenerunt
1122 3512 1196 3583 apud

398 3581 692 3639 Piaeudenamomnes
719 3585 822 3654 pariter
843 3584 1032 3639 consederunt.
1062 3584 1095 3638 Et
1123 3598 1195 3655 que-

400 3652 473 3709 niam
488 3653 574 3708 multa
588 3654 686 3723 placita
701 3656 735 3709 de
754 3654 1033 3711 diratiocinationibus
1060 3662 1195 3710 terrarum

398 3732 425 3779 et
438 3724 521 3779 verba
535 3724 570 3779 da
584 3724 823 3782 consuetudinibus
842 3727 934 3798 legum
962 3726 1031 3781 inter
1057 3726 1194 3795 archiepi-

397 3810 512 3865 scopum
527 3803 554 3850 et
573 3797 735 3867 praedictum
761 3797 941 3869 bajocensem
970 3797 1128 3867 episcopum
1157 3796 1196 3851 ibi

397 3874 582 3931 surrexerunt,
599 3876 624 3921 et
639 3868 719 3921 etiam
741 3867 811 3921 inter
838 3868 1045 3922 consuetudines
1074 3867 1194 3937 regales,

396 3943 423 3990 et
437 3936 685 4006 archiepiscopales
700 3953 760 4007 quaa
774 3938 860 4007 prime
875 3938 919 3992 die
933 3937 1054 4009 expediri
1071 3953 1126 3993 non
1141 3952 1196 4007 po-

399 4013 516 4071 tuerant,
532 4021 564 4059 ea
592 4022 682 4070 causa,
713 4014 783 4061 totas
810 4009 954 4062 comitatus
984 4024 1031 4079 per
1056 4016 1110 4062 tres
1138 4008 1197 4062 dies

399 4074 450 4129 tua
465 4074 502 4129 ibi
517 4075 652 4131 detentus.
669 4078 698 4131 ln
714 4076 767 4131 illis
781 4078 866 4131 tribus
879 4078 974 4133 diebus
995 4078 1197 4133 diratiocinavit

399 4145 437 4200 ibi
465 4145 633 4201 Laniraucus
661 4146 874 4216 archepiscopus
898 4148 988 4218 plures
1018 4157 1103 4203 terras
1128 4163 1197 4215 quas

397 4215 482 4270 tanei
503 4232 533 4270 se
547 4214 692 4288 episcopus
704 4226 730 4273 et
745 4218 867 4273 homines
882 4218 923 4273 sui
950 4225 1100 4285 acuerunt,
1116 4218 1197 4273 vide·

398 4286 470 4353 licet,
485 4232 649 4343 ilerebertus
663 4286 735 4343 lilius
754 4289 859 4343 lvonis.
889 4290 1023 4344 Taroldus
1050 4290 1085 4344 de
1104 4290 1197 4345 Rure-

398 4356 506 4423 cestrie,
524 4358 658 4415 liedulfus
671 4360 705 4414 de
720 4360 809 4414 Curva
825 4362 920 4429 spina,
936 4360 1015 4431 liuga
1043 4360 1077 4415 dc
1105 4360 1197 4416 ilonte

398 4427 479 4497 Furti,
496 4444 555 4484 cum
571 4429 697 4485 omuibus
720 4430 962 4487 consuetudinibus
982 4440 1009 4485 ot
1030 4432 1112 4486 rebus
1135 4447 1196 4502 quae

398 4500 434 4553 ad
460 4500 570 4555 easdem
599 4506 686 4555 terras
713 4501 906 4571 pertinebaut;
943 4501 1046 4557 scilicet
1073 4502 1194 4565 itaculle,

398 4569 538 4635 Sandan,
568 4571 716 4644 hataburg,
744 4572 906 4631 Wedctune.
938 4573 1131 4627 monasterium
1159 4572 1196 4626 de

1249 3380 1311 3427 tres.
1328 3372 1362 3425 Et
1389 3372 1445 3424 illae
1469 3378 1614 3443 tres,ques
1640 3372 1733 3441 habet,
1762 3374 1974 3429 consuetudines
2003 3374 2046 3425 hae

1248 3450 1329 3504 auot;
1346 3457 1400 3496 una
1412 3461 1418 3497 :
1429 3442 1616 3513 Sipuialtomo
1632 3444 1837 3516 urricicplccopi
1852 3442 1951 3515 alludit
1966 3444 2048 3497 illam

1248 3514 1373 3581 rapulam
1385 3514 1458 3568 alem
1467 3528 1528 3581 qne
1537 3514 1614 3569 audit
1622 3512 1654 3568 da
1662 3516 1779 3570 ciuitate
1789 3518 1821 3570 ia
1831 3514 1913 3587 [alet
1921 3513 1963 3585 inl
1974 3514 2047 3568 cini·

1251 3583 1450 3639 interrasilem
1463 3580 1831 3655 :Siqniaarlrorcmr'ucldit
1847 3586 1937 3655 juxta
1964 3600 2049 3654 rapn-

1250 3655 1307 3709 lcm
1316 3656 1391 3710 emm
1399 3658 1428 3709 at
1438 3670 1502 3711 acm
1514 3671 1600 3722 snper
1609 3655 1701 3724 ipsam
1710 3658 1783 3712 niurn
1794 3656 1983 3724 deieceritlle
1994 3654 2051 3707 istis

1249 3724 1355 3779 duabus
1368 3723 1609 3780 consuetudinibus
1622 3726 1668 3794 qui
1680 3726 1829 3796 culpabiles
1856 3726 1961 3781 inventi
1988 3724 2048 3778 lue·

1249 3794 1304 3849 rint
1318 3803 1345 3849 at
1367 3811 1400 3850 ae
1414 3794 1526 3863 detenti,
1543 3796 1608 3851 dum
1623 3796 1684 3849 talia
1713 3796 1897 3864 iaciant,sire
1927 3794 2048 3851 redime

1248 3866 1324 3920 nium
1339 3882 1355 3920 a
1390 3866 1428 3920 eis
1442 3873 1582 3935 acceptum
1599 3866 1679 3921 suerit
1693 3868 1752 3922 sive
1764 3885 1828 3929 non.
1845 3876 1935 3922 tanton
1950 3866 1977 3919 in
2002 3881 2049 3920 se-

1249 3937 1357 3991 cutione
1372 3936 1489 3990 ministri
1502 3938 1576 4008 repis
1591 3946 1619 3992 et
1632 3953 1683 4006 per
1709 3938 1892 3993 vadimonium
1920 3936 2049 3992 emcnda-

1248 4005 1316 4060 bunt
1331 4023 1392 4077 quaa
1406 4005 1504 4077 injuste
1518 4008 1689 4063 emendanda
1704 4010 1867 4065 sentientia
1882 4006 2050 4064 consitetmlo

1250 4077 1311 4131 talis
1324 4086 1381 4132 est:
1396 4076 1647 4151 Siquirinr'panrc
1665 4081 1706 4135 ali
1730 4082 1775 4134 nin
1795 4082 1945 4149 serapiacae
1963 4078 2049 4147 sade-

1249 4150 1297 4213 rit,
1311 4146 1556 4205 aethomicidittm
1567 4152 1610 4206 uel
1626 4098 1708 4205 ιιῖἱιιά
1727 4152 1836 4222 aliquid
1848 4153 1960 4222 facerit,
1978 4146 2050 4217 qaod

1249 4218 1418 4274 nullatenus
1437 4220 1500 4287 pieri
1512 4222 1589 4285 licet,
1600 4220 1758 4282 ridamhoc
1769 4223 1840 4288 facit
1856 4222 2049 4292 deprehensns

1249 4289 2052 4359 utquedetentaasuerit,reqltemendabit.Siuerodcpra-

1250 4358 1355 4414 lacerus
1366 4359 1404 4415 ihi
1412 4377 1469 4417 noa
1478 4362 1579 4431 lacot,
1591 4366 1620 4417 et
1630 4362 1696 4417 inde
1705 4362 1881 4433 cerquarnde
1889 4360 2052 4417 dotoremcl

1248 4430 1417 4496 aeter-taran
1427 4432 1460 4485 ab
1471 4431 1668 4503 ecnttttjaata
1679 4435 1792 4503 ccipere
1800 4431 2052 4505 polerit.Similiter

1250 4500 1299 4553 init
1314 4509 1455 4555 ostensum
1470 4502 1497 4555 iu
1512 4502 1609 4557 codem
1625 4503 1726 4571 placito
1742 4506 1813 4575 quod
1829 4502 2052 4572 archiepiscopus

1250 4570 1450 4626 cantuariensis
1466 4572 1593 4628 Ecclesiae
1614 4575 1640 4627 ia
1669 4575 1795 4628 omnibns
1819 4576 1898 4629 terris
1926 4572 1999 4642 regis
2025 4579 2053 4625 et

398 4640 599 4713 Lunniogeum
615 4642 694 4697 terris
722 4650 748 4697 et
775 4643 1016 4699 consuetudinibus
1044 4643 1079 4698 ad
1108 4636 1452 4713 ipsuchomitisdebet
1472 4644 1570 4698 multas
1596 4645 1810 4699 consuetudines
1834 4646 1905 4715 juste
1932 4642 2047 4696 habere.

397 4712 590 4768 monasterium
619 4713 827 4783 pertinentibus,
857 4714 989 4769 Saltvude
1017 4728 1078 4767 cum
1108 4712 1196 4786 burgo

397 4782 485 4837 Hethe
506 4784 540 4837 ad
569 4783 702 4838 Saltvude
721 4785 880 4865 pertinente,
907 4786 1054 4855 Langport,
1083 4785 1197 4839 illicen-

397 4854 495 4916 denne‚
512 4854 645 4925 Rekiuge,
663 4854 798 4925 bethago,
813 4855 973 4917 Prestitnne.
986 4854 1194 4921 sacraemnta,

398 4924 525 4995 Caliethe,
542 4924 705 4995 Orpintune,
720 4926 873 4981 Fineslord.
890 4925 1011 4994 Quatuor
1035 4925 1196 4980 l‘raehendus

397 4994 559 5059 Broche‚de
588 4996 761 5060 arvennae,
791 4996 889 5051 states
916 5004 943 5051 ct
967 4995 1132 5050 Devintuue.
1165 4997 1196 5049 In

397 5064 534 5130 Suthreia,
551 5066 657 5121 levante
672 5082 737 5138 rege
754 5067 905 5133 Willalmo,
921 5066 1125 5122 diratiocinavit
1136 5068 1195 5135 ipse

396 5135 614 5257 archiepiscopus
629 5138 700 5191 hlurt
714 5138 818 5194 clache.
837 5139 865 5191 ln
891 5137 1028 5193 londonia
1054 5144 1195 5192 nronaste-

396 5205 587 5262 riumranctae
603 5208 704 5274 hiariae,
729 5222 790 5264 carm
816 5208 892 5264 terris
920 5217 947 5263 et
974 5206 1101 5263 domibus
1128 5222 1196 5278 quas

398 5275 544 5347 Livingues
559 5277 699 5347 presbyter
727 5284 755 5334 et
782 5294 850 5334 uxor
873 5277 944 5333 illius
973 5277 1142 5340 habuerunt;
1168 5279 1195 5333 iu

398 5346 542 5401 biidlesere
569 5348 702 5417 Herghas,
729 5350 860 5411 liobam,-
889 5350 915 5403 ia
945 5350 1194 5417 Bochinpeamsire,

397 5416 586 5487 hisebergam,
604 5418 737 5487 Haltune3
755 5422 783 5473 ln
796 5419 996 5486 Otenlurdsire,
1014 5420 1194 5486 Riiveatune;

399 5490 428 5543 io
444 5488 568 5543 Castsere
592 5488 717 5553 Stistede,
738 5490 765 5543 iu
792 5489 955 5555 Sirtlolrhia,
986 5491 1192 5545 Frachenham.

397 5562 467 5615 item
481 5574 564 5628 super
578 5558 723 5615 auctuum
738 5561 772 5615 do
791 5560 877 5615 Cuma
902 5562 989 5629 spina.
1005 5576 1052 5627 nx,
1070 5561 1199 5616 solidatos

398 5631 557 5699 depastura
573 5628 598 5682 in
615 5628 730 5685 Gream.
747 5630 779 5684 Et
791 5646 886 5686 omnes
900 5631 960 5685 illas
975 5640 1061 5686 terres
1076 5640 1102 5686 et
1130 5633 1199 5687 alies

398 5700 601 5757 diratiocinavit
614 5716 675 5754 cum
691 5702 817 5756 omuibus
832 5702 1075 5757 consuctudinibus
1099 5710 1126 5757 et
1152 5719 1196 5758 re-

397 5772 519 5842 busquae
533 5772 566 5826 ad
582 5772 693 5827 casdem
722 5779 808 5828 terras
836 5772 1010 5853 pertinebant
1032 5772 1072 5827 ita
1099 5774 1197 5829 liberas

397 5851 477 5923 atque
492 5842 610 5913 quietes,
627 5842 700 5911 (quod
715 5842 741 5896 iu
757 5842 800 5897 illa
818 5842 862 5897 dre
877 5858 930 5912 qun
951 5843 1038 5911 ipsam
1068 5842 1196 5913 placitum

398 5910 503 5966 sinitram
520 5912 578 5979 luit,
594 5928 649 5967 non
664 5913 795 5968 remansit
810 5914 891 5967 homo
906 5912 932 5965 iu
952 5920 1008 5967 toto
1033 5928 1120 5984 reguo
1139 5918 1196 5967 hn-

399 5980 462 6051 ptivc
476 5983 522 6052 qui
537 5981 642 6052 aliquid
670 5980 732 6039 inde
751 5981 971 6049 calumniaretur,
1000 5994 1089 6051 aeque
1115 5996 1198 6053 caper

1251 4712 1359 4766 Etenim
1374 4712 1409 4765 ob
1423 4713 1470 4767 illo
1480 4714 1524 4768 die
1535 4730 1588 4784 quo
1603 4715 1740 4770 clauditur
1755 4718 1883 4787 dilalrtpe
1903 4730 1989 4784 usque
2011 4712 2048 4765 ad

1250 4790 1361 4838 octavas
1375 4784 1496 4844 Paschae.
1512 4784 1534 4839 si
1550 4786 1611 4857 quis
1634 4788 1797 4855 sanguinem
1825 4786 1934 4852 lactarit,
1963 4784 2052 4839 arclii-

1250 4854 1378 4922 episropo
1398 4854 1565 4909 emendabit.
1584 4856 1616 4909 Et
1636 4854 1750 4911 inomni
1766 4866 1889 4926 tempore
1902 4868 1958 4909 turn
1974 4862 2052 4908 entra

1250 4924 1486 4996 quadragesimam
1498 4942 1578 4994 quam
1588 4925 1667 4992 iulru,
1685 4928 1839 4998 quicunque
1852 4928 1926 4982 illam
1942 4926 2050 4994 culpam

1250 4994 1344 5049 iecerit
1370 5010 1431 5064 quae
1454 4996 1591 5051 childivite
1615 5006 1736 5067 vocatur,
1760 5000 1982 5068 archiepiscopus
2005 5004 2053 5049 aut

1250 5073 1333 5120 totam
1356 5075 1402 5120 aut
1425 5066 1564 5121 dimidiam
1588 5069 1787 5123 emendationis
1803 5079 1907 5135 nartem
1929 5067 2050 5122 habebit.

1249 5135 1324 5189 Infra
1339 5134 1583 5209 Quadragesimom
1606 5138 1726 5208 qtridem.
1749 5148 1842 5206 totam,
1862 5151 1889 5195 ct
1903 5146 1989 5202 extra,
2006 5145 2054 5191 aut

1251 5214 1333 5261 totam
1348 5215 1394 5261 aut
1417 5207 1559 5262 dimidiam
1575 5209 1808 5265 emendationem.
1825 5212 1912 5265 llahct
1927 5210 2008 5263 etiam
2025 5209 2053 5261 in

1249 5276 1353 5332 eisdem
1379 5279 1456 5333 terris
1478 5279 1604 5334 omuibus
1619 5296 1790 5350 quaecuuque
1803 5282 1837 5335 ed
1851 5296 1944 5335 cainam
1967 5287 1994 5333 et
2009 5294 2054 5331 sa·

1249 5348 1332 5401 lolem
1356 5350 1504 5404 animarum
1534 5350 1812 5419 vetenturpeninera.
1844 5352 1933 5420 liujus
1957 5348 2054 5417 placiti

1249 5420 1341 5472 aseritis
1364 5420 1475 5474 testibus
1499 5421 1645 5490 multisque
1667 5422 1815 5477 rationibus
1839 5422 2053 5477 ‹letcrminntum

1248 5489 1329 5543 linem
1347 5500 1485 5561 postquam
1501 5508 1547 5545 rex
1571 5491 1685 5558 audivit,
1710 5492 1839 5554 laudavit.
1862 5494 1978 5546 laudans
1991 5504 2054 5545 cum

1252 5576 1388 5615 consensu
1410 5563 1532 5617 omnium
1557 5562 1709 5631 principum
1734 5580 1844 5619 suorum
1870 5561 2053 5623 couhrmvvit,

1252 5639 1279 5685 et
1309 5638 1337 5685 ut
1361 5632 1489 5703 deinceps
1517 5633 1691 5701 incoimptus
1719 5643 1916 5701 perseveraret,
1943 5630 2057 5686 firmiter

1253 5702 1389 5772 praecepa.
1414 5702 1494 5771 Quod
1518 5712 1662 5774 propterea
1676 5706 1807 5773 scriptum
1831 5714 1872 5759 est
1894 5705 1949 5771 hic,
1974 5711 2004 5755 nt
2028 5711 2056 5756 ct

1252 5772 1349 5827 itrtrrrae
1364 5774 1391 5826 in
1405 5784 1534 5829 adernam
1551 5774 1692 5829 memoriae
1713 5776 1846 5845 proliciat‚
1861 5784 1887 5829 et
1902 5774 1955 5845 ipsi
1971 5774 2054 5828 lutrrri

1251 5842 1371 5911 ejusdcm
1389 5844 1518 5901 Ecclesiae
1540 5844 1638 5898 Christi
1660 5845 1867 5901 Cantuarisnsis
1883 5860 2052 5899 successores

1250 5914 1345 5981 sciant,
1366 5929 1427 5984 qtrm
1452 5924 1477 5970 ct
1491 5921 1594 5985 quauta
1617 5914 1837 5987 indignitatibus
1857 5915 1943 5987 ipsius
1958 5913 2051 5971 enata
