4750 6725
262 597 294 657 rr
903 587 1276 660 merrtemsrxttrt.
1877 606 1910 664 7,

263 726 344 794 misia,
360 740 411 779 eos
426 737 496 795 quos
509 720 639 793 genuistis
657 734 746 791 usquc
758 718 874 776 adillam
897 726 1005 775 aetatem
1029 718 1056 772 in
1070 716 1099 777 Α
1114 718 1349 775 cantuariensium
1371 722 1586 799 archiepiscopo,
1608 726 1793 797 Bsxnurorus,
1809 728 1837 785 in
1852 730 1911 788 Do-

262 833 314 889 que
330 813 453 885 peccatis
467 818 493 865 ct
508 810 616 865 malitiae
629 809 712 877 buius
730 808 824 863 mundi
847 808 1059 872 sordidarentur,

261 902 415 977 pervenire,
430 910 460 954 ut
476 900 559 954 ritem
574 907 702 953 aeternarn
721 898 879 967 perderent,
894 898 940 950 sed
964 912 1062 949 omnes

263 1010 308 1049 eos
321 994 395 1046 bono
407 989 461 1043 line
475 988 509 1042 de
525 989 575 1042 bec
590 987 645 1042 vita
664 986 699 1041 ad
722 1002 751 1040 se
776 985 889 1039 transire
914 985 992 1039 iecit.
1010 986 1061 1038 ln-

265 1080 386 1152 supersi
409 1078 552 1149 sapientes
571 1075 644 1142 estis,
659 1082 686 1128 et
707 1074 844 1145 sapienter
865 1073 1060 1141 consideratis,

262 1169 421 1241 intelligetis
435 1167 523 1221 Deum
541 1164 638 1220 iecisse
653 1162 732 1219 vobis
752 1178 879 1233 magnam
904 1162 1061 1217 misericor·

261 1262 335 1315 dinm
352 1258 386 1312 de
402 1255 481 1311 vobis
504 1254 579 1323 ipsis,
595 1252 725 1323 quoniam
749 1252 859 1306 obstulit
882 1252 960 1307 vobis
982 1267 1062 1307 ocra·

263 1351 369 1403 sionem
383 1343 491 1399 amandi
507 1344 559 1397 boc
573 1340 711 1406 soeculum,
726 1348 752 1395 et
770 1340 941 1395 desiderandi
954 1356 987 1396 ea
1002 1356 1062 1409 quae

265 1442 414 1499 transeant,
428 1448 493 1490 curn
509 1432 585 1488 vobis
599 1429 711 1485 abstulit
735 1430 859 1484 literedes
873 1430 900 1483 in
922 1430 973 1483 bac
997 1429 1060 1495 rita,

265 1538 289 1582 et
302 1525 368 1580 lecit
380 1523 451 1578 filios
463 1531 570 1577 vestros
584 1534 646 1574 suos
669 1519 791 1574 haeredes
812 1526 840 1573 et
857 1534 920 1572 suos
942 1518 1012 1573 lilios
1035 1519 1063 1573 in

265 1623 369 1671 eterna
380 1612 450 1669 vita.
468 1612 549 1665 Nunc
563 1609 635 1681 agite
650 1607 752 1682 gratias
766 1608 824 1662 Deo
839 1606 903 1677 quia
925 1607 1063 1663 exonerati

265 1705 332 1760 estis
360 1710 388 1759 et
414 1698 546 1772 expediti,
564 1705 593 1752 ut
617 1696 704 1752 libere
733 1704 789 1751 toto
817 1697 908 1765 corde,
935 1704 990 1751 tots
1017 1695 1061 1751 ia-

266 1792 386 1849 tentione
401 1796 427 1845 et
442 1788 507 1844 totis
521 1786 623 1843 viribus
645 1785 758 1841 curratis
781 1784 817 1839 ad
839 1785 938 1853 Deum,
955 1792 982 1839 ct
1003 1785 1062 1841 sol-

264 1880 404 1940 licitisitis
421 1876 591 1934 solummodo
614 1874 649 1930 de
672 1874 761 1929 salute
785 1873 935 1929 animarum
958 1883 1062 1930 restra-

264 1990 324 2028 rum
339 1989 347 2035 3
362 1978 389 2025 et
414 1976 444 2023 nt
466 1966 531 2021 illuc
552 1973 703 2036 spontanea
723 1963 861 2018 voluntate
886 1964 1061 2033 perveniatis,

1115 806 1188 861 mino
1200 810 1323 864 sulutem.

1150 898 1236 951 Amor
1263 900 1391 969 scribere,
1421 910 1447 958 et
1475 904 1553 960 dolor
1580 908 1671 963 cordis
1704 909 1756 963 mci
1780 908 1912 981 gemitum

1115 985 1237 1041 charitati
1254 996 1349 1043 restrae
1364 994 1501 1062 compellit
1523 997 1639 1066 aporire.
1661 999 1692 1051 Et
1717 1000 1779 1067 quio
1802 1000 1912 1069 sepien-

1116 1074 1307 1145 tibusloquor,
1326 1081 1411 1151 etqui
1431 1081 1464 1137 do
1487 1100 1574 1153 parra
1599 1088 1712 1141 materia
1734 1098 1829 1143 norunt
1854 1089 1911 1145 ler-

1116 1164 1176 1217 cula
1192 1164 1326 1221 conticere
1341 1169 1434 1235 multa,
1452 1171 1512 1227 ideo
1523 1173 1640 1229 breviter
1650 1177 1840 1248 succincteque
1852 1194 1913 1233 san·

1116 1253 1203 1307 ctitnti
1230 1263 1325 1309 restire
1348 1257 1409 1312 dico
1433 1262 1560 1329 quoniam
1585 1263 1696 1317 Satanas
1724 1265 1913 1322 videturesse

1117 1342 1230 1396 solutus.
1245 1344 1303 1397 lter
1318 1361 1434 1416 nonique
1450 1349 1583 1418 superbire
1605 1368 1688 1423 prope
1712 1362 1771 1419 est3
1787 1363 1822 1420 et,
1839 1356 1912 1425 quod

1116 1430 1170 1484 dici
1185 1432 1261 1485 netas
1276 1440 1326 1499 est,
1343 1436 1510 1491 secerdotum
1525 1439 1550 1493 ei
1574 1453 1742 1511 preeparatur
1764 1445 1909 1512 exercitus,

1117 1519 1179 1589 quie
1195 1520 1386 1578 cerviceelata
1415 1525 1530 1580 militent
1559 1528 1606 1599 qui
1631 1530 1767 1601 prepositi
1793 1540 1855 1587 sunt
1881 1540 1911 1589 ut

1116 1609 1258 1677 praebeant
1273 1613 1397 1682 exempla
1412 1614 1568 1670 humilitatis
1583 1632 1589 1671 :
1607 1618 1647 1672 sic
1666 1626 1695 1673 ut
1718 1619 1838 1674 Danielis
1863 1636 1915 1677 va-

1118 1696 1238 1751 ticlnium
1266 1699 1391 1755 videatur
1416 1718 1478 1757 esse
1504 1706 1682 1777 completum.
1707 1708 1782 1779 Ergo
1811 1708 1855 1781 qui
1884 1710 1913 1765 in

1116 1785 1211 1840 Judeen
1227 1794 1266 1841 est
1282 1787 1316 1843 ad
1333 1799 1437 1845 montes
1453 1792 1693 1867 registetensis
1709 1800 1780 1853 tecto
1795 1802 1846 1866 est,
1857 1815 1916 1855 nors

1119 1876 1272 1930 descendat
1291 1878 1388 1933 tollere
1412 1882 1520 1951 aliquid
1541 1883 1574 1937 dc
1599 1884 1677 1940 darno
1704 1885 1813 1950 tllottlt.
1833 1904 1911 1954 xxiv,

1117 1965 1172 2032 rt),
1189 1971 1241 2019 etc.
1259 1965 1374 2021 Proinde
1399 1984 1458 2036 vos,
1474 1969 1519 2041 qui
1543 1970 1569 2024 in
1596 1980 1664 2027 tecto
1686 1974 1794 2028 Domini
1818 1992 1914 2045 passer

264 2079 319 2133 quo
337 2056 495 2116 Deusfilios
510 2063 614 2110 vestros
634 2052 678 2123 qui
701 2053 800 2107 mortui
822 2061 895 2121 sunt,
910 2053 986 2108 vobis
1009 2068 1060 2109 no·
1076 2070 1103 2130 Β
1118 2053 1252 2108 solitarius
1275 2056 1411 2121 extitistis,
1437 2066 1464 2111 et
1486 2074 1580 2131 agrurn
1604 2062 1653 2115 Dei
1681 2077 1790 2117 vomere
1812 2064 1914 2137 lingum

265 2149 396 2215 lentibus,
412 2143 622 2200 misericorditer
644 2141 733 2204 traxit,
749 2145 777 2195 et
801 2157 856 2211 quo
879 2142 957 2196 istum
981 2159 1062 2213 quem

264 2242 323 2295 Dco
339 2236 465 2300 dedistis,
481 2233 538 2288 Deo
552 2231 707 2303 adjurante,
719 2240 911 2301 perventurum
922 2240 1063 2300 exspecta·

264 2345 338 2389 mus,
361 2323 408 2380 ubi
430 2322 535 2395 pariter
559 2328 637 2392 pater
659 2331 685 2374 et
708 2330 804 2384 mater,
830 2318 877 2373 lilii
901 2328 927 2374 et
950 2318 1012 2375 siliae
1035 2321 1063 2375 in

265 2422 416 2488 conspectu
430 2412 480 2467 Dei
493 2412 521 2465 in
535 2410 623 2483 gloria
640 2416 739 2464 aetema
754 2408 911 2479 gaudeatis:
927 2416 954 2464 et
976 2426 1063 2464 unus-

264 2508 380 2577 quisque
406 2507 511 2558 tantam
535 2499 569 2554 da
592 2498 706 2569 singulis
725 2496 786 2551 aliis
810 2507 941 2567 quantum
975 2498 1008 2553 de
1033 2514 1062 2553 so

262 2596 409 2667 glorietur.
424 2593 509 2663 Engo,
525 2586 693 2643 dilectissimi
707 2584 738 2614 ‘⁴⁷
752 2592 778 2641 et
793 2585 961 2652 amicissimi,
979 2586 1063 2642 irater

263 2684 423 2740 charissime
455 2689 482 2736 et
511 2694 590 2734 soror
615 2676 783 2743 charissima,
807 2691 912 2746 precor,
937 2676 1061 2746 obsecro,

263 2790 372 2840 moneo,
391 2769 506 2827 consulo
521 2784 555 2823 ne
568 2766 748 2824 contemnatis
758 2765 1062 2837 misericordiamquem

262 2865 338 2919 Deus
352 2861 433 2917 vobis
445 2874 501 2915 non
522 2854 776 2927 praemeditantibus
800 2854 881 2922 tecit;
896 2863 922 2909 et
942 2870 976 2909 ne
1000 2871 1063 2925 per·

261 2954 331 3008 datis
345 2950 463 3024 gloriosa
477 2962 560 3020 quarn
574 2947 646 3001 Deus
660 2944 748 3007 vobis,
764 2942 786 2997 si
801 2944 881 3013 culpa
896 2949 988 2998 restra
1009 2959 1063 3000 non

260 3043 351 3110 luerit,
386 3037 562 3111 preparavit.
601 3033 776 3107 Cognoscite,
809 3034 967 3105 cognoscite
1000 3034 1063 3104 quia

261 3132 334 3203 qued
358 3132 434 3185 Deus
457 3143 507 3183 vos
530 3126 567 3181 ita
590 3124 715 3180 omnibus
740 3122 803 3176 liliis
824 3122 935 3177 orbatos
959 3123 986 3176 in
1011 3124 1062 3179 hac

261 3222 316 3276 rita
339 3220 415 3275 solos
440 3218 516 3283 lecit,
536 3230 591 3271 non
615 3222 657 3269 cat
678 3212 718 3267 ira
742 3210 801 3279 Dei,
818 3211 867 3265 sed
889 3211 977 3282 gratis
999 3212 1060 3278 Dei,

261 3320 288 3366 ut
314 3309 362 3381 qui
384 3310 443 3379 jem
466 3306 517 3362 soli
545 3302 723 3384 remansistis,
743 3299 811 3356 nibil
833 3300 963 3354 habentos
989 3301 1061 3370 quod

260 3400 370 3464 ametis,
388 3398 449 3453 sine
463 3395 540 3452 omni
565 3392 759 3464 impedimento
781 3390 816 3446 sd
840 3389 913 3444 illum
937 3391 1060 3458 carratis,

260 3498 286 3544 et
301 3489 327 3543 ei
346 3501 398 3542 vos
422 3493 450 3541 ct
471 3489 561 3541 vestra
579 3481 711 3538 reddatis.
729 3479 909 3550 Omnipotens
928 3480 1003 3534 Deus
1023 3480 1062 3535 sic

260 3594 309 3634 ros
322 3589 373 3631 suo
385 3589 483 3632 amore
497 3571 630 3628 accendat
641 3578 671 3625 ιιι
683 3585 791 3626 ornnem
813 3568 893 3638 hujus
926 3569 988 3624 sitae
1012 3569 1063 3625 de·

262 3667 450 3731 testationem,
466 3662 550 3717 iaciat
564 3667 749 3726 contemnere,
766 3665 793 3714 et
807 3656 843 3713 ad
857 3673 887 3713 se
903 3657 1063 3716 totosllecta

261 3755 376 3811 tendere
389 3760 417 3809 et
428 3749 586 3824 pervenire.
601 3750 698 3804 Arnen.

523 3853 692 3911 setstotn
706 3853 801 3910 xciv.

429 3959 578 4002 assensere
591 3957 671 4000 aare
684 3960 720 3999 so
732 3957 893 4000 assuescat.

262 4041 507 4098 escendentem
530 4037 611 4105 perot
637 4034 667 4088 in
685 4033 791 4088 tuendo
812 4032 943 4088 Ecclesiae
966 4032 1061 4104 Anyti-

539 4122 618 4160 came
635 4106 778 4160 libertate.

295 4201 452 4254 Pascnsnrs
476 4195 632 4266 episcopus,
654 4209 751 4247 servus
772 4206 912 4247 servorum
934 4191 994 4258 Dei,
1010 4207 1060 4248 ve-

260 4287 373 4342 nerabili
389 4285 472 4340 tratri
484 4292 513 4338 et
526 4282 689 4352 coepiscopo
700 4283 834 4338 bussuto
842 4281 1058 4348 Cantauriornrn,

260 4379 377 4432 salutem
392 4383 421 4428 et
433 4372 610 4444 apostolicam
624 4370 856 4426 benedictionem.

292 4467 355 4521 Non
368 4464 485 4534 ignoras
499 4460 600 4516 divine
611 4459 917 4530 voluntatiseonsilium,
933 4467 985 4518 etc.
996 4460 1059 4520 ttae

258 4556 286 4610 in
301 4553 438 4610 Paselrall
451 4551 479 4606 rt
487 4550 525 4606 od
539 4566 588 4606 on.
605 4550 686 4606 stre.

525 4655 696 4713 EPlSTOLA
710 4657 794 4716 XLV.

500 4761 627 4802 escensu
641 4762 677 4801 so
690 4761 817 4803 sonasse

1119 2142 1233 2197 viriliter
1247 2145 1427 2212 conscidistis,
1443 2147 1478 2202 ad
1496 2158 1601 2204 montes
1617 2150 1710 2222 lugere
1733 2169 1782 2208 nce
1805 2160 1915 2224 oportet

1117 2230 1151 2285 de
1166 2231 1247 2301 plano
1263 2232 1366 2303 aliquid
1383 2233 1489 2291 tollere.
1507 2237 1565 2290 Etsi
1584 2238 1676 2293 Rornae
1700 2254 1756 2295 non
1782 2252 1821 2297 cst
1841 2260 1914 2301 nunc

1118 2320 1280 2391 Gregorius,
1304 2326 1455 2378 esttamen
1480 2325 1585 2397 daglioe
1612 2329 1797 2398 Augustinus;
1821 2334 1914 2403 etqui

1118 2409 1195 2463 dedit
1209 2409 1233 2463 ei
1248 2410 1327 2482 signa
1351 2418 1378 2465 ct
1401 2412 1528 2483 prodigia
1551 2414 1651 2484 lacere,
1668 2416 1744 2473 dabit
1765 2419 1846 2475 vobis
1864 2436 1915 2490 pro

1118 2497 1213 2551 Christi
1224 2496 1318 2553 fidcsd
1342 2499 1420 2555 finem
1433 2518 1518 2572 usque
1537 2502 1652 2559 viriliter
1668 2514 1771 2561 certare
1788 2525 1794 2561 :
1810 2510 1915 2566 Fidelis

1117 2593 1158 2642 est
1173 2589 1250 2643 enim
1260 2589 1342 2655 Deus,
1353 2592 1401 2659 qut
1412 2607 1467 2646 nors
1478 2594 1606 2663 potietur·
1614 2609 1659 2649 vos
1670 2599 1778 2652 tentori
1787 2613 1874 2668 supro
1885 2598 1914 2655 id

1116 2677 1187 2748 quod
1209 2676 1282 2731 lcrre
1304 2681 1425 2748 potestis
1448 2681 1470 2748 (l
1495 2680 1558 2735 Cor.
1575 2698 1602 2749 x,
1619 2685 1677 2751 ts).
1695 2682 1914 2743 Benedictionem

1116 2772 1206 2819 autem
1223 2773 1338 2819 vestram
1354 2782 1407 2838 qua
1422 2766 1503 2823 debui
1522 2777 1611 2825 mente
1637 2773 1755 2842 suscepi,
1772 2773 1842 2829 bene
1865 2790 1914 2831 se-

1116 2854 1250 2923 pientem,
1266 2854 1335 2909 bene
1350 2855 1530 2912 redolentem.
1547 2859 1605 2913 Deo
1619 2867 1709 2915 autem
1726 2862 1828 2933 gratias
1851 2862 1914 2933 agi·

1102 2960 1185 3010 ¹mus,
1203 2943 1267 3017 quie
1282 2959 1412 3016 saporosa
1428 2954 1489 3001 sunt
1503 2954 1529 3001 et
1543 2948 1658 3003 odoross
1670 2964 1730 3020 quae
1746 2951 1835 3023 agitis,
1853 2966 1916 3023 quae

1116 3033 1217 3098 dicitis,
1238 3050 1298 3103 quae
1321 3033 1401 3089 datis.
1420 3035 1459 3091 De
1480 3035 1534 3091 vita
1556 3046 1645 3091 autern
1670 3046 1759 3094 vestra
1783 3040 1911 3097 dicemus

1116 3121 1228 3192 pariter,
1243 3122 1364 3177 dicamus
1385 3138 1501 3179 omncs:
1525 3125 1620 3181 Gloria
1645 3126 1676 3182 trs
1701 3129 1821 3185 excelsis
1845 3130 1910 3199 Deo,

1116 3215 1144 3265 et
1158 3212 1190 3266 tn
1206 3215 1283 3267 terro
1297 3230 1355 3283 pas
1367 3212 1526 3269 bominibus
1540 3214 1782 3273 commentariolis
1793 3218 1873 3289 (Luc,
1882 3236 1912 3289 ιι,

1117 3300 1171 3370 11).
1188 3300 1266 3374 Rogo
1281 3316 1341 3368 sos,
1357 3305 1432 3357 orate
1445 3318 1495 3375 pro
1520 3318 1564 3359 me
1587 3311 1617 3359 ιιι
1640 3304 1734 3362 Simon
1755 3322 1800 3364 nte
1820 3306 1912 3380 alique

1116 3398 1193 3461 parte
1208 3406 1386 3462 corrumpere
1401 3401 1525 3464 nequeat,
1539 3401 1566 3450 et
1585 3395 1656 3452 Deus
1680 3395 1715 3452 ab
1739 3397 1791 3454 boa
1813 3396 1913 3472 pelago

1117 3479 1150 3535 ad
1164 3487 1271 3551 portem
1286 3479 1380 3536 salutis
1394 3481 1532 3551 perducet.

1340 3595 1510 3654 El‘lSTOLll
1528 3597 1625 3657 XLVII
1645 3599 1685 3656 ¹⁴⁸.

1282 3699 1405 3742 assensu
1419 3703 1454 3740 sn
1469 3703 1630 3746 resonarunt
1644 3703 1744 3748 stetu.

1115 3803 1229 3861 tuditis
1253 3803 1374 3859 decretis
1404 3805 1520 3861 domant
1540 3808 1666 3874 concilii,
1689 3809 1737 3864 cui
1762 3806 1912 3868 desolatus

1150 3877 1336 3946 interfuerat,
1352 3891 1404 3929 rec
1432 3877 1465 3930 de
1493 3877 1552 3932 illis
1571 3895 1714 3935 sunrmum
1738 3881 1911 3954 pontificem,

1151 3948 1271 4014 requirit
1283 3965 1291 4011 ‚·
1307 3945 1476 4016 quidmrtem
1487 3965 1559 4022 popo
1564 3948 1744 4020 judicaverit,
1754 3951 1846 4024 sitien
1865 3957 1887 4011 i·

1150 4019 1233 4086 ficari
1249 4019 1398 4072 anselmus
1411 4019 1496 4090 petit.

1150 4126 1266 4184 Domino
1289 4127 1450 4196 reverendo,
1466 4137 1492 4184 et
1516 4129 1587 4187 Patri
1611 4131 1752 4205 diligendo
1774 4134 1913 4190 assensu

1114 4213 1156 4284 Μ,
1180 4232 1286 4272 summo
1311 4217 1440 4289 pontifici,
1465 4220 1624 4286 dissecatus,
1656 4237 1751 4277 servus
1784 4221 1914 4279 Ecclesia

1114 4305 1325 4374 Cantuariensis,
1340 4305 1460 4362 debitam
1485 4308 1683 4378 subjectionem
1709 4316 1736 4366 et
1760 4310 1912 4368 orationum

1113 4395 1308 4452 assiduitatem.

1148 4486 1295 4556 Postquam
1323 4492 1469 4541 revocatus
1498 4485 1532 4542 ad
1561 4486 1748 4559 episcopatum
1779 4487 1847 4545 redii
1882 4489 1911 4544 in

1113 4574 1252 4646 Angliam,
1268 4573 1374 4629 ostendi
1397 4574 1507 4630 decreta
1533 4575 1681 4646 apostolica
1710 4593 1771 4648 quae
1797 4577 1825 4632 in
1853 4577 1910 4634 Ro·

1112 4678 1194 4719 mano
1208 4661 1324 4720 concilio
1343 4679 1463 4734 praesens
1483 4663 1591 4730 audivi;
1608 4665 1642 4720 de
1657 4681 1710 4735 qua
1729 4680 1760 4720 re
1783 4665 1912 4722 dominus

1071 4769 1189 4846 Dmeus
1200 4767 1249 4806 rex
1267 4759 1384 4807 vestram
1397 4752 1540 4824 requisivit
1554 4753 1722 4808 sanctitatem
1732 4767 1781 4823 per
1789 4751 1910 4826 legatum

257 4839 390 4897 dnselmo
398 4853 465 4894 eom
472 4835 888 4908 deolipuotdulriisconsalcnti
896 4839 1054 4910 respondet.
1111 4857 1202 4908 suurn,
1213 4845 1238 4896 et
1249 4855 1302 4912 ego
1311 4855 1362 4910 per
1372 4841 1512 4912 epistolam
1524 4857 1616 4897 meam
1631 4847 1754 4898 vestrum
1771 4839 1907 4914 inquisivi,

292 4931 450 4983 Pascasnrs
466 4925 620 4997 episeopus,
636 4939 731 4980 sersus
746 4941 889 4981 servorum
902 4926 962 4995 Dei,
973 4944 1058 4984 vene·

257 5018 337 5072 rabili
350 5016 427 5072 tratri
441 5023 469 5070 et
484 5013 648 5086 coepiscopo
663 5016 805 5084 assumo,
820 5016 936 5072 salutern
951 5022 976 5073 et
992 5033 1059 5088 spo·

256 5108 379 5162 stolieam
394 5103 625 5159 benedictionem.

292 5194 423 5251 consmu
448 5191 498 5247 illa
519 5208 580 5261 quae
601 5209 650 5264 per
672 5193 843 5251 venerabiles
866 5193 973 5249 nuntios
1000 5200 1058 5250 tuos

257 5285 419 5342 baldemum
434 5289 463 5338 ct
476 5281 678 5358 Alexandrum,
689 5291 740 5340 etc.
754 5283 815 5339 l'ide
833 5285 863 5339 irs
874 5284 1007 5341 Pasctatt
1021 5285 1054 5340 ll.

469 5372 556 5440 384
576 5371 746 5428 epistota
771 5373 857 5428 XLV.

470 5474 618 5515 sessorem
633 5477 672 5515 an
686 5475 848 5516 essersene.

287 5553 486 5613 Conmlatorio
500 5554 544 5607 est
558 5553 586 5608 ct
601 5551 702 5606 amicis
718 5551 835 5608 condito
860 5551 1015 5624 affectibus.

287 5642 400 5702 Domini
414 5649 444 5700 et
458 5638 608 5700 venerabili
635 5637 713 5696 Patri
733 5641 878 5711 messian,
894 5641 984 5716 gretia
1008 5640 1058 5698 Dei

1112 4929 1259 4987 secundum
1276 4928 1348 4998 quod
1363 4943 1421 4984 rem
1436 4929 1650 5000 cognosceretis,
1666 4928 1822 4989 consilium.
1840 4931 1910 5006 Regi

1111 5035 1161 5091 per
1176 5019 1281 5073 litteras
1297 5024 1400 5072 vestras
1413 5018 1603 5088 respondistis,
1618 5017 1683 5073 rnilri
1698 5033 1764 5075 vero
1778 5019 1909 5088 minime,

1111 5107 1299 5179 sedquoniam
1322 5105 1362 5161 illi
1383 5121 1545 5176 responsum
1569 5105 1642 5178 quod
1667 5105 1707 5161 illi
1731 5105 1865 5164 sufficeret
1879 5108 1910 5140 ’⁸⁸

1110 5213 1165 5254 non
1180 5195 1302 5262 dedistis,
1318 5195 1406 5249 adbuc
1419 5203 1537 5250 vestram
1559 5211 1610 5268 pro
1635 5195 1733 5252 eadem
1755 5212 1785 5252 re
1808 5197 1910 5256 adeunt

1111 5286 1223 5358 quidam
1239 5283 1359 5354 episcopi
1375 5283 1566 5353 presentiam
1583 5292 1609 5340 et
1630 5300 1682 5356 ego
1698 5293 1808 5341 nostros
1833 5289 1910 5347 mitto

1111 5375 1225 5447 legatos,
1241 5372 1363 5442 responsi
1386 5373 1469 5428 vestri
1492 5373 1558 5429 mibi
1579 5373 1710 5430 relaturos
1735 5377 1908 5448 sententiam,

1111 5481 1145 5520 ne
1162 5463 1229 5519 torte
1245 5463 1336 5518 ridear
1360 5461 1442 5518 elicui
1467 5479 1529 5518 meo
1554 5462 1612 5519 solo
1630 5478 1711 5518 sensu
1735 5463 1778 5520 rel
1798 5467 1909 5537 propria

1110 5553 1249 5610 voluntate
1268 5543 1427 5623 'quidquam
1457 5551 1558 5608 lacere.
1587 5552 1700 5608 Servata
1724 5551 1809 5624 igitur
1835 5557 1909 5629 apud

1111 5659 1156 5699 me
1191 5640 1343 5698 reverentia
1378 5640 1452 5698 sedis
1488 5639 1654 5714 apostolicae,
1679 5655 1778 5714 precor
1810 5652 1840 5701 ut
1872 5643 1908 5705 de

919 5739 1033 5796 leiltE
1046 5739 1242 5797 [sertorius

287 5835 567 5923 “litgodilectissimi
583 5848 716 5963 mserffo
731 5835 915 5920 dilectissimi..
948 5835 1224 5923 ”comendentes
1242 5837 1357 5896 collata.
1395 5833 1545 5894 ’‘'Domlno
1561 5839 1589 5894 et
1603 5836 1677 5922 Patri
1693 5840 1842 5898 reverendo
1858 5841 1907 5898 Pa·

256 5913 340 5968 scbalr
353 5929 408 5968 ms·
425 5913 545 5967 Domino
558 5923 672 5965 reveren
694 5923 710 5963 o
733 5916 758 5964 et
775 5909 848 5964 Petra
868 5909 1009 5982 diligendo
1023 5911 1159 5968 Paschalr.
1198 5907 1337 5964 ¹⁸⁰l‘estrns
1361 5924 1521 6038 resqronsum
1542 5909 1615 5978 quod
1635 5909 1674 5968 rlll
1696 5911 1832 5970 sulllceret
1853 5931 1908 5980 ιιιι.

259 5983 369 6044 terme
383 5979 581 6057 respondistis,
597 5978 664 6036 mibi
679 5993 743 6040 rere
757 5979 869 6039 minime
884 5997 891 6040 s
907 5981 954 6040 sed
970 5982 1099 6056 quonism
1115 5982 1154 6042 illi
1167 5979 1328 6060 responsum
1344 5995 1396 6056 quo

1431 5976 1471 6038 illi
1486 5977 1632 6040 sufficeret.
