<?xml version="1.0" encoding="UTF-8"?>
<!DOCTYPE html PUBLIC "-//W3C//DTD XHTML 1.0 Transitional//EN"
    "http://www.w3.org/TR/xhtml1/DTD/xhtml1-transitional.dtd">
<html xmlns="http://www.w3.org/1999/xhtml" xml:lang="en" lang="en">
 <head>
  <title>
</title>
<meta http-equiv="Content-Type" content="text/html;charset=utf-8" />
  <meta name='ocr-system' content='tesseract 3.04.00' />
  <meta name='ocr-capabilities' content='ocr_page ocr_carea ocr_par ocr_line ocrx_word'/>
</head>
<body>
  <div class='ocr_page' id='page_1' title='image "./patrologiaecurs91unkngoog/patrologiaecurs91unkngoog_0164.png"; bbox 0 0 4750 6725; ppageno 0'>
   <div class='ocr_carea' id='block_1_1' title="bbox 909 551 1504 618">
    <p class='ocr_par' dir='ltr' id='par_1_1' title="bbox 909 551 1504 618">
     <span class='ocr_line' id='line_1_1' title="bbox 909 551 1504 618; baseline -0.01 0"><span class='ocrx_word' id='word_1_1' title='bbox 909 561 957 618; x_wconf 77' lang='lat' dir='ltr'>AD</span> <span class='ocrx_word' id='word_1_2' title='bbox 972 559 1087 618; x_wconf 76' lang='lat' dir='ltr'>orbat</span> <span class='ocrx_word' id='word_1_3' title='bbox 1102 557 1130 616; x_wconf 90' lang='lat' dir='ltr'>S.</span> <span class='ocrx_word' id='word_1_4' title='bbox 1153 554 1305 616; x_wconf 77' lang='lat' dir='ltr'>ANSELlll</span> <span class='ocrx_word' id='word_1_5' title='bbox 1318 551 1504 612; x_wconf 73' lang='grc' dir='ltr'><strong>ΛΡΡΕΝΒΙΧ.</strong></span> 
     </span>
    </p>
   </div>
   <div class='ocr_carea' id='block_1_2' title="bbox 571 929 1811 1033">
    <p class='ocr_par' dir='ltr' id='par_1_2' title="bbox 571 929 1811 1033">
     <span class='ocr_line' id='line_1_2' title="bbox 571 929 1811 1033; baseline -0.006 0"><span class='ocrx_word' id='word_1_6' title='bbox 571 934 760 1033; x_wconf 86' lang='lat' dir='ltr'>SERMO</span> <span class='ocrx_word' id='word_1_7' title='bbox 807 937 882 1033; x_wconf 82' lang='lat' dir='ltr'>ott</span> <span class='ocrx_word' id='word_1_8' title='bbox 917 930 1320 1028; x_wconf 76' lang='lat' dir='ltr'>CONCEPl&#39;lONll</span> <span class='ocrx_word' id='word_1_9' title='bbox 1361 929 1567 1026; x_wconf 76' lang='lat' dir='ltr'>BEATAE</span> <span class='ocrx_word' id='word_1_10' title='bbox 1610 930 1811 1027; x_wconf 81' lang='lat' dir='ltr'>MARlAE</span> 
     </span>
    </p>
   </div>
   <div class='ocr_carea' id='block_1_3' title="bbox 1125 1140 1320 1165">
    <p class='ocr_par' dir='ltr' id='par_1_3' title="bbox 1125 1140 1320 1165">
     <span class='ocr_line' id='line_1_3' title="bbox 1125 1140 1320 1165; baseline -0.005 0"><span class='ocrx_word' id='word_1_11' title='bbox 1125 1140 1320 1165; x_wconf 64' lang='lat' dir='ltr'>ava—u·-</span> 
     </span>
    </p>
   </div>
   <div class='ocr_carea' id='block_1_4' title="bbox 420 1353 2040 1432">
    <p class='ocr_par' dir='ltr' id='par_1_4' title="bbox 420 1353 2040 1432">
     <span class='ocr_line' id='line_1_4' title="bbox 420 1353 2040 1432; baseline -0.002 -18"><span class='ocrx_word' id='word_1_12' title='bbox 420 1356 567 1430; x_wconf 72' lang='lat' dir='ltr'>conceptio</span> <span class='ocrx_word' id='word_1_13' title='bbox 581 1355 742 1414; x_wconf 81' lang='lat' dir='ltr'>vencrandae</span> <span class='ocrx_word' id='word_1_14' title='bbox 757 1357 807 1414; x_wconf 88' lang='lat' dir='ltr'>Dei</span> <span class='ocrx_word' id='word_1_15' title='bbox 822 1357 961 1432; x_wconf 71' lang='lat' dir='ltr'>genitricis</span> <span class='ocrx_word' id='word_1_16' title='bbox 974 1365 1111 1429; x_wconf 88' lang='lat' dir='ltr'>perpetuae</span> <span class='ocrx_word' id='word_1_17' title='bbox 1122 1355 1187 1412; x_wconf 85' lang='lat' dir='ltr'>Vir·</span> <span class='ocrx_word' id='word_1_18' title='bbox 1204 1354 1230 1416; x_wconf 82' lang='grc' dir='ltr'><strong>Α</strong></span> <span class='ocrx_word' id='word_1_19' title='bbox 1243 1354 1505 1426; x_wconf 88' lang='lat' dir='ltr'>obtemperaturum,</span> <span class='ocrx_word' id='word_1_20' title='bbox 1521 1354 1544 1410; x_wconf 95' lang='lat' dir='ltr'>si</span> <span class='ocrx_word' id='word_1_21' title='bbox 1559 1355 1611 1412; x_wconf 93' lang='lat' dir='ltr'>hoc</span> <span class='ocrx_word' id='word_1_22' title='bbox 1625 1355 1753 1412; x_wconf 87' lang='lat' dir='ltr'>eraderet</span> <span class='ocrx_word' id='word_1_23' title='bbox 1767 1354 1951 1428; x_wconf 76' lang='lat' dir='ltr'>naufragium.</span> <span class='ocrx_word' id='word_1_24' title='bbox 1966 1353 2040 1411; x_wconf 85' lang='lat' dir='ltr'>Pro-</span> 
     </span>
    </p>
   </div>
   <div class='ocr_carea' id='block_1_5' title="bbox 386 1445 1191 2667">
    <p class='ocr_par' dir='ltr' id='par_1_5' title="bbox 386 1445 1191 2667">
     <span class='ocr_line' id='line_1_5' title="bbox 386 1445 1180 1520; baseline -0.001 -19"><span class='ocrx_word' id='word_1_25' title='bbox 386 1445 459 1520; x_wconf 89' lang='lat' dir='ltr'>ginis</span> <span class='ocrx_word' id='word_1_26' title='bbox 472 1447 576 1514; x_wconf 83' lang='lat' dir='ltr'>llariae,</span> <span class='ocrx_word' id='word_1_27' title='bbox 602 1446 773 1503; x_wconf 77' lang='lat' dir='ltr'>dilectissimi</span> <span class='ocrx_word' id='word_1_28' title='bbox 801 1445 906 1514; x_wconf 84' lang='lat' dir='ltr'>iratres,</span> <span class='ocrx_word' id='word_1_29' title='bbox 950 1446 1180 1518; x_wconf 77' lang='lat' dir='ltr'>quemadmodum</span> 
     </span>
     <span class='ocr_line' id='line_1_6' title="bbox 386 1534 1182 1608; baseline -0.003 -18"><span class='ocrx_word' id='word_1_30' title='bbox 386 1535 536 1608; x_wconf 90' lang='lat' dir='ltr'>permulta</span> <span class='ocrx_word' id='word_1_31' title='bbox 565 1535 704 1608; x_wconf 88' lang='lat' dir='ltr'>siguomm</span> <span class='ocrx_word' id='word_1_32' title='bbox 720 1535 947 1606; x_wconf 79' lang='lat' dir='ltr'>experimentario</span> <span class='ocrx_word' id='word_1_33' title='bbox 975 1535 1074 1606; x_wconf 74' lang='lat' dir='ltr'>englis</span> <span class='ocrx_word' id='word_1_34' title='bbox 1102 1543 1128 1589; x_wconf 90' lang='lat' dir='ltr'>et</span> <span class='ocrx_word' id='word_1_35' title='bbox 1155 1534 1182 1589; x_wconf 91' lang='lat' dir='ltr'>in</span> 
     </span>
     <span class='ocr_line' id='line_1_7' title="bbox 388 1622 1185 1695; baseline -0.003 -17"><span class='ocrx_word' id='word_1_36' title='bbox 388 1623 688 1695; x_wconf 73' lang='lat' dir='ltr'>Francia,cseterisque</span> <span class='ocrx_word' id='word_1_37' title='bbox 716 1625 870 1681; x_wconf 86' lang='lat' dir='ltr'>climatibus</span> <span class='ocrx_word' id='word_1_38' title='bbox 899 1624 991 1679; x_wconf 92' lang='lat' dir='ltr'>mundi</span> <span class='ocrx_word' id='word_1_39' title='bbox 1019 1622 1185 1679; x_wconf 88' lang='lat' dir='ltr'>celebranda</span> 
     </span>
     <span class='ocr_line' id='line_1_8' title="bbox 387 1711 1146 1780; baseline -0.005 -12"><span class='ocrx_word' id='word_1_40' title='bbox 387 1711 420 1768; x_wconf 93' lang='lat' dir='ltr'>sit</span> <span class='ocrx_word' id='word_1_41' title='bbox 435 1713 581 1780; x_wconf 85' lang='lat' dir='ltr'>declarata,</span> <span class='ocrx_word' id='word_1_42' title='bbox 598 1729 642 1767; x_wconf 90' lang='lat' dir='ltr'>me</span> <span class='ocrx_word' id='word_1_43' title='bbox 656 1719 809 1768; x_wconf 89' lang='lat' dir='ltr'>narrantem</span> <span class='ocrx_word' id='word_1_44' title='bbox 825 1713 915 1769; x_wconf 86' lang='lat' dir='ltr'>audiat</span> <span class='ocrx_word' id='word_1_45' title='bbox 929 1712 1146 1768; x_wconf 76' lang='lat' dir='ltr'>dilectiorestra.</span> 
     </span>
     <span class='ocr_line' id='line_1_9' title="bbox 423 1797 1186 1873; baseline -0.003 -17"><span class='ocrx_word' id='word_1_46' title='bbox 423 1802 557 1870; x_wconf 81' lang='lat' dir='ltr'>Tempore</span> <span class='ocrx_word' id='word_1_47' title='bbox 572 1817 691 1871; x_wconf 88' lang='lat' dir='ltr'>namque</span> <span class='ocrx_word' id='word_1_48' title='bbox 706 1801 763 1866; x_wconf 90' lang='lat' dir='ltr'>illo,</span> <span class='ocrx_word' id='word_1_49' title='bbox 782 1818 835 1873; x_wconf 90' lang='lat' dir='ltr'>quo</span> <span class='ocrx_word' id='word_1_50' title='bbox 851 1801 950 1857; x_wconf 82' lang='lat' dir='ltr'>dirinae</span> <span class='ocrx_word' id='word_1_51' title='bbox 965 1801 1065 1872; x_wconf 88' lang='lat' dir='ltr'>placuit</span> <span class='ocrx_word' id='word_1_52' title='bbox 1092 1797 1186 1871; x_wconf 90' lang='lat' dir='ltr'>pietati</span> 
     </span>
     <span class='ocr_line' id='line_1_10' title="bbox 388 1889 1186 1962; baseline -0.001 -17"><span class='ocrx_word' id='word_1_53' title='bbox 388 1889 539 1960; x_wconf 73' lang='lat' dir='ltr'>bogiorum</span> <span class='ocrx_word' id='word_1_54' title='bbox 554 1898 663 1962; x_wconf 88' lang='lat' dir='ltr'>gentem</span> <span class='ocrx_word' id='word_1_55' title='bbox 678 1891 713 1945; x_wconf 89' lang='lat' dir='ltr'>de</span> <span class='ocrx_word' id='word_1_56' title='bbox 729 1891 806 1945; x_wconf 89' lang='lat' dir='ltr'>malis</span> <span class='ocrx_word' id='word_1_57' title='bbox 829 1890 884 1945; x_wconf 89' lang='lat' dir='ltr'>suis</span> <span class='ocrx_word' id='word_1_58' title='bbox 911 1889 1046 1962; x_wconf 81' lang='lat' dir='ltr'>corrigere</span> <span class='ocrx_word' id='word_1_59' title='bbox 1075 1905 1186 1958; x_wconf 74' lang='lat' dir='ltr'>suaeque</span> 
     </span>
     <span class='ocr_line' id='line_1_11' title="bbox 390 1977 1187 2051; baseline -0.003 -18"><span class='ocrx_word' id='word_1_60' title='bbox 390 1977 527 2033; x_wconf 80' lang='lat' dir='ltr'>semirutis</span> <span class='ocrx_word' id='word_1_61' title='bbox 541 1977 636 2033; x_wconf 85' lang='lat' dir='ltr'>ciliciis</span> <span class='ocrx_word' id='word_1_62' title='bbox 654 1979 753 2034; x_wconf 89' lang='lat' dir='ltr'>arctius</span> <span class='ocrx_word' id='word_1_63' title='bbox 783 1979 946 2051; x_wconf 73' lang='lat' dir='ltr'>astringere,</span> <span class='ocrx_word' id='word_1_64' title='bbox 976 1978 1187 2050; x_wconf 90' lang='lat' dir='ltr'>gloriosissimus</span> 
     </span>
     <span class='ocr_line' id='line_1_12' title="bbox 388 2067 1187 2138; baseline 0 -17"><span class='ocrx_word' id='word_1_65' title='bbox 388 2067 640 2123; x_wconf 85' lang='lat' dir='ltr'>Nortlrmannorum</span> <span class='ocrx_word' id='word_1_66' title='bbox 650 2067 705 2122; x_wconf 86' lang='lat' dir='ltr'>dux</span> <span class='ocrx_word' id='word_1_67' title='bbox 717 2067 1008 2123; x_wconf 88' lang='lat' dir='ltr'>Guillelmuseamdem</span> <span class='ocrx_word' id='word_1_68' title='bbox 1016 2068 1130 2138; x_wconf 89' lang='lat' dir='ltr'>patriam</span> <span class='ocrx_word' id='word_1_69' title='bbox 1142 2067 1187 2121; x_wconf 92' lang='lat' dir='ltr'>de·</span> 
     </span>
     <span class='ocr_line' id='line_1_13' title="bbox 389 2155 1188 2228; baseline 0.003 -18"><span class='ocrx_word' id='word_1_70' title='bbox 389 2155 518 2210; x_wconf 88' lang='lat' dir='ltr'>bellando</span> <span class='ocrx_word' id='word_1_71' title='bbox 540 2155 656 2228; x_wconf 83' lang='lat' dir='ltr'>subegit.</span> <span class='ocrx_word' id='word_1_72' title='bbox 687 2155 740 2225; x_wconf 88' lang='lat' dir='ltr'>Qui</span> <span class='ocrx_word' id='word_1_73' title='bbox 768 2157 893 2212; x_wconf 86' lang='lat' dir='ltr'>uidelicet</span> <span class='ocrx_word' id='word_1_74' title='bbox 921 2156 1095 2222; x_wconf 87' lang='lat' dir='ltr'>Guillelmus,</span> <span class='ocrx_word' id='word_1_75' title='bbox 1125 2165 1188 2212; x_wconf 85' lang='lat' dir='ltr'>tune</span> 
     </span>
     <span class='ocr_line' id='line_1_14' title="bbox 395 2243 1188 2316; baseline 0.003 -20"><span class='ocrx_word' id='word_1_76' title='bbox 395 2243 523 2315; x_wconf 89' lang='lat' dir='ltr'>temporis</span> <span class='ocrx_word' id='word_1_77' title='bbox 538 2261 585 2299; x_wconf 84' lang='lat' dir='ltr'>rex</span> <span class='ocrx_word' id='word_1_78' title='bbox 600 2245 749 2316; x_wconf 83' lang='lat' dir='ltr'>deglorum</span> <span class='ocrx_word' id='word_1_79' title='bbox 766 2247 861 2312; x_wconf 86' lang='lat' dir='ltr'>lactus,</span> <span class='ocrx_word' id='word_1_80' title='bbox 882 2248 934 2301; x_wconf 88' lang='lat' dir='ltr'>Dei</span> <span class='ocrx_word' id='word_1_81' title='bbox 963 2245 1062 2302; x_wconf 84' lang='lat' dir='ltr'>uirtute</span> <span class='ocrx_word' id='word_1_82' title='bbox 1090 2253 1117 2300; x_wconf 89' lang='lat' dir='ltr'>et</span> <span class='ocrx_word' id='word_1_83' title='bbox 1143 2245 1188 2298; x_wconf 90' lang='lat' dir='ltr'>in-</span> 
     </span>
     <span class='ocr_line' id='line_1_15' title="bbox 395 2331 1189 2406; baseline 0 -19"><span class='ocrx_word' id='word_1_84' title='bbox 395 2331 499 2387; x_wconf 89' lang='lat' dir='ltr'>dustrio</span> <span class='ocrx_word' id='word_1_85' title='bbox 513 2348 561 2386; x_wconf 91' lang='lat' dir='ltr'>sua</span> <span class='ocrx_word' id='word_1_86' title='bbox 577 2334 657 2387; x_wconf 88' lang='lat' dir='ltr'>totius</span> <span class='ocrx_word' id='word_1_87' title='bbox 686 2333 879 2388; x_wconf 71' lang='lat' dir='ltr'>ecclesiastice</span> <span class='ocrx_word' id='word_1_88' title='bbox 907 2334 1050 2406; x_wconf 85' lang='lat' dir='ltr'>dignitatis</span> <span class='ocrx_word' id='word_1_89' title='bbox 1072 2335 1189 2390; x_wconf 88' lang='lat' dir='ltr'>bonores</span> 
     </span>
     <span class='ocr_line' id='line_1_16' title="bbox 394 2419 1191 2493; baseline 0.003 -19"><span class='ocrx_word' id='word_1_90' title='bbox 394 2420 421 2474; x_wconf 91' lang='lat' dir='ltr'>io</span> <span class='ocrx_word' id='word_1_91' title='bbox 438 2419 535 2474; x_wconf 87' lang='lat' dir='ltr'>melius</span> <span class='ocrx_word' id='word_1_92' title='bbox 549 2421 719 2478; x_wconf 80' lang='lat' dir='ltr'>reformavit.</span> <span class='ocrx_word' id='word_1_93' title='bbox 736 2422 818 2492; x_wconf 76' lang='lat' dir='ltr'>CuJus</span> <span class='ocrx_word' id='word_1_94' title='bbox 833 2422 1047 2492; x_wconf 83' lang='lat' dir='ltr'>piaeintentionis</span> <span class='ocrx_word' id='word_1_95' title='bbox 1062 2422 1191 2493; x_wconf 82' lang='lat' dir='ltr'>operibus</span> 
     </span>
     <span class='ocr_line' id='line_1_17' title="bbox 394 2508 1189 2577; baseline 0 -13"><span class='ocrx_word' id='word_1_96' title='bbox 394 2508 518 2564; x_wconf 82' lang='lat' dir='ltr'>inridens</span> <span class='ocrx_word' id='word_1_97' title='bbox 533 2509 664 2564; x_wconf 86' lang='lat' dir='ltr'>bonorum</span> <span class='ocrx_word' id='word_1_98' title='bbox 680 2509 799 2564; x_wconf 88' lang='lat' dir='ltr'>ornuium</span> <span class='ocrx_word' id='word_1_99' title='bbox 814 2511 940 2566; x_wconf 90' lang='lat' dir='ltr'>inimicus</span> <span class='ocrx_word' id='word_1_100' title='bbox 968 2511 1104 2577; x_wconf 86' lang='lat' dir='ltr'>diabolus,</span> <span class='ocrx_word' id='word_1_101' title='bbox 1134 2517 1189 2564; x_wconf 93' lang='lat' dir='ltr'>tum</span> 
     </span>
     <span class='ocr_line' id='line_1_18' title="bbox 393 2596 1190 2667; baseline 0.001 -15"><span class='ocrx_word' id='word_1_102' title='bbox 393 2596 571 2652; x_wconf 73' lang='lat' dir='ltr'>[similiarium</span> <span class='ocrx_word' id='word_1_103' title='bbox 594 2597 744 2667; x_wconf 84' lang='lat' dir='ltr'>fraudibus,</span> <span class='ocrx_word' id='word_1_104' title='bbox 775 2607 830 2654; x_wconf 81' lang='lat' dir='ltr'>tuni</span> <span class='ocrx_word' id='word_1_105' title='bbox 860 2608 1048 2655; x_wconf 77' lang='lat' dir='ltr'>extraneorum</span> <span class='ocrx_word' id='word_1_106' title='bbox 1075 2599 1190 2655; x_wconf 90' lang='lat' dir='ltr'>incursi-</span> 
     </span>
    </p>
   </div>
   <div class='ocr_carea' id='block_1_6' title="bbox 1236 1444 2045 2670">
    <p class='ocr_par' dir='ltr' id='par_1_6' title="bbox 1236 1444 2045 2670">
     <span class='ocr_line' id='line_1_19' title="bbox 1236 1444 2037 1516; baseline 0.002 -19"><span class='ocrx_word' id='word_1_107' title='bbox 1236 1444 1322 1514; x_wconf 90' lang='lat' dir='ltr'>mitte,</span> <span class='ocrx_word' id='word_1_108' title='bbox 1339 1444 1494 1515; x_wconf 88' lang='lat' dir='ltr'>inquitille,</span> <span class='ocrx_word' id='word_1_109' title='bbox 1510 1445 1569 1500; x_wconf 88' lang='lat' dir='ltr'>Dec</span> <span class='ocrx_word' id='word_1_110' title='bbox 1584 1445 1689 1501; x_wconf 90' lang='lat' dir='ltr'>etmihi</span> <span class='ocrx_word' id='word_1_111' title='bbox 1713 1445 1786 1516; x_wconf 90' lang='lat' dir='ltr'>quod</span> <span class='ocrx_word' id='word_1_112' title='bbox 1814 1444 1887 1500; x_wconf 90' lang='lat' dir='ltr'>diem</span> <span class='ocrx_word' id='word_1_113' title='bbox 1914 1459 2037 1514; x_wconf 83' lang='lat' dir='ltr'>concep·</span> 
     </span>
     <span class='ocr_line' id='line_1_20' title="bbox 1237 1531 2037 1590; baseline -0.003 -3"><span class='ocrx_word' id='word_1_114' title='bbox 1237 1533 1319 1589; x_wconf 90' lang='lat' dir='ltr'>tionis</span> <span class='ocrx_word' id='word_1_115' title='bbox 1333 1541 1359 1588; x_wconf 91' lang='lat' dir='ltr'>et</span> <span class='ocrx_word' id='word_1_116' title='bbox 1374 1533 1519 1589; x_wconf 88' lang='lat' dir='ltr'>creationis</span> <span class='ocrx_word' id='word_1_117' title='bbox 1533 1534 1623 1588; x_wconf 86' lang='lat' dir='ltr'>llatris</span> <span class='ocrx_word' id='word_1_118' title='bbox 1636 1533 1744 1589; x_wconf 88' lang='lat' dir='ltr'>Domini</span> <span class='ocrx_word' id='word_1_119' title='bbox 1758 1534 1842 1590; x_wconf 87' lang='lat' dir='ltr'>nostri</span> <span class='ocrx_word' id='word_1_120' title='bbox 1855 1534 1920 1588; x_wconf 86' lang='lat' dir='ltr'>Jesu</span> <span class='ocrx_word' id='word_1_121' title='bbox 1938 1531 2037 1588; x_wconf 84' lang='lat' dir='ltr'>Christi</span> 
     </span>
     <span class='ocr_line' id='line_1_21' title="bbox 1238 1619 2036 1694; baseline -0.001 -18"><span class='ocrx_word' id='word_1_122' title='bbox 1238 1621 1396 1678; x_wconf 89' lang='lat' dir='ltr'>solemniter</span> <span class='ocrx_word' id='word_1_123' title='bbox 1408 1620 1572 1692; x_wconf 81' lang='lat' dir='ltr'>celebrabis,</span> <span class='ocrx_word' id='word_1_124' title='bbox 1589 1630 1614 1678; x_wconf 92' lang='lat' dir='ltr'>et</span> <span class='ocrx_word' id='word_1_125' title='bbox 1642 1622 1836 1678; x_wconf 89' lang='lat' dir='ltr'>celebrandum</span> <span class='ocrx_word' id='word_1_126' title='bbox 1858 1619 2036 1694; x_wconf 76' lang='lat' dir='ltr'>praedicabis.</span> 
     </span>
     <span class='ocr_line' id='line_1_22' title="bbox 1238 1710 2036 1784; baseline -0.001 -19"><span class='ocrx_word' id='word_1_127' title='bbox 1238 1714 1271 1765; x_wconf 76' lang='lat' dir='ltr'>ct</span> <span class='ocrx_word' id='word_1_128' title='bbox 1285 1710 1344 1779; x_wconf 91' lang='lat' dir='ltr'>ille,</span> <span class='ocrx_word' id='word_1_129' title='bbox 1360 1719 1388 1765; x_wconf 83' lang='lat' dir='ltr'>ut</span> <span class='ocrx_word' id='word_1_130' title='bbox 1403 1711 1629 1780; x_wconf 88' lang='lat' dir='ltr'>prudentissimus</span> <span class='ocrx_word' id='word_1_131' title='bbox 1644 1730 1652 1766; x_wconf 93' lang='lat'><strong>:</strong></span> <span class='ocrx_word' id='word_1_132' title='bbox 1668 1713 1701 1767; x_wconf 85' lang='lat' dir='ltr'>Et</span> <span class='ocrx_word' id='word_1_133' title='bbox 1715 1712 1786 1784; x_wconf 86' lang='lat' dir='ltr'>quis,</span> <span class='ocrx_word' id='word_1_134' title='bbox 1803 1711 1902 1783; x_wconf 89' lang='lat' dir='ltr'>inquit,</span> <span class='ocrx_word' id='word_1_135' title='bbox 1917 1711 1978 1781; x_wconf 87' lang='lat' dir='ltr'>dies</span> <span class='ocrx_word' id='word_1_136' title='bbox 2006 1711 2036 1764; x_wconf 93' lang='lat' dir='ltr'>in</span> 
     </span>
     <span class='ocr_line' id='line_1_23' title="bbox 1239 1799 2039 1871; baseline 0 -18"><span class='ocrx_word' id='word_1_137' title='bbox 1239 1799 1291 1855; x_wconf 89' lang='lat' dir='ltr'>hoc</span> <span class='ocrx_word' id='word_1_138' title='bbox 1306 1799 1376 1856; x_wconf 86' lang='lat' dir='ltr'>sesto</span> <span class='ocrx_word' id='word_1_139' title='bbox 1391 1799 1569 1856; x_wconf 90' lang='lat' dir='ltr'>celebrandus</span> <span class='ocrx_word' id='word_1_140' title='bbox 1583 1801 1633 1857; x_wconf 90' lang='lat' dir='ltr'>erit</span> <span class='ocrx_word' id='word_1_141' title='bbox 1646 1801 1661 1854; x_wconf 84' lang='lat' dir='ltr'>‘l</span> <span class='ocrx_word' id='word_1_142' title='bbox 1676 1801 1769 1871; x_wconf 84' lang='lat' dir='ltr'>Sexto,</span> <span class='ocrx_word' id='word_1_143' title='bbox 1783 1800 1830 1869; x_wconf 88' lang='lat' dir='ltr'>ait,</span> <span class='ocrx_word' id='word_1_144' title='bbox 1845 1801 1908 1855; x_wconf 90' lang='lat' dir='ltr'>ldus</span> <span class='ocrx_word' id='word_1_145' title='bbox 1922 1800 2039 1856; x_wconf 86' lang='lat' dir='ltr'>Decem·</span> 
     </span>
     <span class='ocr_line' id='line_1_24' title="bbox 1241 1888 2042 1961; baseline 0.001 -18"><span class='ocrx_word' id='word_1_146' title='bbox 1241 1889 1306 1957; x_wconf 82' lang='lat' dir='ltr'>bris,</span> <span class='ocrx_word' id='word_1_147' title='bbox 1323 1889 1378 1944; x_wconf 91' lang='lat' dir='ltr'>hoc</span> <span class='ocrx_word' id='word_1_148' title='bbox 1391 1888 1488 1944; x_wconf 81' lang='lat' dir='ltr'>festum</span> <span class='ocrx_word' id='word_1_149' title='bbox 1503 1889 1736 1946; x_wconf 87' lang='lat' dir='ltr'>solemnizandum</span> <span class='ocrx_word' id='word_1_150' title='bbox 1754 1890 1883 1945; x_wconf 88' lang='lat' dir='ltr'>tenebris.</span> <span class='ocrx_word' id='word_1_151' title='bbox 1913 1890 1946 1944; x_wconf 85' lang='lat' dir='ltr'>Et</span> <span class='ocrx_word' id='word_1_152' title='bbox 1975 1903 2042 1961; x_wconf 92' lang='lat' dir='ltr'>quo,</span> 
     </span>
     <span class='ocr_line' id='line_1_25' title="bbox 1241 1977 2043 2048; baseline 0.002 -17"><span class='ocrx_word' id='word_1_153' title='bbox 1241 1978 1329 2048; x_wconf 87' lang='lat' dir='ltr'>inquit</span> <span class='ocrx_word' id='word_1_154' title='bbox 1343 1978 1440 2046; x_wconf 91' lang='lat' dir='ltr'>abbas,</span> <span class='ocrx_word' id='word_1_155' title='bbox 1456 1977 1545 2035; x_wconf 86' lang='lat' dir='ltr'>officio</span> <span class='ocrx_word' id='word_1_156' title='bbox 1560 1987 1667 2034; x_wconf 87' lang='lat' dir='ltr'>utemur</span> <span class='ocrx_word' id='word_1_157' title='bbox 1687 1980 1716 2033; x_wconf 89' lang='lat' dir='ltr'>in</span> <span class='ocrx_word' id='word_1_158' title='bbox 1743 1978 1931 2034; x_wconf 89' lang='lat' dir='ltr'>ecclesiastico</span> <span class='ocrx_word' id='word_1_159' title='bbox 1958 1977 2043 2034; x_wconf 86' lang='lat' dir='ltr'>obse-</span> 
     </span>
     <span class='ocr_line' id='line_1_26' title="bbox 1242 2065 2044 2139; baseline 0.002 -21"><span class='ocrx_word' id='word_1_160' title='bbox 1242 2065 1305 2136; x_wconf 90' lang='lat' dir='ltr'>quio</span> <span class='ocrx_word' id='word_1_161' title='bbox 1319 2065 1333 2121; x_wconf 82' lang='lat' dir='ltr'>i</span> <span class='ocrx_word' id='word_1_162' title='bbox 1347 2066 1444 2133; x_wconf 87' lang='lat' dir='ltr'>Omne,</span> <span class='ocrx_word' id='word_1_163' title='bbox 1461 2067 1557 2139; x_wconf 89' lang='lat' dir='ltr'>inquit,</span> <span class='ocrx_word' id='word_1_164' title='bbox 1574 2066 1691 2123; x_wconf 88' lang='lat' dir='ltr'>officium</span> <span class='ocrx_word' id='word_1_165' title='bbox 1707 2067 1779 2139; x_wconf 90' lang='lat' dir='ltr'>quod</span> <span class='ocrx_word' id='word_1_166' title='bbox 1807 2066 1907 2122; x_wconf 91' lang='lat' dir='ltr'>dicitur</span> <span class='ocrx_word' id='word_1_167' title='bbox 1932 2066 1961 2121; x_wconf 92' lang='lat' dir='ltr'>in</span> <span class='ocrx_word' id='word_1_168' title='bbox 1983 2067 2044 2134; x_wconf 82' lang='lat' dir='ltr'>ejus</span> 
     </span>
     <span class='ocr_line' id='line_1_27' title="bbox 1241 2154 2044 2227; baseline 0.001 -19"><span class='ocrx_word' id='word_1_169' title='bbox 1241 2155 1387 2210; x_wconf 81' lang='lat' dir='ltr'>Nativitate</span> <span class='ocrx_word' id='word_1_170' title='bbox 1402 2155 1506 2210; x_wconf 89' lang='lat' dir='ltr'>dicetur</span> <span class='ocrx_word' id='word_1_171' title='bbox 1520 2157 1547 2209; x_wconf 92' lang='lat' dir='ltr'>in</span> <span class='ocrx_word' id='word_1_172' title='bbox 1563 2155 1757 2227; x_wconf 80' lang='lat' dir='ltr'>conceptione,</span> <span class='ocrx_word' id='word_1_173' title='bbox 1772 2163 1886 2226; x_wconf 82' lang='lat' dir='ltr'>excepto</span> <span class='ocrx_word' id='word_1_174' title='bbox 1901 2154 1974 2226; x_wconf 86' lang='lat' dir='ltr'>quod</span> <span class='ocrx_word' id='word_1_175' title='bbox 1989 2170 2044 2209; x_wconf 91' lang='lat' dir='ltr'>uo-</span> 
     </span>
     <span class='ocr_line' id='line_1_28' title="bbox 1242 2243 2038 2314; baseline 0 -17"><span class='ocrx_word' id='word_1_176' title='bbox 1242 2243 1465 2298; x_wconf 88' lang='lat' dir='ltr'>mennatiritatis</span> <span class='ocrx_word' id='word_1_177' title='bbox 1480 2245 1628 2300; x_wconf 84' lang='lat' dir='ltr'>mutabitur</span> <span class='ocrx_word' id='word_1_178' title='bbox 1653 2245 1682 2299; x_wconf 94' lang='lat' dir='ltr'>in</span> <span class='ocrx_word' id='word_1_179' title='bbox 1708 2261 1810 2301; x_wconf 89' lang='lat' dir='ltr'>nomeu</span> <span class='ocrx_word' id='word_1_180' title='bbox 1838 2243 2038 2314; x_wconf 77' lang='lat' dir='ltr'>conceptionis.</span> 
     </span>
     <span class='ocr_line' id='line_1_29' title="bbox 1243 2332 2044 2404; baseline -0.001 -18"><span class='ocrx_word' id='word_1_181' title='bbox 1243 2332 1293 2387; x_wconf 89' lang='lat' dir='ltr'>llic</span> <span class='ocrx_word' id='word_1_182' title='bbox 1306 2332 1385 2387; x_wconf 89' lang='lat' dir='ltr'>dictis</span> <span class='ocrx_word' id='word_1_183' title='bbox 1399 2333 1444 2387; x_wconf 88' lang='lat' dir='ltr'>ille</span> <span class='ocrx_word' id='word_1_184' title='bbox 1458 2332 1599 2404; x_wconf 87' lang='lat' dir='ltr'>disparuit,</span> <span class='ocrx_word' id='word_1_185' title='bbox 1616 2342 1643 2389; x_wconf 92' lang='lat' dir='ltr'>et</span> <span class='ocrx_word' id='word_1_186' title='bbox 1660 2333 1731 2388; x_wconf 93' lang='lat' dir='ltr'>dicto</span> <span class='ocrx_word' id='word_1_187' title='bbox 1742 2334 1823 2388; x_wconf 90' lang='lat' dir='ltr'>citius</span> <span class='ocrx_word' id='word_1_188' title='bbox 1851 2333 1945 2388; x_wconf 89' lang='lat' dir='ltr'>sedala</span> <span class='ocrx_word' id='word_1_189' title='bbox 1970 2340 2044 2386; x_wconf 91' lang='lat' dir='ltr'>tem-</span> 
     </span>
     <span class='ocr_line' id='line_1_30' title="bbox 1243 2419 2044 2492; baseline 0 -17"><span class='ocrx_word' id='word_1_190' title='bbox 1243 2425 1359 2491; x_wconf 83' lang='lat' dir='ltr'>pestate,</span> <span class='ocrx_word' id='word_1_191' title='bbox 1371 2421 1456 2476; x_wconf 90' lang='lat' dir='ltr'>abbas</span> <span class='ocrx_word' id='word_1_192' title='bbox 1465 2421 1610 2477; x_wconf 90' lang='lat' dir='ltr'>incolumis</span> <span class='ocrx_word' id='word_1_193' title='bbox 1620 2422 1726 2478; x_wconf 88' lang='lat' dir='ltr'>concito</span> <span class='ocrx_word' id='word_1_194' title='bbox 1742 2422 1806 2478; x_wconf 87' lang='lat' dir='ltr'>datu</span> <span class='ocrx_word' id='word_1_195' title='bbox 1820 2419 1951 2492; x_wconf 86' lang='lat' dir='ltr'>applicuit</span> <span class='ocrx_word' id='word_1_196' title='bbox 1966 2419 2044 2475; x_wconf 88' lang='lat' dir='ltr'>litto-</span> 
     </span>
     <span class='ocr_line' id='line_1_31' title="bbox 1244 2508 2045 2582; baseline -0.002 -17"><span class='ocrx_word' id='word_1_197' title='bbox 1244 2510 1319 2565; x_wconf 87' lang='lat' dir='ltr'>ribus</span> <span class='ocrx_word' id='word_1_198' title='bbox 1332 2510 1500 2582; x_wconf 65' lang='lat' dir='ltr'>anglicanis,</span> <span class='ocrx_word' id='word_1_199' title='bbox 1516 2518 1542 2566; x_wconf 93' lang='lat' dir='ltr'>et</span> <span class='ocrx_word' id='word_1_200' title='bbox 1556 2527 1616 2581; x_wconf 83' lang='lat' dir='ltr'>quae</span> <span class='ocrx_word' id='word_1_201' title='bbox 1629 2509 1732 2566; x_wconf 80' lang='lat' dir='ltr'>viderat</span> <span class='ocrx_word' id='word_1_202' title='bbox 1746 2518 1773 2565; x_wconf 90' lang='lat' dir='ltr'>et</span> <span class='ocrx_word' id='word_1_203' title='bbox 1794 2509 1915 2565; x_wconf 87' lang='lat' dir='ltr'>audierat</span> <span class='ocrx_word' id='word_1_204' title='bbox 1943 2508 2045 2579; x_wconf 89' lang='lat' dir='ltr'>quibus</span> 
     </span>
     <span class='ocr_line' id='line_1_32' title="bbox 1244 2598 2044 2670; baseline -0.003 -17"><span class='ocrx_word' id='word_1_205' title='bbox 1244 2599 1331 2670; x_wconf 90' lang='lat' dir='ltr'>potuit</span> <span class='ocrx_word' id='word_1_206' title='bbox 1343 2599 1503 2654; x_wconf 76' lang='lat' dir='ltr'>notificavit.</span> <span class='ocrx_word' id='word_1_207' title='bbox 1520 2599 1618 2655; x_wconf 85' lang='lat' dir='ltr'>Statuit</span> <span class='ocrx_word' id='word_1_208' title='bbox 1630 2608 1720 2655; x_wconf 87' lang='lat' dir='ltr'>autem</span> <span class='ocrx_word' id='word_1_209' title='bbox 1733 2598 1805 2654; x_wconf 93' lang='lat' dir='ltr'>idem</span> <span class='ocrx_word' id='word_1_210' title='bbox 1817 2599 1915 2653; x_wconf 79' lang='lat' dir='ltr'>festum</span> <span class='ocrx_word' id='word_1_211' title='bbox 1930 2598 1961 2652; x_wconf 90' lang='lat' dir='ltr'>in</span> <span class='ocrx_word' id='word_1_212' title='bbox 1983 2614 2044 2652; x_wconf 83' lang='lat' dir='ltr'>coe-</span> 
     </span>
    </p>
   </div>
   <div class='ocr_carea' id='block_1_7' title="bbox 394 2685 2045 3117">
    <p class='ocr_par' dir='ltr' id='par_1_7' title="bbox 394 2685 2045 3117">
     <span class='ocr_line' id='line_1_33' title="bbox 394 2685 2045 2771; baseline 0.001 -31"><span class='ocrx_word' id='word_1_213' title='bbox 394 2687 446 2740; x_wconf 89' lang='lat' dir='ltr'>bus</span> <span class='ocrx_word' id='word_1_214' title='bbox 460 2685 597 2742; x_wconf 89' lang='lat' dir='ltr'>multoties</span> <span class='ocrx_word' id='word_1_215' title='bbox 612 2695 721 2742; x_wconf 90' lang='lat' dir='ltr'>conatus</span> <span class='ocrx_word' id='word_1_216' title='bbox 736 2697 778 2743; x_wconf 89' lang='lat' dir='ltr'>est</span> <span class='ocrx_word' id='word_1_217' title='bbox 792 2689 852 2759; x_wconf 89' lang='lat' dir='ltr'>ejus</span> <span class='ocrx_word' id='word_1_218' title='bbox 866 2689 998 2744; x_wconf 88' lang='lat' dir='ltr'>obsistere</span> <span class='ocrx_word' id='word_1_219' title='bbox 1009 2688 1188 2744; x_wconf 85' lang='lat' dir='ltr'>successibus.</span> <span class='ocrx_word' id='word_1_220' title='bbox 1204 2708 1231 2771; x_wconf 82' lang='grc' dir='ltr'>Β</span> <span class='ocrx_word' id='word_1_221' title='bbox 1246 2689 1328 2744; x_wconf 89' lang='lat' dir='ltr'>nobie</span> <span class='ocrx_word' id='word_1_222' title='bbox 1343 2688 1546 2757; x_wconf 84' lang='lat' dir='ltr'>(llemessicnsi)</span> <span class='ocrx_word' id='word_1_223' title='bbox 1560 2687 1702 2754; x_wconf 89' lang='lat' dir='ltr'>celebrari,</span> <span class='ocrx_word' id='word_1_224' title='bbox 1718 2696 1744 2743; x_wconf 93' lang='lat' dir='ltr'>ct</span> <span class='ocrx_word' id='word_1_225' title='bbox 1758 2689 1817 2760; x_wconf 90' lang='lat' dir='ltr'>ipse</span> <span class='ocrx_word' id='word_1_226' title='bbox 1832 2687 1952 2759; x_wconf 90' lang='lat' dir='ltr'>quandiu</span> <span class='ocrx_word' id='word_1_227' title='bbox 1977 2687 2045 2742; x_wconf 74' lang='lat' dir='ltr'>vixit</span> 
     </span>
     <span class='ocr_line' id='line_1_34' title="bbox 398 2774 1193 2850; baseline 0.003 -20"><span class='ocrx_word' id='word_1_228' title='bbox 398 2774 452 2830; x_wconf 89' lang='lat' dir='ltr'>Sed</span> <span class='ocrx_word' id='word_1_229' title='bbox 466 2775 582 2831; x_wconf 90' lang='lat' dir='ltr'>Domino</span> <span class='ocrx_word' id='word_1_230' title='bbox 596 2784 756 2846; x_wconf 82' lang='lat' dir='ltr'>protegente</span> <span class='ocrx_word' id='word_1_231' title='bbox 770 2784 795 2832; x_wconf 90' lang='lat' dir='ltr'>et</span> <span class='ocrx_word' id='word_1_232' title='bbox 811 2778 949 2833; x_wconf 91' lang='lat' dir='ltr'>timentem</span> <span class='ocrx_word' id='word_1_233' title='bbox 966 2794 996 2833; x_wconf 91' lang='lat' dir='ltr'>sc</span> <span class='ocrx_word' id='word_1_234' title='bbox 1020 2793 1111 2850; x_wconf 88' lang='lat' dir='ltr'>regem</span> <span class='ocrx_word' id='word_1_235' title='bbox 1135 2777 1193 2849; x_wconf 77' lang='lat' dir='ltr'>glo</span> 
     </span>
     <span class='ocr_line' id='line_1_35' title="bbox 396 2863 1188 2939; baseline 0.005 -20"><span class='ocrx_word' id='word_1_236' title='bbox 396 2863 850 2933; x_wconf 82' lang='lat' dir='ltr'>riiicante,odrritrilomdeductus</span> <span class='ocrx_word' id='word_1_237' title='bbox 868 2871 910 2924; x_wconf 83' lang='lat' dir='ltr'>est</span> <span class='ocrx_word' id='word_1_238' title='bbox 931 2868 1076 2939; x_wconf 81' lang='lat' dir='ltr'>malignus</span> <span class='ocrx_word' id='word_1_239' title='bbox 1100 2867 1188 2938; x_wconf 80' lang='lat' dir='ltr'>(Psoi.</span> 
     </span>
     <span class='ocr_line' id='line_1_36' title="bbox 395 2952 1191 3028; baseline 0.006 -21"><span class='ocrx_word' id='word_1_240' title='bbox 395 2969 450 3021; x_wconf 85' lang='lat' dir='ltr'>xiv,</span> <span class='ocrx_word' id='word_1_241' title='bbox 463 2952 500 3024; x_wconf 85' lang='lat' dir='ltr'>l).</span> <span class='ocrx_word' id='word_1_242' title='bbox 515 2953 659 3009; x_wconf 83' lang='lat' dir='ltr'>Audientcs</span> <span class='ocrx_word' id='word_1_243' title='bbox 674 2963 762 3010; x_wconf 91' lang='lat' dir='ltr'>autem</span> <span class='ocrx_word' id='word_1_244' title='bbox 777 2955 842 3010; x_wconf 83' lang='lat' dir='ltr'>Daci</span> <span class='ocrx_word' id='word_1_245' title='bbox 858 2955 982 3028; x_wconf 85' lang='lat' dir='ltr'>dugliam</span> <span class='ocrx_word' id='word_1_246' title='bbox 996 2972 1056 3012; x_wconf 86' lang='lat' dir='ltr'>esse</span> <span class='ocrx_word' id='word_1_247' title='bbox 1084 2957 1191 3027; x_wconf 85' lang='lat' dir='ltr'>subjec-</span> 
     </span>
     <span class='ocr_line' id='line_1_37' title="bbox 395 3041 1189 3117; baseline 0.006 -22"><span class='ocrx_word' id='word_1_248' title='bbox 395 3049 449 3095; x_wconf 92' lang='lat' dir='ltr'>tam</span> <span class='ocrx_word' id='word_1_249' title='bbox 463 3041 877 3115; x_wconf 87' lang='lat' dir='ltr'>Nortlrmannis,gravitcrsunt</span> <span class='ocrx_word' id='word_1_250' title='bbox 902 3045 1043 3117; x_wconf 78' lang='lat' dir='ltr'>irrtlignati,</span> <span class='ocrx_word' id='word_1_251' title='bbox 1074 3053 1109 3112; x_wconf 87' lang='lat' dir='ltr'>et,</span> <span class='ocrx_word' id='word_1_252' title='bbox 1140 3061 1189 3100; x_wconf 91' lang='lat' dir='ltr'>suo</span> 
     </span>
    </p>
   </div>
   <div class='ocr_carea' id='block_1_8' title="bbox 391 3129 1189 3827">
    <p class='ocr_par' dir='ltr' id='par_1_8' title="bbox 391 3129 1189 3827">
     <span class='ocr_line' id='line_1_38' title="bbox 396 3129 1189 3205; baseline 0.005 -21"><span class='ocrx_word' id='word_1_253' title='bbox 396 3129 472 3202; x_wconf 89' lang='lat' dir='ltr'>quasi</span> <span class='ocrx_word' id='word_1_254' title='bbox 483 3130 653 3188; x_wconf 75' lang='lat' dir='ltr'>haereditario</span> <span class='ocrx_word' id='word_1_255' title='bbox 665 3131 726 3201; x_wconf 90' lang='lat' dir='ltr'>jure</span> <span class='ocrx_word' id='word_1_256' title='bbox 738 3132 845 3202; x_wconf 72' lang='lat' dir='ltr'>privati,</span> <span class='ocrx_word' id='word_1_257' title='bbox 863 3149 938 3188; x_wconf 86' lang='lat' dir='ltr'>arma</span> <span class='ocrx_word' id='word_1_258' title='bbox 953 3141 1057 3205; x_wconf 88' lang='lat' dir='ltr'>purant,</span> <span class='ocrx_word' id='word_1_259' title='bbox 1075 3134 1189 3190; x_wconf 87' lang='lat' dir='ltr'>classem</span> 
     </span>
     <span class='ocr_line' id='line_1_39' title="bbox 395 3221 1189 3293; baseline 0.006 -21"><span class='ocrx_word' id='word_1_260' title='bbox 395 3227 497 3290; x_wconf 88' lang='lat' dir='ltr'>aptant,</span> <span class='ocrx_word' id='word_1_261' title='bbox 513 3227 541 3274; x_wconf 87' lang='lat' dir='ltr'>ut</span> <span class='ocrx_word' id='word_1_262' title='bbox 556 3236 602 3276; x_wconf 89' lang='lat' dir='ltr'>eos</span> <span class='ocrx_word' id='word_1_263' title='bbox 615 3221 744 3276; x_wconf 89' lang='lat' dir='ltr'>adeuntes</span> <span class='ocrx_word' id='word_1_264' title='bbox 759 3238 774 3276; x_wconf 90' lang='lat' dir='ltr'>a</span> <span class='ocrx_word' id='word_1_265' title='bbox 790 3221 850 3276; x_wconf 89' lang='lat' dir='ltr'>data</span> <span class='ocrx_word' id='word_1_266' title='bbox 865 3221 918 3276; x_wconf 90' lang='lat' dir='ltr'>sibi</span> <span class='ocrx_word' id='word_1_267' title='bbox 946 3223 1076 3277; x_wconf 82' lang='lat' dir='ltr'>divinitus</span> <span class='ocrx_word' id='word_1_268' title='bbox 1101 3222 1189 3293; x_wconf 86' lang='lat' dir='ltr'>patria</span> 
     </span>
     <span class='ocr_line' id='line_1_40' title="bbox 396 3309 1189 3381; baseline 0.001 -17"><span class='ocrx_word' id='word_1_269' title='bbox 396 3309 540 3381; x_wconf 84' lang='lat' dir='ltr'>expellant.</span> <span class='ocrx_word' id='word_1_270' title='bbox 561 3309 617 3364; x_wconf 88' lang='lat' dir='ltr'>llcc</span> <span class='ocrx_word' id='word_1_271' title='bbox 639 3317 788 3380; x_wconf 89' lang='lat' dir='ltr'>comperto,</span> <span class='ocrx_word' id='word_1_272' title='bbox 817 3310 1042 3380; x_wconf 87' lang='lat' dir='ltr'>prudentissimus</span> <span class='ocrx_word' id='word_1_273' title='bbox 1071 3310 1189 3367; x_wconf 89' lang='lat' dir='ltr'>Guillel-</span> 
     </span>
     <span class='ocr_line' id='line_1_41' title="bbox 391 3398 1188 3473; baseline 0.005 -23"><span class='ocrx_word' id='word_1_274' title='bbox 391 3413 453 3452; x_wconf 91' lang='lat' dir='ltr'>mus</span> <span class='ocrx_word' id='word_1_275' title='bbox 467 3399 614 3471; x_wconf 88' lang='lat' dir='ltr'>quemdam</span> <span class='ocrx_word' id='word_1_276' title='bbox 629 3398 785 3473; x_wconf 87' lang='lat' dir='ltr'>religiosum</span> <span class='ocrx_word' id='word_1_277' title='bbox 794 3399 917 3455; x_wconf 88' lang='lat' dir='ltr'>abbatem</span> <span class='ocrx_word' id='word_1_278' title='bbox 928 3398 1089 3470; x_wconf 86' lang='lat' dir='ltr'>(llelsinum)</span> <span class='ocrx_word' id='word_1_279' title='bbox 1099 3416 1188 3455; x_wconf 81' lang='lat' dir='ltr'>eireno-</span> 
     </span>
     <span class='ocr_line' id='line_1_42' title="bbox 394 3484 1188 3561; baseline 0.005 -22"><span class='ocrx_word' id='word_1_280' title='bbox 394 3484 655 3557; x_wconf 71' lang='lat' dir='ltr'>biitllemessiensis&#39;p</span> <span class='ocrx_word' id='word_1_281' title='bbox 671 3488 830 3544; x_wconf 88' lang='lat' dir='ltr'>accersitum</span> <span class='ocrx_word' id='word_1_282' title='bbox 845 3489 871 3543; x_wconf 91' lang='lat' dir='ltr'>in</span> <span class='ocrx_word' id='word_1_283' title='bbox 887 3490 1000 3545; x_wconf 86' lang='lat' dir='ltr'>Daciam</span> <span class='ocrx_word' id='word_1_284' title='bbox 1029 3490 1130 3561; x_wconf 80' lang='lat' dir='ltr'>dirigit,</span> <span class='ocrx_word' id='word_1_285' title='bbox 1160 3497 1188 3543; x_wconf 91' lang='lat' dir='ltr'>ut</span> 
     </span>
     <span class='ocr_line' id='line_1_43' title="bbox 393 3574 1189 3651; baseline 0.005 -24"><span class='ocrx_word' id='word_1_286' title='bbox 393 3574 512 3646; x_wconf 89' lang='lat' dir='ltr'>inquirat</span> <span class='ocrx_word' id='word_1_287' title='bbox 525 3576 605 3645; x_wconf 88' lang='lat' dir='ltr'>hujus</span> <span class='ocrx_word' id='word_1_288' title='bbox 621 3576 659 3631; x_wconf 92' lang='lat' dir='ltr'>rei</span> <span class='ocrx_word' id='word_1_289' title='bbox 675 3576 826 3633; x_wconf 86' lang='lat' dir='ltr'>veritatem.</span> <span class='ocrx_word' id='word_1_290' title='bbox 843 3580 876 3632; x_wconf 72' lang='lat' dir='ltr'>rlt</span> <span class='ocrx_word' id='word_1_291' title='bbox 890 3578 946 3645; x_wconf 89' lang='lat' dir='ltr'>ille,</span> <span class='ocrx_word' id='word_1_292' title='bbox 963 3586 991 3633; x_wconf 92' lang='lat' dir='ltr'>ut</span> <span class='ocrx_word' id='word_1_293' title='bbox 1015 3577 1056 3635; x_wconf 84' lang='lat' dir='ltr'>uir·</span> <span class='ocrx_word' id='word_1_294' title='bbox 1083 3578 1189 3651; x_wconf 88' lang='lat' dir='ltr'>sagacis</span> 
     </span>
     <span class='ocr_line' id='line_1_44' title="bbox 392 3662 1188 3739; baseline 0.004 -22"><span class='ocrx_word' id='word_1_295' title='bbox 392 3662 503 3737; x_wconf 87' lang='lat' dir='ltr'>ingenii,</span> <span class='ocrx_word' id='word_1_296' title='bbox 516 3673 625 3720; x_wconf 87' lang='lat' dir='ltr'>strenue</span> <span class='ocrx_word' id='word_1_297' title='bbox 640 3665 714 3739; x_wconf 86' lang='lat' dir='ltr'>regis</span> <span class='ocrx_word' id='word_1_298' title='bbox 730 3666 868 3738; x_wconf 87' lang='lat' dir='ltr'>negotium</span> <span class='ocrx_word' id='word_1_299' title='bbox 884 3667 1047 3739; x_wconf 86' lang='lat' dir='ltr'>exsequitur.</span> <span class='ocrx_word' id='word_1_300' title='bbox 1064 3665 1124 3735; x_wconf 87' lang='lat' dir='ltr'>Quo</span> <span class='ocrx_word' id='word_1_301' title='bbox 1154 3664 1188 3720; x_wconf 88' lang='lat' dir='ltr'>ii-</span> 
     </span>
     <span class='ocr_line' id='line_1_45' title="bbox 392 3750 1189 3827; baseline 0.008 -21"><span class='ocrx_word' id='word_1_302' title='bbox 392 3750 488 3807; x_wconf 91' lang='lat' dir='ltr'>deliter</span> <span class='ocrx_word' id='word_1_303' title='bbox 503 3762 621 3823; x_wconf 87' lang='lat' dir='ltr'>peracto,</span> <span class='ocrx_word' id='word_1_304' title='bbox 637 3753 671 3808; x_wconf 91' lang='lat' dir='ltr'>ad</span> <span class='ocrx_word' id='word_1_305' title='bbox 684 3755 809 3826; x_wconf 81' lang='lat' dir='ltr'>Anglium</span> <span class='ocrx_word' id='word_1_306' title='bbox 838 3756 935 3811; x_wconf 80' lang='lat' dir='ltr'>reuerti</span> <span class='ocrx_word' id='word_1_307' title='bbox 958 3756 1082 3827; x_wconf 91' lang='lat' dir='ltr'>cupiens,</span> <span class='ocrx_word' id='word_1_308' title='bbox 1113 3772 1189 3812; x_wconf 89' lang='lat' dir='ltr'>mare</span> 
     </span>
    </p>
   </div>
   <div class='ocr_carea' id='block_1_9' title="bbox 1242 2777 2046 3824">
    <p class='ocr_par' dir='ltr' id='par_1_9' title="bbox 1246 2777 1673 2847">
     <span class='ocr_line' id='line_1_46' title="bbox 1246 2777 1673 2847; baseline -0.005 -14"><span class='ocrx_word' id='word_1_309' title='bbox 1246 2777 1351 2833; x_wconf 76' lang='lat' dir='ltr'>devotis</span> <span class='ocrx_word' id='word_1_310' title='bbox 1363 2777 1504 2847; x_wconf 84' lang='lat' dir='ltr'>obsequiis</span> <span class='ocrx_word' id='word_1_311' title='bbox 1518 2777 1673 2834; x_wconf 83' lang='lat' dir='ltr'>celebrauit.</span> 
     </span>
    </p>

    <p class='ocr_par' dir='ltr' id='par_1_10' title="bbox 1243 2863 2046 3204">
     <span class='ocr_line' id='line_1_47' title="bbox 1279 2863 2044 2938; baseline 0.001 -19"><span class='ocrx_word' id='word_1_312' title='bbox 1279 2865 1315 2919; x_wconf 89' lang='lat' dir='ltr'>Et</span> <span class='ocrx_word' id='word_1_313' title='bbox 1328 2880 1378 2919; x_wconf 90' lang='lat' dir='ltr'>nos</span> <span class='ocrx_word' id='word_1_314' title='bbox 1394 2880 1470 2938; x_wconf 85' lang='lat' dir='ltr'>ergo,</span> <span class='ocrx_word' id='word_1_315' title='bbox 1487 2865 1583 2920; x_wconf 86' lang='lat' dir='ltr'>fratres</span> <span class='ocrx_word' id='word_1_316' title='bbox 1597 2864 1778 2933; x_wconf 89' lang='lat' dir='ltr'>dilectissimi,</span> <span class='ocrx_word' id='word_1_317' title='bbox 1793 2866 1815 2919; x_wconf 91' lang='lat' dir='ltr'>si</span> <span class='ocrx_word' id='word_1_318' title='bbox 1830 2871 1938 2936; x_wconf 87' lang='lat' dir='ltr'>portum</span> <span class='ocrx_word' id='word_1_319' title='bbox 1967 2863 2044 2920; x_wconf 88' lang='lat' dir='ltr'>salu·</span> 
     </span>
     <span class='ocr_line' id='line_1_48' title="bbox 1244 2953 2043 3026; baseline 0.001 -20"><span class='ocrx_word' id='word_1_320' title='bbox 1244 2953 1280 3007; x_wconf 91' lang='lat' dir='ltr'>tis</span> <span class='ocrx_word' id='word_1_321' title='bbox 1294 2954 1420 3009; x_wconf 82' lang='lat' dir='ltr'>rotumus</span> <span class='ocrx_word' id='word_1_322' title='bbox 1435 2953 1653 3024; x_wconf 86' lang='lat' dir='ltr'>apprehendere,</span> <span class='ocrx_word' id='word_1_323' title='bbox 1668 2954 1718 3009; x_wconf 89' lang='lat' dir='ltr'>Dei</span> <span class='ocrx_word' id='word_1_324' title='bbox 1746 2953 1887 3026; x_wconf 86' lang='lat' dir='ltr'>genitricis</span> <span class='ocrx_word' id='word_1_325' title='bbox 1914 2953 2043 3024; x_wconf 88' lang='lat' dir='ltr'>Concep-</span> 
     </span>
     <span class='ocr_line' id='line_1_49' title="bbox 1245 3041 2046 3114; baseline 0 -18"><span class='ocrx_word' id='word_1_326' title='bbox 1245 3042 1344 3097; x_wconf 92' lang='lat' dir='ltr'>tionem</span> <span class='ocrx_word' id='word_1_327' title='bbox 1359 3041 1449 3114; x_wconf 85' lang='lat' dir='ltr'>dignis</span> <span class='ocrx_word' id='word_1_328' title='bbox 1463 3042 1601 3114; x_wconf 89' lang='lat' dir='ltr'>obsequiis</span> <span class='ocrx_word' id='word_1_329' title='bbox 1613 3050 1639 3097; x_wconf 90' lang='lat' dir='ltr'>ct</span> <span class='ocrx_word' id='word_1_330' title='bbox 1653 3042 1749 3098; x_wconf 86' lang='lat' dir='ltr'>officiis</span> <span class='ocrx_word' id='word_1_331' title='bbox 1776 3041 1986 3110; x_wconf 88' lang='lat' dir='ltr'>celebrabimus,</span> <span class='ocrx_word' id='word_1_332' title='bbox 2016 3048 2046 3097; x_wconf 90' lang='lat' dir='ltr'>ut</span> 
     </span>
     <span class='ocr_line' id='line_1_50' title="bbox 1243 3129 1940 3204; baseline 0.001 -20"><span class='ocrx_word' id='word_1_333' title='bbox 1243 3130 1278 3184; x_wconf 89' lang='lat' dir='ltr'>ab</span> <span class='ocrx_word' id='word_1_334' title='bbox 1291 3129 1351 3198; x_wconf 89' lang='lat' dir='ltr'>ejus</span> <span class='ocrx_word' id='word_1_335' title='bbox 1367 3129 1422 3185; x_wconf 82' lang='lat' dir='ltr'>titio</span> <span class='ocrx_word' id='word_1_336' title='bbox 1437 3131 1519 3204; x_wconf 86' lang='lat' dir='ltr'>digna</span> <span class='ocrx_word' id='word_1_337' title='bbox 1532 3133 1657 3187; x_wconf 89' lang='lat' dir='ltr'>mercede</span> <span class='ocrx_word' id='word_1_338' title='bbox 1665 3147 1881 3187; x_wconf 88' lang='lat' dir='ltr'>remuneremur.</span> <span class='ocrx_word' id='word_1_339' title='bbox 1936 3169 1940 3177; x_wconf 78' lang='lat'>-</span> 
     </span>
    </p>

    <p class='ocr_par' dir='ltr' id='par_1_11' title="bbox 1242 3218 2046 3824">
     <span class='ocr_line' id='line_1_51' title="bbox 1279 3218 2046 3277; baseline -0.001 -2"><span class='ocrx_word' id='word_1_340' title='bbox 1279 3220 1400 3275; x_wconf 84' lang='lat' dir='ltr'>Rursum</span> <span class='ocrx_word' id='word_1_341' title='bbox 1416 3221 1473 3274; x_wconf 82' lang='lat' dir='ltr'>haec</span> <span class='ocrx_word' id='word_1_342' title='bbox 1487 3219 1644 3275; x_wconf 88' lang='lat' dir='ltr'>solemnitas</span> <span class='ocrx_word' id='word_1_343' title='bbox 1658 3219 1722 3275; x_wconf 87' lang='lat' dir='ltr'>alibi</span> <span class='ocrx_word' id='word_1_344' title='bbox 1738 3220 1791 3277; x_wconf 92' lang='lat' dir='ltr'>alio</span> <span class='ocrx_word' id='word_1_345' title='bbox 1813 3221 1895 3277; x_wconf 92' lang='lat' dir='ltr'>modo</span> <span class='ocrx_word' id='word_1_346' title='bbox 1923 3218 2046 3275; x_wconf 86' lang='lat' dir='ltr'>deelara-</span> 
     </span>
     <span class='ocr_line' id='line_1_52' title="bbox 1243 3309 2045 3383; baseline 0.002 -20"><span class='ocrx_word' id='word_1_347' title='bbox 1243 3315 1297 3365; x_wconf 90' lang='lat' dir='ltr'>tur.</span> <span class='ocrx_word' id='word_1_348' title='bbox 1313 3309 1448 3381; x_wconf 88' lang='lat' dir='ltr'>Tempore</span> <span class='ocrx_word' id='word_1_349' title='bbox 1461 3324 1575 3380; x_wconf 90' lang='lat' dir='ltr'>namque</span> <span class='ocrx_word' id='word_1_350' title='bbox 1590 3309 1681 3365; x_wconf 88' lang='lat' dir='ltr'>Caroli</span> <span class='ocrx_word' id='word_1_351' title='bbox 1695 3309 1769 3383; x_wconf 88' lang='lat' dir='ltr'>regis</span> <span class='ocrx_word' id='word_1_352' title='bbox 1793 3309 1957 3365; x_wconf 81' lang='lat' dir='ltr'>Francorum</span> <span class='ocrx_word' id='word_1_353' title='bbox 1978 3309 2045 3365; x_wconf 91' lang='lat' dir='ltr'>illu·</span> 
     </span>
     <span class='ocr_line' id='line_1_53' title="bbox 1243 3397 2045 3469; baseline 0.002 -18"><span class='ocrx_word' id='word_1_354' title='bbox 1243 3398 1378 3467; x_wconf 90' lang='lat' dir='ltr'>strissimi,</span> <span class='ocrx_word' id='word_1_355' title='bbox 1395 3397 1509 3453; x_wconf 89' lang='lat' dir='ltr'>clericus</span> <span class='ocrx_word' id='word_1_356' title='bbox 1521 3398 1632 3469; x_wconf 89' lang='lat' dir='ltr'>quidam</span> <span class='ocrx_word' id='word_1_357' title='bbox 1646 3398 1742 3454; x_wconf 89' lang='lat' dir='ltr'>ordine</span> <span class='ocrx_word' id='word_1_358' title='bbox 1769 3399 1900 3453; x_wconf 90' lang='lat' dir='ltr'>diaconus</span> <span class='ocrx_word' id='word_1_359' title='bbox 1927 3398 2045 3469; x_wconf 85' lang='lat' dir='ltr'>Hunga-</span> 
     </span>
     <span class='ocr_line' id='line_1_54' title="bbox 1243 3485 2044 3559; baseline 0.002 -20"><span class='ocrx_word' id='word_1_360' title='bbox 1243 3485 1290 3540; x_wconf 83' lang='lat' dir='ltr'>riae</span> <span class='ocrx_word' id='word_1_361' title='bbox 1306 3486 1379 3558; x_wconf 84' lang='lat' dir='ltr'>regis</span> <span class='ocrx_word' id='word_1_362' title='bbox 1394 3501 1551 3559; x_wconf 87' lang='lat' dir='ltr'>germanus,</span> <span class='ocrx_word' id='word_1_363' title='bbox 1567 3488 1680 3541; x_wconf 83' lang='lat' dir='ltr'>Matrem</span> <span class='ocrx_word' id='word_1_364' title='bbox 1694 3488 1757 3542; x_wconf 83' lang='lat' dir='ltr'>lesu</span> <span class='ocrx_word' id='word_1_365' title='bbox 1782 3495 1837 3543; x_wconf 92' lang='lat' dir='ltr'>toto</span> <span class='ocrx_word' id='word_1_366' title='bbox 1865 3486 1947 3541; x_wconf 90' lang='lat' dir='ltr'>corde</span> <span class='ocrx_word' id='word_1_367' title='bbox 1975 3486 2044 3541; x_wconf 88' lang='lat' dir='ltr'>dili-</span> 
     </span>
     <span class='ocr_line' id='line_1_55' title="bbox 1242 3574 2044 3646; baseline 0 -17"><span class='ocrx_word' id='word_1_368' title='bbox 1242 3592 1319 3646; x_wconf 87' lang='lat' dir='ltr'>gens,</span> <span class='ocrx_word' id='word_1_369' title='bbox 1333 3575 1393 3645; x_wconf 88' lang='lat' dir='ltr'>ejus</span> <span class='ocrx_word' id='word_1_370' title='bbox 1406 3575 1488 3629; x_wconf 86' lang='lat' dir='ltr'>boras</span> <span class='ocrx_word' id='word_1_371' title='bbox 1500 3574 1629 3630; x_wconf 90' lang='lat' dir='ltr'>sollicitus</span> <span class='ocrx_word' id='word_1_372' title='bbox 1643 3574 1815 3631; x_wconf 88' lang='lat' dir='ltr'>decantabat.</span> <span class='ocrx_word' id='word_1_373' title='bbox 1832 3576 1976 3631; x_wconf 88' lang='lat' dir='ltr'>Parentum</span> <span class='ocrx_word' id='word_1_374' title='bbox 1991 3590 2044 3630; x_wconf 89' lang='lat' dir='ltr'>au-</span> 
     </span>
     <span class='ocr_line' id='line_1_56' title="bbox 1244 3664 2045 3736; baseline 0.002 -19"><span class='ocrx_word' id='word_1_375' title='bbox 1244 3664 1554 3732; x_wconf 85' lang='lat' dir='ltr'>temsuorumconsilio,</span> <span class='ocrx_word' id='word_1_376' title='bbox 1580 3664 1685 3720; x_wconf 89' lang='lat' dir='ltr'>nubere</span> <span class='ocrx_word' id='word_1_377' title='bbox 1713 3665 1810 3720; x_wconf 85' lang='lat' dir='ltr'>rolens</span> <span class='ocrx_word' id='word_1_378' title='bbox 1837 3680 1898 3720; x_wconf 91' lang='lat' dir='ltr'>cum</span> <span class='ocrx_word' id='word_1_379' title='bbox 1927 3664 2045 3736; x_wconf 87' lang='lat' dir='ltr'>quadam</span> 
     </span>
     <span class='ocr_line' id='line_1_57' title="bbox 1244 3751 2045 3824; baseline 0 -18"><span class='ocrx_word' id='word_1_380' title='bbox 1244 3752 1443 3807; x_wconf 85' lang='lat' dir='ltr'>adolescentula</span> <span class='ocrx_word' id='word_1_381' title='bbox 1457 3751 1536 3808; x_wconf 81' lang='lat' dir='ltr'>valde</span> <span class='ocrx_word' id='word_1_382' title='bbox 1551 3752 1742 3823; x_wconf 88' lang='lat' dir='ltr'>pulcherrima,</span> <span class='ocrx_word' id='word_1_383' title='bbox 1759 3760 1870 3823; x_wconf 88' lang='lat' dir='ltr'>accepta</span> <span class='ocrx_word' id='word_1_384' title='bbox 1883 3768 1900 3808; x_wconf 99' lang='lat' dir='ltr'>a</span> <span class='ocrx_word' id='word_1_385' title='bbox 1924 3752 2045 3824; x_wconf 86' lang='lat' dir='ltr'>presby-</span> 
     </span>
    </p>
   </div>
   <div class='ocr_carea' id='block_1_10' title="bbox 392 3840 2049 5594">
    <p class='ocr_par' dir='ltr' id='par_1_12' title="bbox 392 3840 2049 5594">
     <span class='ocr_line' id='line_1_58' title="bbox 392 3840 2044 3915; baseline 0.001 -21"><span class='ocrx_word' id='word_1_386' title='bbox 392 3840 544 3913; x_wconf 89' lang='lat' dir='ltr'>ingrcditur</span> <span class='ocrx_word' id='word_1_387' title='bbox 561 3848 602 3904; x_wconf 90' lang='lat' dir='ltr'>;et</span> <span class='ocrx_word' id='word_1_388' title='bbox 616 3858 678 3896; x_wconf 91' lang='lat' dir='ltr'>cum</span> <span class='ocrx_word' id='word_1_389' title='bbox 692 3841 750 3913; x_wconf 87' lang='lat' dir='ltr'>jam</span> <span class='ocrx_word' id='word_1_390' title='bbox 766 3844 910 3899; x_wconf 86' lang='lat' dir='ltr'>maximam</span> <span class='ocrx_word' id='word_1_391' title='bbox 923 3844 1114 3915; x_wconf 87' lang='lat' dir='ltr'>partemmaris</span> <span class='ocrx_word' id='word_1_392' title='bbox 1125 3860 1188 3914; x_wconf 91' lang='lat' dir='ltr'>pro·</span> <span class='ocrx_word' id='word_1_393' title='bbox 1244 3848 1303 3896; x_wconf 90' lang='lat' dir='ltr'>tero</span> <span class='ocrx_word' id='word_1_394' title='bbox 1318 3841 1431 3913; x_wconf 89' lang='lat' dir='ltr'>nuptiali</span> <span class='ocrx_word' id='word_1_395' title='bbox 1445 3841 1645 3909; x_wconf 88' lang='lat' dir='ltr'>benedictione,</span> <span class='ocrx_word' id='word_1_396' title='bbox 1661 3841 1779 3915; x_wconf 86' lang='lat' dir='ltr'>quadarn</span> <span class='ocrx_word' id='word_1_397' title='bbox 1793 3841 1849 3909; x_wconf 91' lang='lat' dir='ltr'>die,</span> <span class='ocrx_word' id='word_1_398' title='bbox 1861 3841 1944 3895; x_wconf 90' lang='lat' dir='ltr'>missa</span> <span class='ocrx_word' id='word_1_399' title='bbox 1960 3842 2044 3897; x_wconf 90' lang='lat' dir='ltr'>etiam</span> 
     </span>
     <span class='ocr_line' id='line_1_59' title="bbox 394 3929 2043 4004; baseline 0.001 -22"><span class='ocrx_word' id='word_1_400' title='bbox 394 3944 473 3999; x_wconf 89' lang='lat' dir='ltr'>spero</span> <span class='ocrx_word' id='word_1_401' title='bbox 487 3946 567 3985; x_wconf 89' lang='lat' dir='ltr'>cursu</span> <span class='ocrx_word' id='word_1_402' title='bbox 582 3931 733 3998; x_wconf 91' lang='lat' dir='ltr'>transisset,</span> <span class='ocrx_word' id='word_1_403' title='bbox 750 3932 838 3987; x_wconf 90' lang='lat' dir='ltr'>subito</span> <span class='ocrx_word' id='word_1_404' title='bbox 853 3933 944 3988; x_wconf 90' lang='lat' dir='ltr'>densis</span> <span class='ocrx_word' id='word_1_405' title='bbox 955 3933 1130 4004; x_wconf 86' lang='lat' dir='ltr'>surgentibus</span> <span class='ocrx_word' id='word_1_406' title='bbox 1141 3949 1189 3987; x_wconf 88' lang='lat' dir='ltr'>un·</span> <span class='ocrx_word' id='word_1_407' title='bbox 1243 3929 1391 3998; x_wconf 86' lang='lat' dir='ltr'>celebrata,</span> <span class='ocrx_word' id='word_1_408' title='bbox 1407 3930 1561 3985; x_wconf 87' lang='lat' dir='ltr'>recordatus</span> <span class='ocrx_word' id='word_1_409' title='bbox 1577 3930 1650 4002; x_wconf 89' lang='lat' dir='ltr'>quod</span> <span class='ocrx_word' id='word_1_410' title='bbox 1665 3929 1789 3998; x_wconf 77' lang='lat' dir='ltr'>eiusdem</span> <span class='ocrx_word' id='word_1_411' title='bbox 1804 3929 1967 3985; x_wconf 76' lang='lat' dir='ltr'>beatissimae</span> <span class='ocrx_word' id='word_1_412' title='bbox 1980 3929 2043 3984; x_wconf 85' lang='lat' dir='ltr'>Vir-</span> 
     </span>
     <span class='ocr_line' id='line_1_60' title="bbox 394 4016 2044 4091; baseline -0.001 -18"><span class='ocrx_word' id='word_1_413' title='bbox 394 4018 475 4088; x_wconf 91' lang='lat' dir='ltr'>dique</span> <span class='ocrx_word' id='word_1_414' title='bbox 489 4018 585 4087; x_wconf 82' lang='lat' dir='ltr'>veritis,</span> <span class='ocrx_word' id='word_1_415' title='bbox 602 4018 712 4073; x_wconf 83' lang='lat' dir='ltr'>horrido</span> <span class='ocrx_word' id='word_1_416' title='bbox 723 4020 973 4091; x_wconf 83' lang='lat' dir='ltr'>tempestascuelum</span> <span class='ocrx_word' id='word_1_417' title='bbox 989 4021 1135 4077; x_wconf 80' lang='lat' dir='ltr'>commovit</span> <span class='ocrx_word' id='word_1_418' title='bbox 1163 4028 1189 4075; x_wconf 90' lang='lat' dir='ltr'>et</span> <span class='ocrx_word' id='word_1_419' title='bbox 1244 4019 1316 4091; x_wconf 89' lang='lat' dir='ltr'>ginis</span> <span class='ocrx_word' id='word_1_420' title='bbox 1330 4021 1411 4073; x_wconf 89' lang='lat' dir='ltr'>boras</span> <span class='ocrx_word' id='word_1_421' title='bbox 1424 4018 1471 4073; x_wconf 84' lang='lat' dir='ltr'>illa</span> <span class='ocrx_word' id='word_1_422' title='bbox 1486 4018 1540 4086; x_wconf 85' lang='lat' dir='ltr'>die,</span> <span class='ocrx_word' id='word_1_423' title='bbox 1553 4020 1631 4089; x_wconf 86' lang='lat' dir='ltr'>juxta</span> <span class='ocrx_word' id='word_1_424' title='bbox 1644 4034 1747 4073; x_wconf 89' lang='lat' dir='ltr'>morem</span> <span class='ocrx_word' id='word_1_425' title='bbox 1762 4016 1880 4087; x_wconf 90' lang='lat' dir='ltr'>solitum,</span> <span class='ocrx_word' id='word_1_426' title='bbox 1896 4034 1951 4073; x_wconf 91' lang='lat' dir='ltr'>non</span> <span class='ocrx_word' id='word_1_427' title='bbox 1972 4033 2044 4073; x_wconf 90' lang='lat' dir='ltr'>can·</span> 
     </span>
     <span class='ocr_line' id='line_1_61' title="bbox 393 4106 2045 4179; baseline 0.001 -19"><span class='ocrx_word' id='word_1_428' title='bbox 393 4107 490 4161; x_wconf 89' lang='lat' dir='ltr'>undas.</span> <span class='ocrx_word' id='word_1_429' title='bbox 508 4106 636 4177; x_wconf 85' lang='lat' dir='ltr'>Fatigatis</span> <span class='ocrx_word' id='word_1_430' title='bbox 650 4108 732 4179; x_wconf 87' lang='lat' dir='ltr'>igitur</span> <span class='ocrx_word' id='word_1_431' title='bbox 746 4108 834 4162; x_wconf 89' lang='lat' dir='ltr'>nautis</span> <span class='ocrx_word' id='word_1_432' title='bbox 850 4126 898 4165; x_wconf 90' lang='lat' dir='ltr'>nco</span> <span class='ocrx_word' id='word_1_433' title='bbox 924 4110 993 4163; x_wconf 80' lang='lat' dir='ltr'>ultra</span> <span class='ocrx_word' id='word_1_434' title='bbox 1018 4111 1076 4179; x_wconf 88' lang='lat' dir='ltr'>jam</span> <span class='ocrx_word' id='word_1_435' title='bbox 1105 4109 1193 4165; x_wconf 89' lang='lat' dir='ltr'>obniti</span> <span class='ocrx_word' id='word_1_436' title='bbox 1249 4115 1361 4176; x_wconf 80' lang='lat' dir='ltr'>tereret,</span> <span class='ocrx_word' id='word_1_437' title='bbox 1378 4122 1507 4179; x_wconf 86' lang='lat' dir='ltr'>sponsam</span> <span class='ocrx_word' id='word_1_438' title='bbox 1521 4108 1630 4162; x_wconf 89' lang='lat' dir='ltr'>domum</span> <span class='ocrx_word' id='word_1_439' title='bbox 1646 4107 1764 4173; x_wconf 87' lang='lat' dir='ltr'>mittens,</span> <span class='ocrx_word' id='word_1_440' title='bbox 1779 4123 1875 4163; x_wconf 87' lang='lat' dir='ltr'>omnes</span> <span class='ocrx_word' id='word_1_441' title='bbox 1889 4106 1924 4161; x_wconf 92' lang='lat' dir='ltr'>ab</span> <span class='ocrx_word' id='word_1_442' title='bbox 1952 4107 2045 4163; x_wconf 88' lang='lat' dir='ltr'>ecclc-</span> 
     </span>
     <span class='ocr_line' id='line_1_62' title="bbox 396 4186 2046 4268; baseline -0.001 -17"><span class='ocrx_word' id='word_1_443' title='bbox 396 4186 560 4261; x_wconf 81' lang='lat' dir='ltr'>valentibus,</span> <span class='ocrx_word' id='word_1_444' title='bbox 576 4194 669 4250; x_wconf 85' lang='lat' dir='ltr'>fractis</span> <span class='ocrx_word' id='word_1_445' title='bbox 684 4197 766 4251; x_wconf 88' lang='lat' dir='ltr'>remis</span> <span class='ocrx_word' id='word_1_446' title='bbox 780 4196 940 4267; x_wconf 82' lang='lat' dir='ltr'>lenibusque</span> <span class='ocrx_word' id='word_1_447' title='bbox 955 4198 1052 4268; x_wconf 90' lang='lat' dir='ltr'>ruptis,</span> <span class='ocrx_word' id='word_1_448' title='bbox 1068 4196 1193 4254; x_wconf 79' lang='lat' dir='ltr'>cadenti·</span> <span class='ocrx_word' id='word_1_449' title='bbox 1249 4196 1290 4251; x_wconf 87' lang='lat' dir='ltr'>sia</span> <span class='ocrx_word' id='word_1_450' title='bbox 1306 4196 1379 4252; x_wconf 84' lang='lat' dir='ltr'>crire</span> <span class='ocrx_word' id='word_1_451' title='bbox 1394 4196 1496 4267; x_wconf 80' lang='lat' dir='ltr'>coegit,</span> <span class='ocrx_word' id='word_1_452' title='bbox 1512 4204 1539 4251; x_wconf 90' lang='lat' dir='ltr'>ct</span> <span class='ocrx_word' id='word_1_453' title='bbox 1554 4197 1610 4267; x_wconf 90' lang='lat' dir='ltr'>ipse</span> <span class='ocrx_word' id='word_1_454' title='bbox 1618 4198 1694 4265; x_wconf 78' lang='lat' dir='ltr'>Juxta</span> <span class='ocrx_word' id='word_1_455' title='bbox 1715 4196 1798 4251; x_wconf 91' lang='lat' dir='ltr'>altare</span> <span class='ocrx_word' id='word_1_456' title='bbox 1828 4196 1946 4267; x_wconf 85' lang='lat' dir='ltr'>Virginis</span> <span class='ocrx_word' id='word_1_457' title='bbox 1971 4196 2046 4251; x_wconf 88' lang='lat' dir='ltr'>solus</span> 
     </span>
     <span class='ocr_line' id='line_1_63' title="bbox 396 4281 2045 4355; baseline 0.003 -19"><span class='ocrx_word' id='word_1_458' title='bbox 396 4281 447 4337; x_wconf 87' lang='lat' dir='ltr'>bus</span> <span class='ocrx_word' id='word_1_459' title='bbox 461 4283 537 4352; x_wconf 84' lang='lat' dir='ltr'>velis,</span> <span class='ocrx_word' id='word_1_460' title='bbox 554 4300 615 4355; x_wconf 88' lang='lat' dir='ltr'>spes</span> <span class='ocrx_word' id='word_1_461' title='bbox 630 4286 723 4341; x_wconf 88' lang='lat' dir='ltr'>salutis</span> <span class='ocrx_word' id='word_1_462' title='bbox 737 4286 868 4341; x_wconf 89' lang='lat' dir='ltr'>amittitur</span> <span class='ocrx_word' id='word_1_463' title='bbox 882 4288 949 4341; x_wconf 88' lang='lat' dir='ltr'>nihil</span> <span class='ocrx_word' id='word_1_464' title='bbox 965 4286 1016 4341; x_wconf 93' lang='lat' dir='ltr'>sibi</span> <span class='ocrx_word' id='word_1_465' title='bbox 1046 4286 1094 4342; x_wconf 91' lang='lat' dir='ltr'>nisi</span> <span class='ocrx_word' id='word_1_466' title='bbox 1124 4287 1195 4341; x_wconf 87' lang='lat' dir='ltr'>sub·</span> <span class='ocrx_word' id='word_1_467' title='bbox 1249 4286 1390 4339; x_wconf 84' lang='lat' dir='ltr'>renrausit.</span> <span class='ocrx_word' id='word_1_468' title='bbox 1426 4286 1548 4355; x_wconf 88' lang='lat' dir='ltr'>Cumque</span> <span class='ocrx_word' id='word_1_469' title='bbox 1571 4285 1653 4340; x_wconf 87' lang='lat' dir='ltr'>horas</span> <span class='ocrx_word' id='word_1_470' title='bbox 1678 4284 1829 4340; x_wconf 87' lang='lat' dir='ltr'>Dominicae</span> <span class='ocrx_word' id='word_1_471' title='bbox 1857 4284 1952 4339; x_wconf 85' lang='lat' dir='ltr'>Matris</span> <span class='ocrx_word' id='word_1_472' title='bbox 1993 4286 2045 4341; x_wconf 89' lang='lat' dir='ltr'>de·</span> 
     </span>
     <span class='ocr_line' id='line_1_64' title="bbox 397 4372 2044 4447; baseline 0.002 -22"><span class='ocrx_word' id='word_1_473' title='bbox 397 4372 538 4428; x_wconf 89' lang='lat' dir='ltr'>mersionis</span> <span class='ocrx_word' id='word_1_474' title='bbox 552 4372 662 4427; x_wconf 82' lang='lat' dir='ltr'>exitium</span> <span class='ocrx_word' id='word_1_475' title='bbox 674 4373 1098 4447; x_wconf 84' lang='lat' dir='ltr'>miserabiliterexspectantibus.</span> <span class='ocrx_word' id='word_1_476' title='bbox 1111 4376 1194 4430; x_wconf 91' lang='lat' dir='ltr'>Cum·</span> <span class='ocrx_word' id='word_1_477' title='bbox 1248 4381 1379 4441; x_wconf 88' lang='lat' dir='ltr'>cautaret,</span> <span class='ocrx_word' id='word_1_478' title='bbox 1396 4375 1499 4429; x_wconf 91' lang='lat' dir='ltr'>ethanc</span> <span class='ocrx_word' id='word_1_479' title='bbox 1512 4372 1689 4443; x_wconf 87' lang='lat' dir='ltr'>antiphonam</span> <span class='ocrx_word' id='word_1_480' title='bbox 1700 4373 1824 4429; x_wconf 74' lang='lat' dir='ltr'>Pulchro</span> <span class='ocrx_word' id='word_1_481' title='bbox 1839 4390 1868 4430; x_wconf 83' lang='lat' dir='ltr'>cs</span> <span class='ocrx_word' id='word_1_482' title='bbox 1886 4377 1914 4429; x_wconf 81' lang='lat' dir='ltr'>et</span> <span class='ocrx_word' id='word_1_483' title='bbox 1933 4374 2044 4444; x_wconf 82' lang='lat' dir='ltr'>decoro,</span> 
     </span>
     <span class='ocr_line' id='line_1_65' title="bbox 398 4460 2046 4535; baseline 0.001 -20"><span class='ocrx_word' id='word_1_484' title='bbox 398 4460 496 4531; x_wconf 82' lang='lat' dir='ltr'>quade</span> <span class='ocrx_word' id='word_1_485' title='bbox 511 4460 754 4533; x_wconf 88' lang='lat' dir='ltr'>sclutccorporum</span> <span class='ocrx_word' id='word_1_486' title='bbox 770 4464 912 4535; x_wconf 87' lang='lat' dir='ltr'>desperati,</span> <span class='ocrx_word' id='word_1_487' title='bbox 929 4464 1078 4519; x_wconf 87' lang='lat' dir='ltr'>animarum</span> <span class='ocrx_word' id='word_1_488' title='bbox 1089 4465 1194 4521; x_wconf 89' lang='lat' dir='ltr'>solum·</span> <span class='ocrx_word' id='word_1_489' title='bbox 1248 4462 1601 4532; x_wconf 58' lang='lat' dir='ltr'>filiolerusolemmieerct,</span> <span class='ocrx_word' id='word_1_490' title='bbox 1619 4462 1874 4534; x_wconf 87' lang='lat' dir='ltr'>subitoapparuitei</span> <span class='ocrx_word' id='word_1_491' title='bbox 1888 4462 1972 4534; x_wconf 84' lang='lat' dir='ltr'>Virgo</span> <span class='ocrx_word' id='word_1_492' title='bbox 1988 4463 2046 4517; x_wconf 87' lang='lat' dir='ltr'>lla·</span> 
     </span>
     <span class='ocr_line' id='line_1_66' title="bbox 396 4550 2047 4625; baseline -0.001 -18"><span class='ocrx_word' id='word_1_493' title='bbox 396 4552 476 4607; x_wconf 94' lang='lat' dir='ltr'>modo</span> <span class='ocrx_word' id='word_1_494' title='bbox 491 4552 599 4625; x_wconf 87' lang='lat' dir='ltr'>magnis</span> <span class='ocrx_word' id='word_1_495' title='bbox 613 4552 778 4607; x_wconf 84' lang='lat' dir='ltr'>elamoribus</span> <span class='ocrx_word' id='word_1_496' title='bbox 795 4554 908 4609; x_wconf 88' lang='lat' dir='ltr'>salutem</span> <span class='ocrx_word' id='word_1_497' title='bbox 924 4554 1043 4610; x_wconf 87' lang='lat' dir='ltr'>Creatori</span> <span class='ocrx_word' id='word_1_498' title='bbox 1058 4570 1106 4609; x_wconf 92' lang='lat' dir='ltr'>suo</span> <span class='ocrx_word' id='word_1_499' title='bbox 1121 4571 1196 4609; x_wconf 90' lang='lat' dir='ltr'>com·</span> <span class='ocrx_word' id='word_1_500' title='bbox 1248 4553 1287 4607; x_wconf 94' lang='lat' dir='ltr'>ria</span> <span class='ocrx_word' id='word_1_501' title='bbox 1302 4568 1361 4608; x_wconf 92' lang='lat' dir='ltr'>cum</span> <span class='ocrx_word' id='word_1_502' title='bbox 1375 4551 1480 4606; x_wconf 85' lang='lat' dir='ltr'>duobus</span> <span class='ocrx_word' id='word_1_503' title='bbox 1493 4550 1607 4623; x_wconf 88' lang='lat' dir='ltr'>angelis,</span> <span class='ocrx_word' id='word_1_504' title='bbox 1636 4550 1759 4606; x_wconf 86' lang='lat' dir='ltr'>dextram</span> <span class='ocrx_word' id='word_1_505' title='bbox 1787 4550 1845 4619; x_wconf 87' lang='lat' dir='ltr'>ejus</span> <span class='ocrx_word' id='word_1_506' title='bbox 1868 4566 1990 4615; x_wconf 89' lang='lat' dir='ltr'>manum,</span> <span class='ocrx_word' id='word_1_507' title='bbox 2020 4559 2047 4606; x_wconf 87' lang='lat' dir='ltr'>et</span> 
     </span>
     <span class='ocr_line' id='line_1_67' title="bbox 396 4639 2047 4713; baseline -0.002 -16"><span class='ocrx_word' id='word_1_508' title='bbox 396 4640 804 4709; x_wconf 85' lang='lat' dir='ltr'>urendareut,etbeatissimam</span> <span class='ocrx_word' id='word_1_509' title='bbox 834 4642 972 4713; x_wconf 85' lang='lat' dir='ltr'>Virginem</span> <span class='ocrx_word' id='word_1_510' title='bbox 1001 4644 1111 4698; x_wconf 86' lang='lat' dir='ltr'>llariam</span> <span class='ocrx_word' id='word_1_511' title='bbox 1140 4645 1194 4699; x_wconf 80' lang='lat' dir='ltr'>Dei</span> <span class='ocrx_word' id='word_1_512' title='bbox 1247 4640 1344 4697; x_wconf 83' lang='lat' dir='ltr'>laeuam</span> <span class='ocrx_word' id='word_1_513' title='bbox 1359 4640 1520 4707; x_wconf 87' lang='lat' dir='ltr'>tenentibus,</span> <span class='ocrx_word' id='word_1_514' title='bbox 1536 4641 1638 4705; x_wconf 90' lang='lat' dir='ltr'>dicens,</span> <span class='ocrx_word' id='word_1_515' title='bbox 1651 4640 1747 4694; x_wconf 90' lang='lat' dir='ltr'>ei:Si</span> <span class='ocrx_word' id='word_1_516' title='bbox 1762 4655 1813 4711; x_wconf 89' lang='lat' dir='ltr'>ego</span> <span class='ocrx_word' id='word_1_517' title='bbox 1842 4655 1901 4693; x_wconf 91' lang='lat' dir='ltr'>sum</span> <span class='ocrx_word' id='word_1_518' title='bbox 1928 4639 2047 4708; x_wconf 88' lang='lat' dir='ltr'>pulchra</span> 
     </span>
     <span class='ocr_line' id='line_1_68' title="bbox 398 4728 2046 4803; baseline -0.004 -16"><span class='ocrx_word' id='word_1_519' title='bbox 398 4732 570 4803; x_wconf 80' lang='lat' dir='ltr'>genitricem,</span> <span class='ocrx_word' id='word_1_520' title='bbox 587 4730 905 4803; x_wconf 85' lang='lat' dir='ltr'>miscrorumrelugium,</span> <span class='ocrx_word' id='word_1_521' title='bbox 935 4740 962 4787; x_wconf 91' lang='lat' dir='ltr'>et</span> <span class='ocrx_word' id='word_1_522' title='bbox 989 4732 1194 4803; x_wconf 86' lang='lat' dir='ltr'>desperatorum</span> <span class='ocrx_word' id='word_1_523' title='bbox 1248 4739 1275 4785; x_wconf 87' lang='lat' dir='ltr'>et</span> <span class='ocrx_word' id='word_1_524' title='bbox 1289 4732 1397 4795; x_wconf 89' lang='lat' dir='ltr'>decora,</span> <span class='ocrx_word' id='word_1_525' title='bbox 1415 4729 1479 4798; x_wconf 90' lang='lat' dir='ltr'>quid</span> <span class='ocrx_word' id='word_1_526' title='bbox 1495 4736 1535 4783; x_wconf 88' lang='lat' dir='ltr'>est</span> <span class='ocrx_word' id='word_1_527' title='bbox 1549 4729 1621 4798; x_wconf 92' lang='lat' dir='ltr'>quod</span> <span class='ocrx_word' id='word_1_528' title='bbox 1635 4728 1750 4783; x_wconf 86' lang='lat' dir='ltr'>dimittis</span> <span class='ocrx_word' id='word_1_529' title='bbox 1778 4743 1832 4795; x_wconf 90' lang='lat' dir='ltr'>me,</span> <span class='ocrx_word' id='word_1_530' title='bbox 1862 4734 1889 4782; x_wconf 86' lang='lat' dir='ltr'>et</span> <span class='ocrx_word' id='word_1_531' title='bbox 1917 4743 2046 4797; x_wconf 89' lang='lat' dir='ltr'>sponsam</span> 
     </span>
     <span class='ocr_line' id='line_1_69' title="bbox 396 4816 2047 4891; baseline -0.002 -18"><span class='ocrx_word' id='word_1_532' title='bbox 396 4836 472 4891; x_wconf 81' lang='lat' dir='ltr'>spem</span> <span class='ocrx_word' id='word_1_533' title='bbox 488 4821 584 4877; x_wconf 77' lang='lat' dir='ltr'>devote</span> <span class='ocrx_word' id='word_1_534' title='bbox 607 4820 795 4883; x_wconf 81' lang='lat' dir='ltr'>reclamarent,</span> <span class='ocrx_word' id='word_1_535' title='bbox 820 4834 885 4875; x_wconf 90' lang='lat' dir='ltr'>ecce</span> <span class='ocrx_word' id='word_1_536' title='bbox 913 4820 1001 4876; x_wconf 92' lang='lat' dir='ltr'>subito</span> <span class='ocrx_word' id='word_1_537' title='bbox 1025 4819 1195 4891; x_wconf 89' lang='lat' dir='ltr'>conspiciunt</span> <span class='ocrx_word' id='word_1_538' title='bbox 1247 4820 1328 4874; x_wconf 89' lang='lat' dir='ltr'>alium</span> <span class='ocrx_word' id='word_1_539' title='bbox 1343 4818 1446 4889; x_wconf 90' lang='lat' dir='ltr'>accipis</span> <span class='ocrx_word' id='word_1_540' title='bbox 1460 4820 1474 4872; x_wconf 80' lang='lat' dir='ltr'>‘t</span> <span class='ocrx_word' id='word_1_541' title='bbox 1488 4817 1627 4887; x_wconf 90' lang='lat' dir='ltr'>Numquid</span> <span class='ocrx_word' id='word_1_542' title='bbox 1642 4832 1695 4887; x_wconf 90' lang='lat' dir='ltr'>ego</span> <span class='ocrx_word' id='word_1_543' title='bbox 1710 4832 1770 4870; x_wconf 93' lang='lat' dir='ltr'>sum</span> <span class='ocrx_word' id='word_1_544' title='bbox 1785 4816 1886 4886; x_wconf 89' lang='lat' dir='ltr'>optime</span> <span class='ocrx_word' id='word_1_545' title='bbox 1901 4816 2047 4871; x_wconf 75' lang='lat' dir='ltr'>formosa?</span> 
     </span>
     <span class='ocr_line' id='line_1_70' title="bbox 397 4903 2047 4981; baseline -0.002 -18"><span class='ocrx_word' id='word_1_546' title='bbox 397 4910 541 4977; x_wconf 88' lang='lat' dir='ltr'>quemdam</span> <span class='ocrx_word' id='word_1_547' title='bbox 557 4908 702 4964; x_wconf 90' lang='lat' dir='ltr'>admodum</span> <span class='ocrx_word' id='word_1_548' title='bbox 718 4909 874 4964; x_wconf 72' lang='lat' dir='ltr'>reverendas</span> <span class='ocrx_word' id='word_1_549' title='bbox 898 4908 1064 4964; x_wconf 87' lang='lat' dir='ltr'>habitudinis</span> <span class='ocrx_word' id='word_1_550' title='bbox 1092 4909 1192 4976; x_wconf 79' lang='lat' dir='ltr'>virum,</span> <span class='ocrx_word' id='word_1_551' title='bbox 1246 4906 1386 4981; x_wconf 89' lang='lat' dir='ltr'>Numquid</span> <span class='ocrx_word' id='word_1_552' title='bbox 1413 4921 1539 4977; x_wconf 86' lang='lat' dir='ltr'>egosum</span> <span class='ocrx_word' id='word_1_553' title='bbox 1567 4905 1706 4975; x_wconf 88' lang='lat' dir='ltr'>pulchrior</span> <span class='ocrx_word' id='word_1_554' title='bbox 1720 4903 1860 4961; x_wconf 71' lang='lat' dir='ltr'>ittaatttt</span> <span class='ocrx_word' id='word_1_555' title='bbox 1875 4903 1969 4959; x_wconf 80' lang='lat' dir='ltr'>vidisti</span> <span class='ocrx_word' id='word_1_556' title='bbox 1991 4912 2047 4959; x_wconf 89' lang='lat' dir='ltr'>tarn</span> 
     </span>
     <span class='ocr_line' id='line_1_71' title="bbox 394 4992 2048 5069; baseline -0.002 -18"><span class='ocrx_word' id='word_1_557' title='bbox 394 4996 542 5067; x_wconf 82' lang='lat' dir='ltr'>pontificali</span> <span class='ocrx_word' id='word_1_558' title='bbox 558 4996 642 5051; x_wconf 86' lang='lat' dir='ltr'>infula</span> <span class='ocrx_word' id='word_1_559' title='bbox 658 4998 823 5063; x_wconf 89' lang='lat' dir='ltr'>decoratum,</span> <span class='ocrx_word' id='word_1_560' title='bbox 840 4997 917 5067; x_wconf 92' lang='lat' dir='ltr'>quasi</span> <span class='ocrx_word' id='word_1_561' title='bbox 929 4998 998 5053; x_wconf 91' lang='lat' dir='ltr'>inter</span> <span class='ocrx_word' id='word_1_562' title='bbox 1012 4997 1117 5053; x_wconf 88' lang='lat' dir='ltr'>medios</span> <span class='ocrx_word' id='word_1_563' title='bbox 1139 5012 1192 5053; x_wconf 92' lang='lat' dir='ltr'>un·</span> <span class='ocrx_word' id='word_1_564' title='bbox 1246 4997 1412 5069; x_wconf 75' lang='lat' dir='ltr'>pulchram?</span> <span class='ocrx_word' id='word_1_565' title='bbox 1434 4994 1484 5049; x_wconf 89' lang='lat' dir='ltr'>Cui</span> <span class='ocrx_word' id='word_1_566' title='bbox 1499 4994 1545 5049; x_wconf 90' lang='lat' dir='ltr'>ille</span> <span class='ocrx_word' id='word_1_567' title='bbox 1557 4992 1726 5063; x_wconf 78' lang='lat' dir='ltr'>stupetactus</span> <span class='ocrx_word' id='word_1_568' title='bbox 1753 4992 1813 5047; x_wconf 86' lang='lat' dir='ltr'>ait:</span> <span class='ocrx_word' id='word_1_569' title='bbox 1845 4993 1960 5048; x_wconf 87' lang='lat' dir='ltr'>Domina</span> <span class='ocrx_word' id='word_1_570' title='bbox 1984 5008 2048 5049; x_wconf 82' lang='lat' dir='ltr'>mea</span> 
     </span>
     <span class='ocr_line' id='line_1_72' title="bbox 395 5080 2049 5153; baseline 0.001 -18"><span class='ocrx_word' id='word_1_571' title='bbox 395 5080 521 5137; x_wconf 89' lang='lat' dir='ltr'>dasnari</span> <span class='ocrx_word' id='word_1_572' title='bbox 536 5082 702 5151; x_wconf 82' lang='lat' dir='ltr'>proximum.</span> <span class='ocrx_word' id='word_1_573' title='bbox 719 5080 770 5151; x_wconf 86' lang='lat' dir='ltr'>Qui</span> <span class='ocrx_word' id='word_1_574' title='bbox 786 5081 1195 5153; x_wconf 79' lang='lat' dir='ltr'>vocansadsealrbatcmfflel·</span> <span class='ocrx_word' id='word_1_575' title='bbox 1246 5085 1414 5151; x_wconf 87' lang='lat' dir='ltr'>dulcissima,</span> <span class='ocrx_word' id='word_1_576' title='bbox 1430 5082 1562 5138; x_wconf 92' lang='lat' dir='ltr'>claritudo</span> <span class='ocrx_word' id='word_1_577' title='bbox 1577 5089 1622 5136; x_wconf 91' lang='lat' dir='ltr'>tua</span> <span class='ocrx_word' id='word_1_578' title='bbox 1637 5097 1750 5136; x_wconf 87' lang='lat' dir='ltr'>omnem</span> <span class='ocrx_word' id='word_1_579' title='bbox 1778 5080 1871 5135; x_wconf 88' lang='lat' dir='ltr'>mundi</span> <span class='ocrx_word' id='word_1_580' title='bbox 1901 5080 2049 5152; x_wconf 88' lang='lat' dir='ltr'>pulchritu-</span> 
     </span>
     <span class='ocr_line' id='line_1_73' title="bbox 393 5168 2049 5241; baseline 0.001 -19"><span class='ocrx_word' id='word_1_581' title='bbox 393 5168 502 5239; x_wconf 82' lang='lat' dir='ltr'>sinum),</span> <span class='ocrx_word' id='word_1_582' title='bbox 519 5168 839 5241; x_wconf 81' lang='lat' dir='ltr'>hisverbiscoepiteum</span> <span class='ocrx_word' id='word_1_583' title='bbox 868 5170 1030 5241; x_wconf 85' lang='lat' dir='ltr'>appellare:</span> <span class='ocrx_word' id='word_1_584' title='bbox 1061 5171 1108 5226; x_wconf 86' lang='lat' dir='ltr'>Vis</span> <span class='ocrx_word' id='word_1_585' title='bbox 1137 5171 1192 5235; x_wconf 79' lang='lat' dir='ltr'>(in-</span> <span class='ocrx_word' id='word_1_586' title='bbox 1246 5173 1338 5228; x_wconf 91' lang='lat' dir='ltr'>dinem</span> <span class='ocrx_word' id='word_1_587' title='bbox 1352 5171 1472 5228; x_wconf 85' lang='lat' dir='ltr'>excellit.</span> <span class='ocrx_word' id='word_1_588' title='bbox 1492 5170 1563 5239; x_wconf 87' lang='lat' dir='ltr'>Quid</span> <span class='ocrx_word' id='word_1_589' title='bbox 1579 5169 1629 5236; x_wconf 89' lang='lat' dir='ltr'>vis,</span> <span class='ocrx_word' id='word_1_590' title='bbox 1645 5169 1765 5235; x_wconf 88' lang='lat' dir='ltr'>domina,</span> <span class='ocrx_word' id='word_1_591' title='bbox 1782 5175 1811 5224; x_wconf 86' lang='lat' dir='ltr'>ut</span> <span class='ocrx_word' id='word_1_592' title='bbox 1834 5168 1970 5225; x_wconf 73' lang='lat' dir='ltr'>faciam?</span> <span class='ocrx_word' id='word_1_593' title='bbox 1999 5170 2049 5224; x_wconf 79' lang='lat' dir='ltr'>nit</span> 
     </span>
     <span class='ocr_line' id='line_1_74' title="bbox 393 5256 2049 5331; baseline 0.002 -20"><span class='ocrx_word' id='word_1_594' title='bbox 393 5256 460 5327; x_wconf 86' lang='lat' dir='ltr'>quit)</span> <span class='ocrx_word' id='word_1_595' title='bbox 485 5256 634 5327; x_wconf 91' lang='lat' dir='ltr'>perieulum</span> <span class='ocrx_word' id='word_1_596' title='bbox 655 5259 737 5311; x_wconf 86' lang='lat' dir='ltr'>maris</span> <span class='ocrx_word' id='word_1_597' title='bbox 764 5258 880 5313; x_wconf 86' lang='lat' dir='ltr'>eradere</span> <span class='ocrx_word' id='word_1_598' title='bbox 907 5260 921 5313; x_wconf 85' lang='lat' dir='ltr'>‘l</span> <span class='ocrx_word' id='word_1_599' title='bbox 950 5258 996 5313; x_wconf 85' lang='lat' dir='ltr'>Vis</span> <span class='ocrx_word' id='word_1_600' title='bbox 1023 5258 1050 5313; x_wconf 90' lang='lat' dir='ltr'>in</span> <span class='ocrx_word' id='word_1_601' title='bbox 1077 5260 1193 5329; x_wconf 89' lang='lat' dir='ltr'>patriam</span> <span class='ocrx_word' id='word_1_602' title='bbox 1246 5261 1292 5316; x_wconf 86' lang='lat' dir='ltr'>illa</span> <span class='ocrx_word' id='word_1_603' title='bbox 1308 5278 1314 5315; x_wconf 75' lang='grc' dir='ltr'>ε</span> <span class='ocrx_word' id='word_1_604' title='bbox 1331 5260 1362 5315; x_wconf 92' lang='lat' dir='ltr'>Si</span> <span class='ocrx_word' id='word_1_605' title='bbox 1377 5274 1503 5331; x_wconf 86' lang='lat' dir='ltr'>sponsam</span> <span class='ocrx_word' id='word_1_606' title='bbox 1519 5258 1667 5324; x_wconf 89' lang='lat' dir='ltr'>carnalem,</span> <span class='ocrx_word' id='word_1_607' title='bbox 1683 5257 1726 5312; x_wconf 90' lang='lat' dir='ltr'>cui</span> <span class='ocrx_word' id='word_1_608' title='bbox 1741 5257 1879 5313; x_wconf 84' lang='lat' dir='ltr'>adhaerere</span> <span class='ocrx_word' id='word_1_609' title='bbox 1895 5257 2049 5327; x_wconf 82' lang='lat' dir='ltr'>vis,amore</span> 
     </span>
     <span class='ocr_line' id='line_1_75' title="bbox 394 5332 2048 5418; baseline 0.001 -19"><span class='ocrx_word' id='word_1_610' title='bbox 394 5352 467 5399; x_wconf 84' lang='lat' dir='ltr'>tuam</span> <span class='ocrx_word' id='word_1_611' title='bbox 482 5360 562 5399; x_wconf 87' lang='lat' dir='ltr'>sanus</span> <span class='ocrx_word' id='word_1_612' title='bbox 577 5344 666 5401; x_wconf 89' lang='lat' dir='ltr'>redire</span> <span class='ocrx_word' id='word_1_613' title='bbox 681 5346 695 5399; x_wconf 84' lang='lat' dir='ltr'>‘l</span> <span class='ocrx_word' id='word_1_614' title='bbox 710 5346 830 5415; x_wconf 87' lang='lat' dir='ltr'>Cumque</span> <span class='ocrx_word' id='word_1_615' title='bbox 844 5362 906 5401; x_wconf 89' lang='lat' dir='ltr'>oum</span> <span class='ocrx_word' id='word_1_616' title='bbox 923 5345 985 5402; x_wconf 85' lang='lat' dir='ltr'>lietu</span> <span class='ocrx_word' id='word_1_617' title='bbox 1001 5346 1030 5401; x_wconf 92' lang='lat' dir='ltr'>id</span> <span class='ocrx_word' id='word_1_618' title='bbox 1040 5354 1095 5403; x_wconf 94' lang='lat' dir='ltr'>toto</span> <span class='ocrx_word' id='word_1_619' title='bbox 1111 5332 1193 5403; x_wconf 83' lang='lat' dir='ltr'>corde</span> <span class='ocrx_word' id='word_1_620' title='bbox 1248 5349 1301 5405; x_wconf 94' lang='lat' dir='ltr'>mei</span> <span class='ocrx_word' id='word_1_621' title='bbox 1316 5348 1459 5414; x_wconf 90' lang='lat' dir='ltr'>dimiseris,</span> <span class='ocrx_word' id='word_1_622' title='bbox 1477 5362 1524 5402; x_wconf 92' lang='lat' dir='ltr'>me</span> <span class='ocrx_word' id='word_1_623' title='bbox 1540 5361 1669 5418; x_wconf 89' lang='lat' dir='ltr'>sponsam</span> <span class='ocrx_word' id='word_1_624' title='bbox 1683 5346 1711 5399; x_wconf 90' lang='lat' dir='ltr'>in</span> <span class='ocrx_word' id='word_1_625' title='bbox 1726 5345 1832 5401; x_wconf 78' lang='lat' dir='ltr'>scelesti</span> <span class='ocrx_word' id='word_1_626' title='bbox 1846 5361 1934 5417; x_wconf 88' lang='lat' dir='ltr'>regno</span> <span class='ocrx_word' id='word_1_627' title='bbox 1959 5345 2048 5401; x_wconf 83' lang='lat' dir='ltr'>lrabe-</span> 
     </span>
     <span class='ocr_line' id='line_1_76' title="bbox 393 5412 2049 5507; baseline 0 -18"><span class='ocrx_word' id='word_1_628' title='bbox 393 5432 547 5489; x_wconf 88' lang='lat' dir='ltr'>dcsiderare</span> <span class='ocrx_word' id='word_1_629' title='bbox 561 5442 587 5487; x_wconf 95' lang='lat' dir='ltr'>et</span> <span class='ocrx_word' id='word_1_630' title='bbox 599 5434 746 5490; x_wconf 90' lang='lat' dir='ltr'>boesolum</span> <span class='ocrx_word' id='word_1_631' title='bbox 763 5434 1116 5507; x_wconf 86' lang='lat' dir='ltr'>exspectarcresponderct,</span> <span class='ocrx_word' id='word_1_632' title='bbox 1129 5412 1234 5491; x_wconf 73' lang='lat' dir='ltr'>tunel)</span> <span class='ocrx_word' id='word_1_633' title='bbox 1250 5439 1306 5501; x_wconf 73' lang='lat' dir='ltr'>bis:</span> <span class='ocrx_word' id='word_1_634' title='bbox 1323 5444 1350 5493; x_wconf 89' lang='lat' dir='ltr'>et</span> <span class='ocrx_word' id='word_1_635' title='bbox 1365 5437 1387 5491; x_wconf 90' lang='lat' dir='ltr'>si</span> <span class='ocrx_word' id='word_1_636' title='bbox 1420 5435 1610 5507; x_wconf 90' lang='lat' dir='ltr'>Conceptionis</span> <span class='ocrx_word' id='word_1_637' title='bbox 1630 5449 1699 5489; x_wconf 80' lang='lat' dir='ltr'>meae</span> <span class='ocrx_word' id='word_1_638' title='bbox 1726 5433 1826 5488; x_wconf 81' lang='lat' dir='ltr'>festum</span> <span class='ocrx_word' id='word_1_639' title='bbox 1853 5434 1994 5490; x_wconf 88' lang='lat' dir='ltr'>annuatim</span> <span class='ocrx_word' id='word_1_640' title='bbox 2023 5451 2049 5492; x_wconf 84' lang='lat' dir='ltr'>rr</span> 
     </span>
     <span class='ocr_line' id='line_1_77' title="bbox 396 5522 2049 5594; baseline 0.001 -17"><span class='ocrx_word' id='word_1_641' title='bbox 396 5522 735 5594; x_wconf 85' lang='lat' dir='ltr'>illo:Scias(inquit)ms</span> <span class='ocrx_word' id='word_1_642' title='bbox 752 5522 980 5579; x_wconf 84' lang='lat' dir='ltr'>adteadomine</span> <span class='ocrx_word' id='word_1_643' title='bbox 1008 5532 1109 5591; x_wconf 85' lang='lat' dir='ltr'>nostra,</span> <span class='ocrx_word' id='word_1_644' title='bbox 1140 5523 1189 5579; x_wconf 89' lang='lat' dir='ltr'>Dei</span> <span class='ocrx_word' id='word_1_645' title='bbox 1248 5527 1312 5582; x_wconf 87' lang='lat' dir='ltr'>Idus</span> <span class='ocrx_word' id='word_1_646' title='bbox 1327 5524 1490 5581; x_wconf 89' lang='lat' dir='ltr'>Decembris</span> <span class='ocrx_word' id='word_1_647' title='bbox 1510 5522 1667 5580; x_wconf 88' lang='lat' dir='ltr'>solemniter</span> <span class='ocrx_word' id='word_1_648' title='bbox 1693 5522 1885 5591; x_wconf 82' lang='lat' dir='ltr'>celebraveris,</span> <span class='ocrx_word' id='word_1_649' title='bbox 1916 5530 1943 5579; x_wconf 89' lang='lat' dir='ltr'>et</span> <span class='ocrx_word' id='word_1_650' title='bbox 1973 5524 2049 5579; x_wconf 89' lang='lat' dir='ltr'>ccle-</span> 
     </span>
    </p>
   </div>
   <div class='ocr_carea' id='block_1_11' title="bbox 394 5611 1194 5951">
    <p class='ocr_par' dir='ltr' id='par_1_13' title="bbox 394 5611 1194 5951">
     <span class='ocr_line' id='line_1_78' title="bbox 396 5611 1194 5685; baseline 0.004 -20"><span class='ocrx_word' id='word_1_651' title='bbox 396 5611 527 5685; x_wconf 84' lang='lat' dir='ltr'>gcnitrice</span> <span class='ocrx_word' id='word_1_652' title='bbox 543 5612 637 5681; x_wconf 83' lang='lat' dir='ltr'>llario,</span> <span class='ocrx_word' id='word_1_653' title='bbox 654 5613 787 5667; x_wconf 87' lang='lat' dir='ltr'>directum</span> <span class='ocrx_word' id='word_1_654' title='bbox 809 5628 878 5677; x_wconf 88' lang='lat' dir='ltr'>esse,</span> <span class='ocrx_word' id='word_1_655' title='bbox 906 5612 940 5667; x_wconf 88' lang='lat' dir='ltr'>ad</span> <span class='ocrx_word' id='word_1_656' title='bbox 969 5628 1049 5683; x_wconf 86' lang='lat' dir='ltr'>quam</span> <span class='ocrx_word' id='word_1_657' title='bbox 1078 5612 1194 5668; x_wconf 87' lang='lat' dir='ltr'>dulciter</span> 
     </span>
     <span class='ocr_line' id='line_1_79' title="bbox 394 5699 1191 5771; baseline -0.001 -16"><span class='ocrx_word' id='word_1_658' title='bbox 394 5699 548 5757; x_wconf 89' lang='lat' dir='ltr'>reclamasti</span> <span class='ocrx_word' id='word_1_659' title='bbox 564 5714 570 5769; x_wconf 93' lang='lat'>;</span> <span class='ocrx_word' id='word_1_660' title='bbox 588 5708 614 5755; x_wconf 88' lang='lat' dir='ltr'>et</span> <span class='ocrx_word' id='word_1_661' title='bbox 628 5700 652 5755; x_wconf 93' lang='lat' dir='ltr'>si</span> <span class='ocrx_word' id='word_1_662' title='bbox 666 5700 746 5756; x_wconf 89' lang='lat' dir='ltr'>dictis</span> <span class='ocrx_word' id='word_1_663' title='bbox 761 5700 826 5755; x_wconf 90' lang='lat' dir='ltr'>meis</span> <span class='ocrx_word' id='word_1_664' title='bbox 851 5699 1040 5771; x_wconf 88' lang='lat' dir='ltr'>obtemperare</span> <span class='ocrx_word' id='word_1_665' title='bbox 1063 5700 1191 5769; x_wconf 85' lang='lat' dir='ltr'>volueris,</span> 
     </span>
     <span class='ocr_line' id='line_1_80' title="bbox 394 5787 1192 5861; baseline -0.001 -16"><span class='ocrx_word' id='word_1_666' title='bbox 394 5806 477 5845; x_wconf 88' lang='lat' dir='ltr'>sanus</span> <span class='ocrx_word' id='word_1_667' title='bbox 492 5804 552 5845; x_wconf 91' lang='lat' dir='ltr'>cum</span> <span class='ocrx_word' id='word_1_668' title='bbox 568 5788 711 5844; x_wconf 90' lang='lat' dir='ltr'>comitibus</span> <span class='ocrx_word' id='word_1_669' title='bbox 726 5788 778 5844; x_wconf 89' lang='lat' dir='ltr'>tuis</span> <span class='ocrx_word' id='word_1_670' title='bbox 793 5787 893 5845; x_wconf 86' lang='lat' dir='ltr'>evades</span> <span class='ocrx_word' id='word_1_671' title='bbox 916 5788 1060 5845; x_wconf 89' lang='lat' dir='ltr'>imminens</span> <span class='ocrx_word' id='word_1_672' title='bbox 1088 5788 1192 5861; x_wconf 91' lang='lat' dir='ltr'>perieu-</span> 
     </span>
     <span class='ocr_line' id='line_1_81' title="bbox 395 5876 1193 5951; baseline -0.003 -15"><span class='ocrx_word' id='word_1_673' title='bbox 395 5878 449 5936; x_wconf 89' lang='lat' dir='ltr'>lum</span> <span class='ocrx_word' id='word_1_674' title='bbox 464 5876 558 5935; x_wconf 87' lang='lat' dir='ltr'>maris.</span> <span class='ocrx_word' id='word_1_675' title='bbox 575 5878 625 5934; x_wconf 88' lang='lat' dir='ltr'>Ille</span> <span class='ocrx_word' id='word_1_676' title='bbox 639 5894 703 5934; x_wconf 87' lang='lat' dir='ltr'>vero</span> <span class='ocrx_word' id='word_1_677' title='bbox 718 5878 791 5935; x_wconf 91' lang='lat' dir='ltr'>illico</span> <span class='ocrx_word' id='word_1_678' title='bbox 806 5878 921 5951; x_wconf 89' lang='lat' dir='ltr'>spondet</span> <span class='ocrx_word' id='word_1_679' title='bbox 935 5894 963 5934; x_wconf 91' lang='lat' dir='ltr'>se</span> <span class='ocrx_word' id='word_1_680' title='bbox 978 5879 1003 5933; x_wconf 91' lang='lat' dir='ltr'>ei</span> <span class='ocrx_word' id='word_1_681' title='bbox 1019 5878 1045 5932; x_wconf 92' lang='lat' dir='ltr'>in</span> <span class='ocrx_word' id='word_1_682' title='bbox 1066 5878 1193 5934; x_wconf 86' lang='lat' dir='ltr'>omnihus</span> 
     </span>
    </p>
   </div>
   <div class='ocr_carea' id='block_1_12' title="bbox 1247 5610 2050 5945">
    <p class='ocr_par' dir='ltr' id='par_1_14' title="bbox 1247 5610 2050 5945">
     <span class='ocr_line' id='line_1_82' title="bbox 1247 5610 2050 5685; baseline -0.002 -16"><span class='ocrx_word' id='word_1_683' title='bbox 1247 5614 1378 5669; x_wconf 90' lang='lat' dir='ltr'>brandum</span> <span class='ocrx_word' id='word_1_684' title='bbox 1393 5610 1597 5685; x_wconf 67' lang='lat' dir='ltr'>praedicaveris,</span> <span class='ocrx_word' id='word_1_685' title='bbox 1610 5626 1714 5666; x_wconf 91' lang='lat' dir='ltr'>mecum</span> <span class='ocrx_word' id='word_1_686' title='bbox 1725 5612 1752 5665; x_wconf 90' lang='lat' dir='ltr'>in</span> <span class='ocrx_word' id='word_1_687' title='bbox 1763 5626 1849 5683; x_wconf 86' lang='lat' dir='ltr'>regno</span> <span class='ocrx_word' id='word_1_688' title='bbox 1860 5610 1921 5665; x_wconf 89' lang='lat' dir='ltr'>Filii</span> <span class='ocrx_word' id='word_1_689' title='bbox 1931 5612 1986 5667; x_wconf 89' lang='lat' dir='ltr'>mci</span> <span class='ocrx_word' id='word_1_690' title='bbox 1995 5612 2050 5667; x_wconf 91' lang='lat' dir='ltr'>lau-</span> 
     </span>
     <span class='ocr_line' id='line_1_83' title="bbox 1247 5698 2050 5771; baseline -0.002 -14"><span class='ocrx_word' id='word_1_691' title='bbox 1247 5712 1336 5758; x_wconf 89' lang='lat' dir='ltr'>reatus</span> <span class='ocrx_word' id='word_1_692' title='bbox 1350 5703 1413 5758; x_wconf 89' lang='lat' dir='ltr'>eris.</span> <span class='ocrx_word' id='word_1_693' title='bbox 1429 5703 1477 5757; x_wconf 88' lang='lat' dir='ltr'>llis</span> <span class='ocrx_word' id='word_1_694' title='bbox 1491 5700 1569 5757; x_wconf 90' lang='lat' dir='ltr'>dietis</span> <span class='ocrx_word' id='word_1_695' title='bbox 1579 5701 1660 5755; x_wconf 88' lang='lat' dir='ltr'>beata</span> <span class='ocrx_word' id='word_1_696' title='bbox 1678 5698 1761 5771; x_wconf 82' lang='lat' dir='ltr'>Virgo</span> <span class='ocrx_word' id='word_1_697' title='bbox 1775 5698 1922 5771; x_wconf 84' lang='lat' dir='ltr'>disparuit;</span> <span class='ocrx_word' id='word_1_698' title='bbox 1935 5700 2050 5755; x_wconf 89' lang='lat' dir='ltr'>clericus</span> 
     </span>
     <span class='ocr_line' id='line_1_84' title="bbox 1247 5788 2048 5860; baseline -0.005 -13"><span class='ocrx_word' id='word_1_699' title='bbox 1247 5807 1311 5849; x_wconf 82' lang='lat' dir='ltr'>vero</span> <span class='ocrx_word' id='word_1_700' title='bbox 1319 5791 1429 5846; x_wconf 91' lang='lat' dir='ltr'>domum</span> <span class='ocrx_word' id='word_1_701' title='bbox 1440 5790 1515 5846; x_wconf 89' lang='lat' dir='ltr'>adire</span> <span class='ocrx_word' id='word_1_702' title='bbox 1524 5789 1623 5857; x_wconf 89' lang='lat' dir='ltr'>renuit,</span> <span class='ocrx_word' id='word_1_703' title='bbox 1631 5795 1659 5844; x_wconf 88' lang='lat' dir='ltr'>et</span> <span class='ocrx_word' id='word_1_704' title='bbox 1668 5788 1771 5860; x_wconf 88' lang='lat' dir='ltr'>absque</span> <span class='ocrx_word' id='word_1_705' title='bbox 1781 5795 1924 5859; x_wconf 89' lang='lat' dir='ltr'>pareutum</span> <span class='ocrx_word' id='word_1_706' title='bbox 1935 5804 2048 5843; x_wconf 90' lang='lat' dir='ltr'>suorum</span> 
     </span>
     <span class='ocr_line' id='line_1_85' title="bbox 1247 5872 2049 5945; baseline -0.009 -12"><span class='ocrx_word' id='word_1_707' title='bbox 1247 5875 1372 5945; x_wconf 87' lang='lat' dir='ltr'>consilio,</span> <span class='ocrx_word' id='word_1_708' title='bbox 1391 5876 1427 5931; x_wconf 90' lang='lat' dir='ltr'>ad</span> <span class='ocrx_word' id='word_1_709' title='bbox 1441 5873 1577 5931; x_wconf 88' lang='lat' dir='ltr'>abbatiam</span> <span class='ocrx_word' id='word_1_710' title='bbox 1593 5872 1738 5945; x_wconf 89' lang='lat' dir='ltr'>quamdam</span> <span class='ocrx_word' id='word_1_711' title='bbox 1754 5878 1832 5929; x_wconf 84' lang='lat' dir='ltr'>extra</span> <span class='ocrx_word' id='word_1_712' title='bbox 1844 5872 1959 5944; x_wconf 78' lang='lat' dir='ltr'>patriam</span> <span class='ocrx_word' id='word_1_713' title='bbox 1974 5872 2049 5928; x_wconf 92' lang='lat' dir='ltr'>illam</span> 
     </span>
    </p>
   </div>
   <div class='ocr_carea' id='block_1_13' title="bbox 0 0 2384 6724">
    <p class='ocr_par' dir='ltr' id='par_1_15' title="bbox 0 0 2384 6724">
     <span class='ocr_line' id='line_1_86' title="bbox 0 0 2384 6724; baseline 0 0"><span class='ocrx_word' id='word_1_714' title='bbox 0 0 2384 6724; x_wconf 95' lang='lat' dir='ltr'> </span> 
     </span>
    </p>
   </div>
  </div>
 </body>
</html>
