4750 6725
412 541 465 597 ιιι
916 523 1075 590 sennaar
1093 523 1375 591 crnrurntnitsrs
1394 523 1557 591 nosram
2011 528 2069 593 tte

406 664 458 737 ipsi
485 662 658 721 advertentes
677 660 706 715 in
726 671 804 732 quas,
820 664 951 729 quantum
962 671 1027 713 auos
1041 672 1132 713 moras
1157 663 1203 711 at·
1216 656 1246 717 A
1257 657 1310 714 Dei
1323 656 1399 731 quod
1413 658 1538 713 monachi
1553 655 1692 715 iaciebant
1702 664 1852 730 presentes
1872 658 1982 731 adase,
1996 674 2066 733 pro-

408 750 527 818 tinebat,
541 750 741 822 cnsangustias
755 743 996 812 veDetdetrudere,
1011 743 1101 800 statim
1114 742 1206 802 verbis
1259 754 1355 818 pterea
1382 746 1456 819 quod
1483 746 1716 818 quemadmodum
1729 746 1782 803 sihi
1798 746 1869 803 ratio
1887 746 1987 804 mentis
2001 764 2064 805 suae

408 842 467 913 ejus
489 840 591 898 aditum
606 837 661 895 suis
681 836 772 894 cordis
788 834 969 904 occluserunt,
984 849 1035 891 nec
1048 848 1081 891 ea
1094 849 1205 890 sensum
1258 834 1378 906 dicebat,
1394 834 1533 893 decentius
1547 844 1574 892 et
1588 836 1646 892 Deo
1676 835 1788 907 dignius
1801 835 1916 893 servitio
1942 835 2066 894 clerico·

408 946 485 987 sunm
499 936 641 1005 penetrare
653 924 710 981 nlla
724 924 828 981 ratione
841 922 914 994 passi
935 930 998 978 sunt
1011 922 1079 994 (tt).
1095 921 1155 991 Qua
1170 922 1206 978 de
1259 940 1318 979 mm
1342 922 1432 979 liebat.
1448 924 1526 981 Unde
1541 931 1568 981 et
1583 924 1740 980 factumest
1757 930 1796 993 ut,
1812 924 1883 981 sicut
1897 923 1987 995 plebis
2001 940 2068 981 mu·

408 1025 558 1090 resumpto
572 1016 677 1071 aPatre
694 1014 844 1080 Dunstano,
873 1009 951 1081 cujus
970 1020 1147 1067 consuevemt
1165 1012 1206 1066 in·
1258 1011 1323 1067 tatio
1334 1012 1370 1068 ab
1382 1026 1436 1069 una
1450 1011 1565 1069 ecclesia
1580 1012 1610 1069 in
1626 1012 1708 1069 aliam
1733 1012 1805 1068 lacta
1818 1020 1870 1082 est,
1884 1012 1922 1069 ita
1935 1010 1965 1069 et'
1976 1012 2068 1083 plebis

405 1109 455 1165 niti
468 1105 612 1181 prudentis
632 1102 759 1169 consilio,
774 1109 909 1156 annuente
932 1100 990 1171 jam
1007 1116 1081 1171 saepe
1103 1116 1206 1156 memo-
1258 1100 1361 1157 oblatio
1376 1108 1478 1157 mutata
1492 1101 1538 1157 sit.
1552 1102 1623 1157 Dum
1636 1101 1723 1173 igitur
1736 1101 1765 1157 in
1779 1114 1813 1159 eo
1841 1100 1915 1175 quod
1928 1100 1969 1157 illi
1997 1118 2066 1172 pcr-

405 1205 468 1253 rato
482 1194 603 1267 glorioso
616 1207 682 1264 rege
696 1188 1021 1263 Edgam,monasterium
1034 1188 1106 1244 inira
1115 1187 1205 1261 ipsam
1258 1188 1326 1244 dunt
1347 1188 1393 1245 isti
1412 1189 1560 1257 lucrantur,
1590 1189 1617 1245 in
1642 1205 1697 1261 quo
1712 1188 1751 1245 illi
1768 1187 1896 1247 deficiunt
1909 1189 1955 1245 isti
1968 1190 2067 1245 multi-

404 1283 495 1342 sedem
511 1280 698 1353 episcopalem
711 1288 871 1336 constmere
885 1278 970 1349 coepit
983 1278 1010 1331 in
1027 1276 1204 1350 quoquibus-
1258 1277 1401 1350 plicantur.
1418 1277 1490 1347 Quid
1506 1293 1598 1335 moror
1607 1278 1621 1331 t
1630 1276 1683 1346 Qui
1694 1278 1784 1349 major
1798 1286 1862 1335 natu
1875 1285 1904 1337 et
1918 1278 2068 1335 honorabi-

404 1388 465 1429 rum
479 1378 689 1429 conversaretur
703 1364 1124 1435 monachossdunaret.litjam
1139 1381 1204 1422 ma·
1258 1366 1310 1421 lior
1328 1367 1398 1423 inter
1425 1366 1542 1423 clericos
1572 1365 1734 1437 habebatur,
1763 1364 1919 1423 wensinus
1941 1366 2065 1435 nomine,

402 1461 491 1518 caries
519 1459 611 1531 operis
637 1458 717 1513 altius
737 1456 828 1512 levata
841 1454 1002 1527 pmlecerat.
1030 1454 1092 1511 Non
1118 1454 1204 1528 longe
1258 1454 1371 1525 abiectis
1379 1455 1557 1511 sacularibus
1572 1454 1691 1525 cunctis,
1705 1471 1735 1511 sc
1748 1456 1777 1511 et
1791 1454 1882 1512 omnia
1898 1470 1947 1511 sua
1974 1455 2067 1511 iactus

402 1565 469 1607 vero
483 1549 520 1605 ab
532 1563 616 1619 opere
629 1562 679 1603 suo
691 1545 802 1617 qnidam
817 1544 887 1615 lapis
909 1544 1028 1617 quadms
1039 1542 1153 1612 jacebat
1167 1543 1203 1599 ad
1257 1545 1406 1600 monachus
1421 1544 1565 1601 monachia
1581 1544 1754 1615 largitusest.
1775 1542 1863 1615 Super
1877 1559 1932 1617 quo
1942 1542 2065 1599 famulus

402 1638 495 1713 operis
522 1636 658 1693 lubricam
685 1633 797 1690 omnino
811 1640 889 1704 aptus
911 1648 944 1687 ac
957 1633 1141 1699 necessarior.
1161 1632 1203 1687 lld
1257 1632 1308 1687 Dei
1323 1631 1391 1689 mire
1405 1632 1513 1689 laetatus
1526 1648 1589 1689 eum
1609 1632 1704 1704 elapso
1725 1632 1801 1690 brevi
1816 1640 1939 1705 tempore
1966 1632 2066 1688 studiis

404 1727 477 1782 hunc
499 1740 550 1797 pro
571 1726 651 1795 jussu
663 1720 800 1794 pontilicis
813 1718 933 1777 suolooo
947 1721 1111 1777 movendum
1125 1727 1152 1776 ot
1174 1719 1203 1775 in
1257 1719 1414 1792 caelestibus
1431 1720 1549 1794 pleniter
1577 1720 1757 1777 erudiendum
1782 1721 1940 1778 Damasiam
1954 1720 2062 1793 dirigit,

402 1822 566 1872 structuram
603 1812 699 1883 templi
739 1810 959 1882 componendum
985 1809 1112 1877 artifices,
1155 1809 1203 1882 qui
1256 1812 1284 1863 et
1310 1808 1444 1866 cruditum
1466 1808 1532 1865 iude
1551 1808 1686 1865 reducens
1709 1808 1835 1865 adunatis
1849 1808 1991 1865 monacbis
1999 1808 2064 1866 wi-

403 1902 526 1961 snfficere
537 1902 665 1959 aestimati
683 1907 755 1967 sunt,
771 1902 957 1956 accersemnt.
975 1900 1010 1953 ht
1023 1899 1086 1955 dum
1113 1897 1201 1969 illum,
1256 1912 1350 1968 gomae
1364 1913 1471 1954 morum
1483 1903 1679 1969 preceptorem
1690 1897 1839 1953 comuruit.
1874 1895 1964 1967 Quem
1988 1898 2064 1953 enim

402 1992 448 2064 qui
462 1990 538 2063 quasi
552 1990 680 2047 radicitus
707 1996 788 2044 terrae
801 1989 925 2055 hereret,
940 1985 1015 2044 nullo
1030 1994 1129 2042 conatu
1154 1986 1198 2042 vel
1212 2008 1240 2069 B
1255 1984 1282 2042 in
1293 1985 1422 2043 clericatu
1435 1985 1513 2057 juxta
1528 2000 1618 2042 morea
1629 1986 1758 2058 antiquos
1777 2000 1889 2056 semper
1904 1992 2062 2042 amatorem

400 2079 618 2137 levitermovers
631 2077 762 2145 ualerent,
777 2076 896 2147 adjuncti
911 2083 975 2131 sunt
996 2075 1035 2131 eis
1049 2074 1133 2131 aliiet
1151 2076 1200 2131 alii
1255 2074 1361 2131 honesti
1386 2075 1500 2141 scielmt,
1529 2076 1600 2131 hunc
1623 2073 1708 2131 nihilo
1737 2074 1826 2131 minus
1852 2074 1880 2131 in
1894 2076 2062 2131 monachatu

400 2170 465 2237 viri,
480 2184 525 2239 qur
539 2167 597 2240 pari
613 2165 694 2222 modo
709 2165 746 2220 ad
760 2165 868 2236 pondus
893 2163 990 2235 lapidis
1002 2163 1073 2219 nihil
1101 2164 1218 2220 virium¹
1254 2162 1387 2219 lentorem
1401 2170 1426 2218 et
1436 2170 1621 2220 exsecutorem
1637 2162 1697 2219 iore
1711 2162 1816 2219 honesti
1833 2178 1882 2235 spe
1895 2170 1973 2219 certa
2003 2163 2059 2219 sihi

400 2256 502 2314 habere
516 2264 579 2313 suut
594 2253 763 2327 deprehensi.
779 2253 883 2325 stupor
896 2253 995 2325 ingens
1009 2260 1123 2324 occupat
1135 2268 1200 2309 om·
1253 2250 1445 2323 promittebat.
1465 2251 1541 2308 Unde
1567 2266 1618 2307 nec
1633 2251 1719 2307 lalsus
1732 2259 1781 2308 est.
1810 2252 1918 2309 Donum
1943 2252 2058 2324 quippe,

399 2331 458 2403 nes.
474 2345 618 2402 hiandatur
630 2343 666 2401 de
681 2342 793 2417 negotio
821 2341 894 2397 Petri
909 2339 1047 2410 Oswuldo,
1075 2341 1122 2414 qui
1136 2350 1201 2399 tunc
1253 2339 1327 2410 quod
1338 2340 1417 2396 Pater
1431 2340 1465 2395 da
1477 2354 1511 2397 eo
1525 2341 1663 2411 sperabat,
1673 2340 1735 2411 ipse
1750 2354 1919 2413 magnopere
1934 2339 1963 2397 in
1977 2340 2060 2396 bouis

400 2434 494 2492 aberat
509 2452 515 2499 ;
532 2442 559 2489 et
585 2440 698 2505 rogator
726 2430 889 2503 quantocius
915 2429 1007 2485 veniat
1027 2403 1201 2487 conudefare
1252 2428 1356 2485 actibus
1383 2428 1582 2485 accumulabat.
1610 2426 1680 2498 Qum
1704 2428 1798 2485 omnia
1821 2428 1987 2487 clemcomm
2003 2444 2060 2486 non

402 2524 530 2596 quidnam
541 2519 655 2579 monstri
669 2535 712 2576 res
726 2519 788 2591 ipsa
801 2516 965 2589 praetendat.
980 2518 1076 2587 lldeat,
1091 2526 1118 2574 et
1129 2518 1200 2574 mul·
1252 2517 1320 2573 nulli
1338 2516 1518 2587 attendentes,
1546 2524 1574 2573 et
1600 2524 1689 2573 mente
1719 2517 1884 2590 compuncti,
1912 2517 2058 2575 condilum

401 2612 543 2670 titudinem
556 2610 628 2668 circa
642 2608 768 2681 predicti
778 2606 880 2677 lapidis
891 2614 996 2662 motum
1016 2622 1093 2664 casso
1107 2606 1201 2663 labore
1252 2612 1346 2663 contm
1360 2606 1446 2663 Deum
1458 2620 1513 2660 non
1525 2620 1584 2661 esse
1599 2604 1799 2677 perpendentes
1813 2606 1906 2678 (Prcr.
1923 2622 1984 2677 ur,
1999 2610 2058 2679 so).

399 2702 543 2759 sudantem
557 2698 690 2771 aspiciens
703 2697 819 2753 miratus
829 2704 878 2753 est.
900 2695 936 2751 Et
946 2696 1082 2762 attonitus,
1112 2704 1199 2763 stans,
1253 2702 1344 2766 spreto
1357 2694 1468 2761 secula
1484 2700 1574 2765 spreta
1589 2694 1663 2751 omni
1678 2710 1783 2767 pompa
1796 2694 1933 2763 emulari,
1944 2695 2018 2769 Jugo
2027 2712 2060 2755 sa

396 2792 542 2861 Deumque
553 2787 661 2843 silentio
684 2786 845 2858 deprecans,
860 2784 967 2857 aspexit
988 2784 1017 2840 in
1045 2783 1138 2857 lapide
1151 2784 1200 2842 illo
1253 2782 1352 2839 Christi
1376 2782 1524 2853 subjiciunt
1553 2790 1580 2837 ct
1607 2782 1678 2839 inter
1692 2784 1851 2853 monachor,
1880 2799 1950 2855 quos
1973 2786 2059 2857 mulo

399 2880 552 2950 AEthiopem
581 2876 728 2948 quemdam
756 2874 853 2930 sedere
893 2880 921 2930 et
947 2872 1075 2931 obscenis
1089 2873 1202 2929 nutibus
1253 2878 1317 2927 ante
1341 2870 1457 2927 nimium
1480 2870 1682 2937 exsecrabatur,
1705 2872 1833 2930 monachi
1850 2870 1925 2929 hunt
1944 2874 2061 2932 Audires

396 2968 556 3025 laborantes
570 2963 767 3021 submonendo
781 2961 915 3019 deridere.
928 2963 1022 3033 ltaque
1035 2962 1076 3017 vir
1090 2963 1200 3019 Domini
1254 2960 1290 3017 ad
1303 2962 1362 3019 hac
1376 2959 1594 3033 quamplurimos
1606 2958 1748 3016 hominum
1775 2960 1909 3033 stupendo
1921 2970 2032 3019 matare
2048 2980 2058 3019 r

399 3056 492 3112 statim
508 3060 603 3111 contm
629 3052 784 3108 demonem
798 3050 907 3123 signum
925 3058 1025 3107 sanctae
1052 3051 1138 3107 crucia
1155 3051 1201 3106 in·
1256 3050 1474 3107 Oocrcmutotic
1488 3048 1599 3105 ἀιωιται
1621 3048 1755 3106 liscclrr'l
1770 3049 1823 3107 hoc
1836 3048 1928 3121 itaque
1942 3052 2027 3110 modo
2040 3071 2060 3112 a

399 3144 488 3212 torsit,
504 3148 533 3199 et
547 3142 625 3196 illam
639 3139 773 3212 canogio
788 3140 912 3195 territum
925 3138 978 3194 sibi
1004 3139 1072 3212 luga
1098 3156 1200 3197 consu-
1252 3136 1333 3195 beato
1348 3138 1426 3195 Petm
1440 3136 1468 3192 in
1482 3136 1596 3194 lintrem
1611 3136 1720 3194 Domini
1749 3136 1901 3197 Salvatom'a
1915 3155 1933 3195 a
1947 3140 2059 3201 clericis

396 3232 455 3290 lere
477 3228 619 3301 compulit.
648 3234 683 3285 ht
707 3226 789 3299 lapis,
815 3242 895 3297 quem
921 3228 1061 3301 octoginta
1075 3227 1127 3285 viri
1136 3237 1199 3285 anm
1251 3226 1280 3282 in
1295 3225 1582 3283 monachostranslata
1597 3224 1728 3282 estsedes
1742 3224 1909 3299 pontificalis
1930 3229 2055 3287 honoris.

397 3336 510 3380 movere
538 3316 698 3390 nequibant,
726 3332 743 3373 u
769 3315 863 3389 paucis
887 3315 1041 3373 hominibus
1068 3316 1197 3375 lacdlime
1286 3315 1336 3372 llis
1350 3315 1387 3371 ita
1401 3328 1463 3372 rese
1478 3312 1655 3382 habentibus,
1666 3314 1797 3386 praetatus
1812 3314 1945 3374 liboracae
1959 3318 2055 3378 civita·

397 3411 490 3469 statim
516 3409 622 3465 levatus
636 3415 687 3476 est,
702 3404 771 3462 etin
784 3420 868 3476 opere
881 3404 1042 3462 collocatus.
1075 3407 1196 3479 Populus
1250 3403 1284 3459 tis
1299 3405 1409 3460 antistes
1420 3403 1483 3460 vitm
1494 3403 1624 3476 praesenti
1639 3403 1787 3468 adimitnr;
1800 3411 1827 3461 et
1840 3405 1935 3478 gravis
1950 3407 2055 3466 exinde

398 3500 444 3573 qni
460 3499 497 3557 ad
511 3495 750 3567 borspectandnm
771 3494 890 3565 undiquc
917 3493 1040 3564 lluxmat,
1065 3496 1196 3553 conside·
1248 3507 1353 3549 moeror
1367 3492 1518 3564 huglomm
1532 3491 1641 3562 populis
1654 3500 1825 3564 procreatur.
1854 3493 1939 3550 Fama
1965 3496 2054 3570 igitur

395 3605 459 3647 rans
470 3587 510 3644 rei
524 3592 608 3660 gestae
621 3592 761 3655 potentem
774 3583 911 3654 virtutem,
925 3582 984 3640 Deo
997 3599 1082 3655 anper
1108 3583 1194 3642 mba-
1248 3581 1337 3638 obitus
1347 3581 1479 3654 ejusagili
1495 3581 1572 3652 lapsu
1584 3580 1739 3637 discurrens
1754 3581 1845 3653 regias
1854 3583 1987 3656 pertingit
2015 3586 2053 3642 ad

398 3677 502 3734 bilibus
515 3675 571 3732 anis
585 3673 734 3730 immensas
751 3672 853 3744 gratias
866 3671 957 3728 retulit
973 3690 980 3736 ;
996 3673 1104 3730 Patrem
1127 3689 1195 3746 qno·
1249 3685 1338 3738 aures,
1364 3685 1416 3726 nec
1441 3668 1514 3726 beati
1528 3669 1662 3724 Durataui
1676 3668 1799 3726 roduam
1813 3670 1924 3743 segnius
1950 3673 2052 3747 attigit.

396 3783 451 3842 que
460 3779 541 3822 suum
553 3773 634 3836 atque
640 3760 798 3834 pontificem
807 3759 906 3817 eximia
913 3760 1192 3832 landeproedicavere,
1248 3757 1348 3816 Volens
1362 3766 1454 3814 autem
1467 3757 1542 3814 idem
1570 3757 1650 3814 Pater
1677 3772 1729 3828 pro
1745 3773 1794 3814 suo
1825 3758 1914 3818 oliicio
1931 3760 2054 3820 viduatae

395 3853 583 3926 intelligentes
612 3851 749 3908 veraciter
762 3865 820 3905 asse
833 3849 955 3906 amicum
968 3850 1029 3920 Dei,
1054 3848 1088 3905 ad
1115 3851 1194 3922 cujus
1247 3847 1376 3905 Ecclesia
1390 3845 1613 3916 consultumire,
1629 3861 1725 3919 regam
1740 3845 1808 3918 petit
1823 3865 1831 3915 ;
1847 3855 1874 3904 et
1887 3847 2051 3922 eonsilium,

395 3952 493 4002 nutum
503 3951 558 3996 tam
577 3939 656 3995 inerti
669 3952 774 4010 pavore
792 3953 935 4010 percusos
961 3946 1082 3995 tremens
1095 3939 1193 4011 dispa—
1247 3936 1319 4008 quod
1334 3935 1468 3992 salubrius
1482 3934 1534 3991 sihi
1550 3934 1587 3991 ds
1614 3934 1801 3992 substituendo
1815 3943 1927 4007 pastore
1948 3952 2051 3996 occar-

392 4033 448 4090 ruit
462 4027 637 4087 adversarios
651 4026 712 4082 Dei.
1246 4025 1292 4095 rit,
1307 4024 1365 4097 regi
1379 4024 1517 4097 proponit.
1534 4022 1668 4080 Praedicat
1681 4022 1845 4096 dignitatem
1871 4027 2052 4084 venerabiliis

429 4118 582 4175 Perfectum
604 4113 749 4172 ecclesiam
774 4113 835 4186 ipse
862 4113 893 4170 in
919 4116 1024 4172 honore
1051 4123 1151 4172 sanctae
1165 4123 1193 4172 et
1245 4113 1297 4171 viri
1312 4113 1443 4180 oswaldi,
1458 4127 1513 4187 quo
1523 4111 1652 4170 videlicet
1665 4119 1822 4184 quantoque
1829 4122 1942 4184 parente
1951 4115 2052 4172 nobili·

394 4214 536 4281 perpetue
565 4203 688 4276 Virginis
700 4203 752 4258 Dei
773 4202 913 4275 genitricis
926 4203 1020 4260 Marias
1045 4203 1190 4273 dedicavit,
1246 4210 1388 4273 tatus,qua
1398 4200 1533 4275 religione
1547 4217 1563 4256 a
1575 4215 1662 4272 puem
1678 4200 1824 4272 institutus,
1850 4201 1948 4275 quibus
1960 4204 2049 4262 virtu-

390 4298 500 4368 ibiqoe,
516 4302 546 4349 ut
559 4299 753 4365 proposuerat,
768 4292 917 4349 monachos
927 4291 956 4346 in
967 4300 1059 4350 sanem
1072 4307 1192 4350 conver·
1247 4299 1303 4348 tum
1318 4289 1510 4364 prerogativis
1523 4289 1607 4347 inerit
1621 4288 1771 4362 insignitus.
1787 4288 1876 4362 Super
1887 4291 1947 4349 bne
1965 4309 2050 4364 quam

390 4385 496 4444 mtione
511 4381 618 4440 Christo
642 4379 794 4438 servituros
807 4382 995 4454 congregavit.
1017 4381 1113 4439 Clerici
1123 4397 1191 4454 ergo
1245 4387 1356 4437 strenue
1376 4378 1534 4438 cathedram
1553 4375 1752 4450 pontificalem,
1767 4378 1811 4436 cui
1824 4394 1857 4437 eo
1872 4395 1960 4454 usque
1970 4397 2048 4453 prse-

389 4477 420 4533 in
434 4473 503 4532 seda
517 4468 675 4544 episcopali.
692 4485 754 4540 qua
767 4468 819 4524 sub
832 4469 942 4525 nomino
956 4469 1067 4542 gloriosi
1082 4477 1190 4543 aposto
1244 4469 1360 4540 ridebat,
1372 4466 1540 4542 gubernarit,
1556 4466 1684 4524 edisserit
1698 4484 1705 4531 ;
1722 4481 1755 4524 ac
1781 4483 1832 4538 par
1845 4467 1899 4526 hoc
1912 4485 1967 4541 qno
1984 4472 2049 4542 jure

390 4565 480 4622 lorum
493 4559 623 4633 principis
636 4558 707 4615 Petri
722 4557 834 4614 lundata
847 4557 993 4630 antiquitus
1007 4558 1105 4628 luerat,
1120 4575 1190 4616 cun·
1243 4557 1340 4614 merito
1355 4557 1454 4614 debeat
1464 4555 1609 4612 celsiorem
1621 4555 1780 4626 asoendere,
1795 4555 1902 4627 pandit,
1936 4559 2046 4630 probat,

389 4649 546 4719 veniebant,
561 4657 589 4704 et
602 4647 730 4704 monachi
750 4647 780 4702 in
793 4660 866 4703 nora
880 4646 993 4703 eculeus
1007 4646 1058 4702 sub
1068 4646 1189 4719 petroci·
1244 4645 1347 4702 asserit.
1361 4643 1475 4702 Placent
1488 4643 1549 4718 regi
1562 4657 1624 4717 que
1639 4643 1776 4714 feruntur,
1792 4645 2047 4718 quodqueDnnsts·

388 4742 436 4798 nio
463 4744 565 4796 sancta
596 4735 689 4793 hirris)
715 4750 770 4790 una
796 4733 944 4808 degebant.
972 4736 1006 4790 ht
1020 4734 1099 4805 plebs
1117 4750 1189 4794 nunc
1204 4709 1230 4774 D
1243 4749 1295 4792 nus
1309 4735 1344 4790 de
1358 4733 1487 4792 Osrvaldo
1498 4731 1684 4796 llsrilaurlst;
1701 4731 2046 4792 velitrolumruodorlams

387 4829 468 4886 bum
481 4841 555 4883 nunc
568 4825 643 4881 illam
657 4822 801 4880 ecclesiam
815 4822 935 4879 vicissim
963 4822 1122 4896 aliquandiu
1136 4823 1188 4882 ire
1242 4833 1268 4882 et
1281 4822 1399 4898 populus
1408 4820 1592 4879 Eboracansis
1609 4837 1617 4885 3
1632 4821 1701 4891 vult,
1725 4822 1832 4890 suadet,
1848 4829 1952 4893 oratur,
1965 4823 2047 4897 jubet

389 4916 546 4996 quentabat,
573 4913 624 4972 sed
638 4920 702 4984 post
715 4910 775 4968 dies
789 4910 955 4968 admirantes
969 4918 997 4967 et
1024 4911 1186 4970 admirando
1241 4919 1271 4968 ut
1298 4911 1353 4968 liat.
1382 4911 1505 4984 Rogatur
1527 4909 1652 4966 voluntas
1664 4909 1785 4980 illorum,
1800 4914 1828 4968 ct
1842 4926 1910 4970 voce
1922 4927 2045 4972 consona

387 5013 551 5066 venerantes
565 5002 763 5060 monachorum
777 4999 991 5073 religiositatem,
1000 4999 1129 5073 paulatim
1156 5017 1187 5060 se
1241 5000 1321 5056 simul
1335 5014 1432 5057 omnes
1459 4998 1629 5070 respondent
1652 5015 1737 5056 unum
1752 4997 1824 5059 velle
1837 5015 1879 5070 ae,
1894 4999 1971 5058 illurn
1984 5017 2045 5073 pras

386 5095 553 5154 clericomm
566 5089 685 5164 collegio
699 5089 1004 5162 coeperuntabsentarc,
1032 5097 1059 5147 et
1073 5089 1186 5148 servitio
1241 5088 1351 5148 caeteris
1378 5086 1433 5146 sibi
1455 5087 1560 5160 praetici
1572 5095 1748 5161 concrepent,
1760 5095 1788 5146 et
1814 5087 1843 5146 id
1860 5095 1941 5162 mpta
1966 5091 2044 5150 omni

424 5219 482 5288 (ιιι)
492 5217 526 5274 lrr
534 5213 716 5296 temperetur
723 5213 851 5270 Ecclesia
860 5212 1007 5284 Wigorrrr'oe
1019 5213 1189 5284 jactavere·
1245 5213 1388 5270 Osvvaldus
1413 5211 1553 5269 canonicis
1567 5211 1744 5270 secularibus
1771 5210 1870 5270 e‘ectis
1889 5213 2043 5272 monachos

385 5283 1192 5365 rumimtitatrorrcmproruonnchr'rcnnoulcorroecalnrcr
1244 5282 1366 5342 ecclesiia
1381 5281 1582 5340 cathedralibus
1608 5283 1767 5340 introduxit.
1783 5229 1967 5356 bnamobrem
1993 5286 2042 5343 lex

388 5359 516 5427 babebat,
546 5357 637 5428 inquit
671 5355 824 5411 monachus
852 5354 1048 5425 Damesrensrs,
1064 5370 1127 5426 cap.
1159 5358 1188 5412 l.
1244 5354 1278 5411 de
1292 5353 1435 5426 ejiciendis
1451 5354 1557 5412 clericis
1569 5354 1689 5412 uxoratis
1702 5355 1850 5428 antiquitus
1875 5364 1972 5414 vocata
1997 5365 2042 5415 est

388 5431 503 5500 Eadem,
519 5443 599 5500 quam
614 5425 701 5483 reicrt
714 5425 875 5494 Emmaus,
892 5432 949 5481 arte
970 5423 1117 5482 canonicos
1128 5424 1188 5482 loco
1243 5425 1472 5484 Danaides-turo.
1489 5425 1601 5482 Factum
1614 5425 1643 5481 id
1658 5426 1694 5482 ab
1709 5425 1839 5484 Osvraldo
1863 5425 1892 5482 in
1912 5427 2041 5484 Ecclesia

386 5495 1189 5632 tlthth.lttrll.ltlltltlts.littleh
1241 5495 2040 5642 lhttttlttalhlshlttttstthlet

384 5644 536 5703 monachus
575 5637 766 5697 Ramesieosis.
795 5637 874 5695 Certe
900 5637 1020 5696 Oswaldi
1047 5638 1187 5696 molimina
1240 5638 1341 5697 lectum
1355 5639 1438 5696 addit.
1453 5637 1516 5696 Non
1532 5636 1601 5695 alius
1623 5639 1677 5695 isa
1691 5637 2039 5712 Wensimopmximams-

383 5717 570 5789 Edgamsrex
583 5709 742 5769 anemalata
764 5724 934 5767 soasummo
970 5724 1000 5766 re
1026 5707 1095 5767 iovit
1109 5728 1116 5766 :
1132 5726 1187 5782 qua
1241 5719 1347 5769 morato
1374 5709 1434 5768 luit.
1462 5709 1597 5766 liumdem
1627 5709 1745 5784 priorem
1782 5717 1865 5768 vocat
1899 5711 2038 5772 monachu

384 5787 420 5845 de
434 5803 466 5845 ra
480 5794 572 5844 exsut
584 5779 711 5855 ejusdem
725 5781 829 5851 chuta,
850 5779 929 5838 conci
943 5822 949 5837 .
964 5779 1046 5852 angl.
1066 5787 1133 5838 tom.
1158 5785 1185 5852 t,
1238 5780 1444 5846 Demesiensis;
1461 5780 1648 5856 prepositum,
1663 5777 1766 5854 lidgari
1776 5781 1881 5840 mnu.

383 5874 419 5930 p.
445 5857 510 5934 432,
534 5864 563 5918 st
584 5853 675 5916 oratio
700 5851 781 5925 ibid,
805 5868 837 5924 p.
863 5851 928 5910 tro.
951 5851 1184 5912 Primusornnium
