4750 6725
404 583 454 642 tas
919 555 1074 618 srtnttstt
1089 557 1363 620 samosatensis
1376 560 1535 620 nonaum
2006 562 2064 626 tat

397 707 481 785 priori
495 714 522 763 et
536 701 662 760 fratribus
675 694 792 762 tradidit,
808 691 922 748 dicens:
949 712 960 738 ι
987 689 1073 754 Hanc,
1099 686 1194 744 fratrea
1206 688 1235 751 Α
1249 685 1368 742 decanus
1381 687 1511 744 Ecclesiae
1535 688 1748 758 Cantuariensis,
1777 696 1816 758 at,
1831 690 1898 747 item
1915 692 1995 763 juxta
2013 694 2063 748 in-

402 809 429 858 et
444 795 547 856 domini
561 791 624 859 mei,
643 790 672 844 in
694 781 875 840 testimoninm
900 778 1067 834 auctoritatis
1099 785 1200 832 reattae
1252 774 1418 832 stitutionem
1431 777 1504 832 beati
1518 778 1644 850 Gregorii
1668 778 1821 851 duplorum
1845 781 1972 852 apostoli,
1998 791 2064 840 tune

402 886 529 946 Ecclesia
550 877 691 949 suscipite,
707 883 733 928 et
747 873 834 944 ipsam
848 868 928 926 tobia
957 867 1058 924 factam
1086 864 1113 920 itt
1138 880 1200 920 me·
1252 862 1329 934 prior
1342 863 1453 920 alterius
1466 866 1579 935 exstitit,
1596 867 1660 938 quia
1673 868 1749 938 prius
1771 883 1805 923 eo
1833 867 1924 924 fuerat
1953 870 2065 926 ordina·

403 977 517 1034 moriam
531 965 694 1042 posteritatis
709 970 855 1018 servatas
880 956 984 1013 Deinde
1012 972 1029 1011 a
1055 953 1201 1023 liudulpho
1254 959 1305 1005 tus.
1323 953 1405 1022 Cujus
1425 953 1553 1010 nimirum
1580 955 1720 1024 prioratus
1743 955 1833 1029 gratia
1855 972 1886 1011 se
1904 957 1956 1012 sub
1985 965 2064 1014 aaut,

402 1059 562 1123 cicestrensi
588 1055 714 1127 episcopo
738 1049 839 1104 dictum
868 1047 895 1100 in
918 1044 1019 1117 populo
1046 1051 1086 1098 est
1113 1041 1200 1113 ipsam
1253 1039 1434 1110 festinatione,
1450 1050 1573 1113 utsupra
1587 1043 1716 1110 diximus,
1730 1044 1879 1100 licetalind
1905 1045 1934 1099 in
1959 1047 2065 1118 populo

402 1147 635 1211 consecrationem
655 1157 688 1197 ex
712 1147 786 1196 recto
814 1144 840 1190 et
868 1133 981 1204 antiqua
1005 1129 1201 1188 consuetudine
1254 1129 1457 1199 prediceretur,
1473 1131 1501 1185 in
1514 1130 1700 1201 pontificatum
1710 1133 1831 1188 ordinari
1843 1149 1958 1205 gamus,
1975 1151 2064 1206 exp,-

402 1223 941 1298 deberefieriCnoiuariaa.EtadJecii:
969 1243 980 1269 ι
1013 1221 1111 1276 Verum
1139 1219 1201 1288 quia
1254 1218 1304 1286 tiit,
1327 1219 1557 1289 quemadmodum
1583 1221 1664 1276 nobis
1692 1221 1781 1276 testati
1812 1230 1876 1276 aaut
1904 1223 1951 1296 qui
1979 1225 2066 1279 enimi

400 1333 460 1402 ipsa
474 1325 580 1390 civitas,
596 1319 723 1376 defuncto
739 1317 819 1371 Patre
844 1319 938 1368 nostro
966 1309 1104 1376 doselmo,
1130 1323 1202 1362 nunc
1254 1308 1313 1377 ejas
1326 1307 1429 1377 absque
1443 1308 1527 1364 dubio
1541 1318 1645 1364 secreta
1659 1317 1800 1380 novemnt,
1818 1318 1846 1366 et
1859 1311 1980 1381 ipsemet
1990 1328 2007 1368 a
2017 1329 2064 1368 me

401 1417 510 1490 quidem
526 1409 652 1485 pontifice
663 1413 744 1473 caret,
760 1403 845 1460 uisum
862 1400 921 1473 regi
940 1400 1105 1468 sacratisque
1124 1396 1201 1452 ordi·
1254 1405 1442 1467 percunctatus
1471 1396 1597 1452 familiari
1622 1397 1706 1453 affatu
1734 1399 1913 1455 asseveravit.
1948 1401 2005 1457 Sed
2030 1403 2066 1458 <te

397 1499 563 1576 nibusrcqni
578 1505 712 1566 astatque
726 1491 905 1565 principibus,
922 1505 982 1544 eam
998 1488 1043 1542 hic
1057 1495 1138 1557 atqua
1166 1484 1202 1540 ab
1255 1485 1375 1542 sessione
1389 1485 1499 1556 prandii
1512 1487 1614 1558 regalis
1629 1494 1692 1542 tunc
1706 1488 1779 1543 inter
1792 1488 1951 1560 episcopos,
1963 1507 2009 1547 res
2026 1491 2066 1548 ita

398 1597 478 1664 buius
492 1591 565 1647 sedis
579 1587 708 1657 episcopo
719 1597 775 1654 prae
789 1579 851 1636 aliis
864 1577 1036 1649 potissimum
1056 1574 1201 1630 celebran-
1255 1574 1385 1629 remansit
1397 1575 1601 1631 determinanda
1612 1576 1717 1646 judicio
1728 1577 1810 1631 futuri
1824 1578 1965 1647 pontilicis
1985 1580 2065 1635 Can.

401 1686 475 1750 dam,
490 1695 523 1737 eo
538 1676 646 1744 intuitu,
663 1688 696 1728 ea
723 1670 826 1725 ratione
854 1665 927 1740 quod
956 1665 1100 1738 episcopus
1127 1663 1202 1718 Lun-
1256 1662 1413 1717 tuariorum.

400 1769 539 1828 deniensis
554 1766 624 1820 iuter
634 1761 704 1818 alios
715 1758 859 1830 episcopos
873 1763 915 1812 est
928 1754 1049 1811 decanus
1072 1751 1202 1807 Ecclesiae
1291 1751 1343 1808 Per
1364 1751 1392 1808 id
1416 1753 1555 1824 temporis,
1585 1760 1645 1810 acta
1673 1762 1713 1810 est
1736 1767 1817 1810 cansa
1841 1757 2065 1828 presbyterorum

401 1853 615 1921 cantuariensis,
632 1859 658 1908 et
672 1850 734 1905 idco
742 1841 855 1920 speciali
868 1843 986 1916 quadam
1000 1841 1132 1915 dignitate
1146 1855 1203 1896 ete-
1254 1840 1373 1912 angliae,
1389 1840 1540 1899 districtius
1550 1856 1632 1914 quam
1647 1851 1770 1914 tempore
1799 1844 1885 1900 Patris
1913 1846 2035 1902 tissimi
2052 1868 2059 1913 ;

402 1948 467 2006 teris
490 1939 703 2016 anteponendus.
736 1960 747 1986 a
773 1936 813 1990 lta
842 1949 910 2004 ergo
951 1931 979 1987 in
1016 1931 1202 2002 episcopatum
1255 1930 1429 1986 ttcoosortio
1457 1931 1599 1986 mulierum
1626 1932 1736 1987 coerciti
1760 1941 1831 1988 sunt.
1860 1932 2064 2005 Quampturimq

400 2038 604 2096 libotacensem
618 2029 740 2085 Thomas
754 2029 926 2081 consecratus
940 2029 991 2089 est,
1007 2019 1158 2090 suscipiens
1182 2033 1199 2073 a
1212 2045 1239 2107 B
1255 2017 1506 2090 namqueiliorom‚
1526 2035 1559 2075 es
1574 2019 1752 2076 obituPatris
1767 2021 1889 2078 anselmi
1918 2039 1974 2078 non
2002 2041 2067 2081 mo·

400 2125 523 2183 ministro
547 2119 619 2192 quod
648 2114 785 2185 suscipere
811 2111 971 2168 detrectarit
1003 2125 1019 2165 a
1058 2107 1200 2181 magistro¹
1256 2107 1348 2162 dicum
1363 2107 1518 2177 exhilarati,
1544 2110 1726 2180 promiserant
1753 2110 1814 2178 sibi,
1844 2127 1877 2167 eo
1907 2113 1943 2167 de
1972 2114 2065 2169 medio

399 2217 470 2272 Dum
485 2227 552 2284 erqo
568 2203 771 2278 vitta'praescnti
787 2200 921 2274 superfuit
934 2199 984 2269 (a),
997 2197 1137 2270 poenitudo
1148 2196 1202 2249 bu·
1256 2195 1376 2263 sublato,
1392 2195 1495 2252 licitum
1511 2197 1569 2253 fore
1579 2199 1661 2269 qnod,
1674 2199 1734 2269 ipso
1749 2199 1906 2270 superstite,
1927 2199 1981 2256 sibi
2010 2201 2068 2256 illi-

396 2306 441 2377 jus
457 2301 520 2358 facti
537 2299 571 2355 ab
585 2294 744 2362 animosius
761 2307 816 2348 non
845 2289 965 2355 recessit,
995 2303 1024 2342 sc
1053 2285 1200 2351 infelicem,
1256 2294 1313 2340 tum
1323 2285 1406 2341 fuisse
1417 2286 1591 2342 condoluere.
1612 2286 1667 2343 Sed
1681 2287 1709 2341 in
1722 2287 1889 2343 contrarium
1914 2305 1960 2344 res
1988 2291 2067 2360 lapsa

400 2409 451 2449 nec
463 2389 531 2447 tanti
546 2385 631 2443 Patris
647 2379 836 2440 benedictione
850 2379 964 2452 dignum
980 2376 1062 2431 fnisse
1078 2389 1201 2446 pronun·
1256 2384 1304 2431 est.
1321 2375 1379 2430 liert
1391 2376 1463 2430 enim
1482 2375 1527 2446 qni
1538 2375 1600 2446 pius
1614 2376 1673 2431 Deo
1687 2377 1808 2432 amuitis
1819 2378 1978 2447 timebatur,
2015 2397 2067 2434 sua

401 2481 481 2538 tians.
1257 2465 1319 2537 iege
1333 2480 1381 2521 cos
1394 2464 1555 2520 constrinxit
1566 2472 1709 2534 qnatenus,
1725 2463 1830 2521 uellent
1856 2466 1972 2535 nollent,
1994 2483 2066 2523 eon.

445 2567 551 2639 Quibus
574 2561 699 2637 peractis,
737 2557 866 2630 prefatus
902 2554 1032 2612 Ecclesia
1072 2554 1204 2609 Romanae
1256 2553 1313 2609 ciiii
1336 2552 1532 2609 lundoniensis
1554 2553 1640 2624 (quoti
1662 2569 1747 2624 supra
1774 2554 1939 2625 scutimus)
1965 2555 2067 2612 saltem

400 2656 555 2722 cardinalis,
585 2653 676 2709 andito
700 2665 764 2722 rege
801 2645 936 2718 curiaque
964 2645 1039 2715 regis
1081 2642 1202 2708 consilio,
1256 2643 1345 2698 oculis
1359 2640 1604 2698 bominumfierent
1624 2651 1805 2699 exsecutores.
1821 2646 1856 2697 rit
1874 2644 1898 2699 ai
1926 2644 1982 2714 ipsi
2004 2662 2068 2716 pre.

398 2747 510 2822 pallium
531 2739 757 2818 quoddetulerat,
778 2735 930 2792 Eboracum
956 2732 1061 2802 detulit,
1091 2732 1205 2802 ipsoque
1256 2731 1356 2802 sbyteri
1371 2730 1489 2786 deterius
1516 2745 1611 2802 agere,
1641 2730 1719 2801 quasi
1739 2731 1767 2786 in
1797 2731 2002 2789 damnationem
2037 2746 2066 2791 et

399 2834 556 2909 pontificem
571 2833 634 2904 ejus
647 2825 793 2894 investivit,
817 2825 908 2897 sicque
937 2823 1051 2880 Romam
1072 2819 1205 2876 redeundi
1259 2820 1453 2877 contumeliam
1474 2819 1596 2875 anselmi
1608 2835 1659 2891 pro
1687 2821 1741 2876 boc
1768 2820 1988 2893 elaboraverunt,
2010 2821 2069 2893 ipsi

402 2927 452 2982 iifl
466 2923 580 2995 filiiflii·
1256 2908 1389 2965 uiderint.
1404 2908 1480 2964 Onus
1489 2923 1569 2963 auum
1580 2907 1698 2978 quisque
1713 2908 1842 2980 portabit.
1868 2909 1934 2965 Seio
1964 2911 2068 2984 quippe

435 3016 507 3069 lnter
522 3013 581 3067 baee
595 3009 717 3065 lietveus
727 3004 871 3074 episcopus
885 2998 1099 3074 Paoqornensis,
1127 2998 1204 3069 cujus
1257 2998 1386 3071 quoniam
1396 2997 1418 3053 si
1424 2997 1600 3053 fornicatores
1614 3003 1640 3052 et
1653 2997 1792 3054 adulteros
1805 2997 1942 3069 judicabit
1967 3000 2068 3055 Domi-

401 3117 482 3174 supra
496 3097 679 3164 meminimus,
696 3093 731 3149 ab
745 3091 866 3148 Ecclesia
876 3105 935 3158 sua,
948 3103 1029 3160 quam
1044 3087 1110 3145 olim
1125 3086 1203 3140 dimi·
1257 3104 1319 3158 nus,
1334 3085 1608 3159 consanguineamm,
1632 3101 1668 3142 tte
1689 3085 1779 3142 dicam
1799 3101 1926 3143 sororum
1955 3089 2001 3145 sei
2029 3089 2067 3143 fi-

400 3199 481 3256 serat,
506 3187 613 3260 penitus
635 3181 778 3239 translatus
808 3188 858 3249 est,
883 3185 909 3234 et
940 3192 1012 3233 novo
1034 3175 1203 3247 episcopatu,
1255 3175 1355 3233 iiarnm
1370 3181 1549 3247 stupratores,
1565 3190 1620 3230 non
1635 3173 1764 3248 effugient
1775 3175 1908 3247 judicium
1922 3176 1991 3246 ejus.
2007 3179 2067 3235 Nec

409 3294 489 3351 quem
504 3291 553 3333 rex
564 3282 591 3332 et
605 3273 747 3346 principes
760 3268 862 3324 dudum
889 3267 916 3322 in
944 3265 1004 3322 lleli
1019 3262 1203 3332 statuendum,
1258 3265 1331 3338 quod
1345 3264 1546 3322 eocainaelmua
1561 3263 1595 3319 ab
1609 3263 1709 3318 illicitis
1719 3263 1903 3335 amplexibus,
1917 3264 2061 3336 proitibutr

413 3376 476 3423 utta
492 3362 653 3421 mentionem
668 3359 732 3416 inde
747 3355 873 3429 superius
888 3353 999 3423 factam,
1023 3353 1203 3409 decreverant
1217 3401 1243 3466 G
1257 3355 1311 3411 ulls
1324 3370 1437 3411 suarum
1452 3353 1624 3426 iniquitatum
1645 3353 1787 3410 excusatio
1814 3353 1875 3421 erit,
1905 3355 1954 3410 sed
1978 3355 2065 3410 nimi-

401 3454 609 3513 intbronizatus.
626 3448 705 3521 Quod
720 3447 834 3519 quidem
858 3452 887 3501 ut
901 3442 1014 3516 adipisci
1043 3449 1201 3509 mereretur,
1258 3461 1318 3500 rum
1329 3444 1519 3515 unusquisque
1533 3442 1656 3515 recipiet,
1673 3446 1753 3515 prout
1767 3444 1862 3515 gessit.
1874 3442 1955 3512 Quod
1969 3445 1993 3500 si
2009 3446 2067 3499 ali-

398 3546 482 3601 multa
496 3558 588 3615 prece,
604 3535 852 3597 multismultarum
866 3548 955 3589 rerum
965 3530 1202 3603 promissionibus,
1260 3533 1429 3605 quisdixarit
1455 3531 1614 3588 anselmum
1641 3532 1738 3588 melius
1766 3530 1872 3602 fecisse,
1902 3533 1924 3587 si
1946 3536 2066 3591 tacendo

397 3634 544 3692 multorum
572 3644 682 3704 quoque
711 3624 862 3682 ofliciomm
890 3620 1111 3687 exhibitionibus,
1156 3619 1204 3674 rix
1259 3622 1487 3693 totemmt‚q1,0d
1519 3620 1685 3691 pmffibqum
1708 3621 1735 3675 i„
1763 3620 1840 3693 pejus
1866 3621 2067 3691 pullulammm

400 3732 462 3799 post
473 3723 578 3780 obitum
589 3713 769 3776 strenuissimi
783 3712 868 3770 Patris
882 3710 1001 3767 anselmi
1017 3708 1141 3765 obtinere
1155 3724 1204 3780 po·
1257 3712 1374 3769 fortasse
1401 3711 1573 3782 procederet,
1604 3710 1695 3767 dicere
1719 3710 1817 3783 poterit
1844 3708 1957 3766 divitem
1986 3711 2066 3768 ,qum

401 3817 437 3872 ²¹⁸
451 3814 510 3870 fuit.
1257 3800 1445 3874 evangelicum
1460 3799 1504 3870 qui
1519 3800 1554 3855 ati
1568 3814 1675 3855 cinnam
1690 3814 1770 3870 quam
1795 3800 1962 3870 praeparavit
1989 3802 2066 3857 mut.

437 3904 500 3973 ¹P⁵⁰
514 3913 587 3957 ⁸⁰⁰⁰
602 3894 730 3967 filiiflii
749 3890 836 3961 stella,
852 3896 1077 3962 l⁰²m⁰⁰ffl⁰¹im
1102 3901 1202 3959 (iutim-
1258 3898 1299 3947 toa
1314 3890 1429 3959 vocarit,
1444 3904 1552 3945 sertum
1571 3904 1651 3944 sunm
1666 3904 1722 3944 non
1745 3888 1871 3944 debuisse
1895 3888 1930 3943 ad
1954 3904 2061 3948 conso.

398 3989 511 4067 plurimi
526 3985 712 4043 nominabant.
728 3980 790 4037 Visa
805 3982 846 4035 esi
861 3982 952 4033 aulem
967 3978 994 4032 itt
1024 3990 1116 4030 mense
1144 3976 1203 4031 lle·
1256 3978 1374 4037 candum
1386 3978 1513 4034 invitatos
1527 3976 1672 4045 destinare,
1689 3992 1723 4033 eo
1742 3977 1816 4050 quod
1838 3978 1954 4050 contigit
1980 3979 2065 4035 simul

399 4078 503 4137 cembri
519 4076 591 4133 circa
606 4073 723 4129 lacteum
738 4068 878 4135 circulum,
895 4066 995 4121 crinem
1007 4064 1034 4119 in
1054 4064 1201 4120 australem
1255 4085 1289 4126 ne
1305 4067 1429 4124 venerem
1444 4081 1689 4124 0,1„„„e„0„s„,0¹
1711 4066 1829 4123 manc
1859 4066 1947 4139 imm
1971 4068 2065 4124 Em·

398 4166 461 4225 ΜΠ
470 4165 590 4239 diffidens
605 4162 724 4235 plagam,
1256 4158 1321 4232 getii
1335 4156 1488 4227 lectionem,
1506 4156 1599 4211 tamin
1613 4156 1818 4211 consecratione
1832 4156 1920 4227 ipsius
1938 4158 2064 4213 Ausetani

434 4255 464 4313 lu
478 4250 654 4325 subsequenti
667 4246 812 4305 Nativittte
826 4244 938 4301 Domini
953 4241 1062 4311 cinisii,
1085 4258 1200 4316 ragnum
1255 4264 1337 4319 super
1349 4262 1411 4303 eum
1426 4253 1561 4317 repertam
1580 4260 1662 4317 quam
1672 4244 1733 4300 etin
1747 4243 1821 4316 pallii
1836 4245 1896 4315 ejus
1909 4246 2062 4316 susceptio

397 4345 503 4419 anglie
519 4343 554 4400 ad
569 4340 670 4399 curiam
686 4338 760 4409 regis
774 4334 924 4391 Luodottiae
939 4348 991 4404 pro
1008 4347 1198 4389 moraconve·
1255 4337 1326 4392 nain
1339 4336 1440 4409 populo
1462 4336 1569 4403 lectam,
1593 4348 1626 4390 en
1655 4334 1779 4389 forsitam
1804 4332 1985 4407 praesignasse
2005 4352 2060 4392 non

396 4437 446 4504 nit,
462 4441 489 4490 et
503 4446 603 4504 magna
617 4425 773 4485 solemnitas
796 4422 886 4479 ltabitn
902 4426 944 4478 esi
960 4429 1040 4493 atque
1062 4420 1197 4475 sublimis.
1254 4425 1373 4482 alienum
1387 4423 1527 4481 averitate
1540 4430 1581 4479 est
1595 4421 1714 4478 credere.
1744 4420 1879 4490 Quoniam
1904 4438 1977 4495 pene
2001 4439 2061 4479 om-

395 4526 458 4599 lpsa
472 4523 516 4579 die
529 4518 750 4589 archiepiscopus
765 4512 947 4571 Eboraoensis
961 4527 990 4567 se
1004 4511 1066 4566 loco
1090 4510 1198 4581 prima·
1252 4514 1332 4569 nibus
1343 4528 1402 4585 quoe
1413 4510 1587 4583 praedicando
1601 4510 1744 4569 docuitrel
1759 4512 1884 4568 docendo
1904 4511 2056 4583 prohibuit,

396 4615 430 4671 tis
444 4607 747 4679 Cantuariensisreqem
762 4610 952 4661 coronaturum
967 4607 993 4654 et
1007 4600 1116 4654 missam
1131 4614 1197 4671 spe·
1252 4604 1390 4661 excusatio
1404 4602 1512 4673 objecta
1524 4608 1574 4671 est,
1590 4600 1737 4658 etinnuilo
1759 4600 1849 4657 serbis
1871 4600 1930 4671 ejus
1958 4600 2052 4657 edica-

394 4716 459 4761 raus
481 4698 683 4759 celebraturum
706 4693 741 4750 ad
769 4692 797 4748 id
819 4690 930 4746 omnino
957 4696 1082 4761 paratum
1110 4695 1198 4744 semet
1252 4693 1319 4750 cite,
1333 4693 1561 4765 obtemperatum,
1581 4688 1809 4763 L03,1,quq,u1,‚
1827 4696 1929 4745 ,mum
1944 4691 2052 4747 concilii

394 4790 526 4849 ‘filiiflii
543 4786 591 4844 ⁰1¹1
614 4785 759 4858 episcopus
785 4776 982 4836 Lundffltiessssit
1005 4792 1059 4833 1¹01]
1087 4778 1193 4851 acquie·
1206 4765 1237 4832 D
1252 4780 1458 4850 Londoniensis,
1475 4784 1512 4849 et,
1528 4779 1657 4851 inspectis
1671 4778 1776 4834 statutis
1794 4778 1854 4849 ejua
1877 4788 1959 4852 atque
1978 4794 2052 4853 pm.

392 4896 482 4949 scens,
498 4873 717 4945 coronamcapiti
733 4868 811 4944 regis
839 4867 976 4939 imposuit,
1001 4882 1117 4941 eumque
1143 4885 1194 4941 pet·
1247 4872 1343 4944 ceptis,
1372 4868 1524 4942 perpendat
1546 4868 1606 4941 quis
1634 4868 1673 4924 eis
1710 4867 1831 4938 obediat,
1865 4868 1925 4939 quis
1957 4884 2051 4927 eorum

393 4970 515 5027 (immin
530 4959 784 5028 induflissiclesiae,
800 4966 826 5013 θῑ
841 4954 960 5013 ⁰ffi⁰ii¹¹¹i
984 4956 1039 5012 diei
1067 4958 1194 5027 percele-
1247 4967 1392 5018 exsecutor
1405 4960 1514 5028 existat,
1543 4958 1670 5031 quianon
1683 4972 1715 5015 ea
1743 4956 1818 5028 quasi
1847 4956 1939 5013 inania
1956 4958 2049 5030 ducat,

391 5056 489 5115 bresit.
506 5058 540 5111 rit
554 5069 616 5109 cum
631 5050 666 5107 ad
691 5062 812 5105 mensam
826 5046 902 5120 repis
913 5053 1023 5103 ventum
1031 5053 1110 5115 esset,
1123 5054 1149 5103 et
1159 5047 1194 5102 de
1248 5050 1331 5122 Ecce,
1351 5058 1380 5104 ut
1390 5048 1508 5119 plutima
1537 5053 1685 5112 taceantur,
1711 5044 1824 5101 abbates
1837 5046 1950 5117 quidam
1964 5048 2053 5119 quiin

391 5146 452 5204 loco
467 5140 595 5201 sessionis
608 5140 679 5196 inter
692 5138 804 5195 eosdem
820 5135 963 5208 episcopos
978 5134 1111 5192 dissensio
1122 5145 1194 5193 mota
1248 5139 1307 5210 ipso
1338 5137 1453 5195 concilio
1475 5152 1525 5207 pro
1554 5134 1675 5192 simonia
1702 5133 1829 5208 dispositi
1858 5133 1977 5205 fuerunt,
2004 5144 2049 5192 aut

393 5234 498 5305 fuisset,
512 5230 600 5288 noluit
614 5244 661 5286 eos
672 5243 721 5284 rex
731 5224 834 5295 audire,
851 5224 901 5280 aad
914 5227 1088 5296 utmmquea
1108 5240 1194 5297 pran—
1247 5228 1309 5284 illas
1324 5242 1392 5299 quas
1406 5226 1585 5298 perdidemnt
1599 5232 1644 5281 aut
1654 5224 1722 5279 alias
1736 5224 1871 5290 abbatias,
1896 5223 1961 5281 dato
1981 5240 2048 5297 pre·

392 5324 437 5382 dio
452 5338 500 5379 suo
514 5326 816 5390 remotum,pransums
844 5313 960 5387 hospitia
988 5330 1037 5369 sua
1063 5315 1196 5387 praecepit
1248 5316 1285 5374 tio
1313 5332 1362 5389 per
1392 5315 1474 5371 laicos
1504 5314 1596 5386 adepti
1628 5320 1698 5369 sunt.
1728 5313 1797 5368 item
1815 5312 1860 5383 qui
1897 5313 2049 5387 presbyteri

392 5414 478 5473 adire.
494 5411 529 5467 lit
543 5408 655 5484 quidem
674 5404 747 5477 quod
775 5402 919 5476 episcopus
945 5402 1141 5459 Lundonieosis
1157 5403 1195 5459 ita
1249 5406 1378 5464 dicuntur
1390 5403 1447 5462 sire
1458 5403 1582 5460 manniri
1593 5404 1652 5475 jam
1667 5409 1821 5474 tepescente
1845 5402 1921 5475 regis
1949 5402 2047 5475 edicto,

392 5502 509 5575 fecit(ut
522 5494 704 5566 aliataceam)
722 5508 756 5550 ea
787 5492 890 5549 ratione
914 5508 980 5549 natta
1003 5496 1044 5549 est
1071 5494 1144 5566 quod
1168 5502 1196 5551 et
1249 5496 1322 5571 apud
1336 5494 1481 5567 episcopos
1494 5508 1559 5550 suos
1573 5500 1600 5551 et
1614 5492 1822 5550 archidiaconos
1842 5490 1939 5549 infami
1967 5507 2047 5551 eom.

1066 5640 1286 5701 fluescentem
1299 5636 1416 5701 NOTAE.

425 5770 465 5846 (a)
480 5762 618 5844 superfuit
632 5760 850 5847 antem‘fboroas
865 5764 995 5837 usquead
1009 5760 1187 5827 febmarium
1241 5777 1291 5824 usu
1301 5762 1422 5835 famine,
1438 5770 1528 5821 castus
1540 5757 1665 5819 maluerit
1698 5760 1778 5831 mori,
1805 5774 1888 5835 qnam
1903 5750 2045 5836 episcopa·

389 5844 455 5901 anni
469 5844 550 5911 tttt,
565 5838 648 5897 etiam
662 5836 724 5891 ittne
737 5834 900 5917 laudandus,
917 5838 988 5909 quod
1003 5854 1066 5895 cum
1079 5841 1188 5897 letalem
1240 5837 1298 5899 latu
1312 5837 1472 5913 dignitatem
1488 5834 1534 5893 tali
1547 5833 1656 5893 macula
1670 5833 1869 5891 cacuminata.

389 5916 450 5989 ejus
460 5912 585 5972 morbum
599 5904 839 5983 negarentmedtct
862 5911 1059 5979 possessioni
1086 5912 1189 5987 absque
