4750 6725
376 577 427 636 255

640 581 670 638 S.
689 581 843 639 shsntttt
862 581 1034 640 CANTUAR.
1055 577 1222 636 Anchise.
1241 575 1317 634 ortt
1338 573 1425 631 PARS
1442 574 1491 631 111.
1510 604 1547 616 -
1565 570 1752 632 ettsrotAE.

1969 570 2022 626 256

375 701 421 770 de,
436 711 488 762 etc.
499 705 658 765 Esslolsuh
667 705 1170 767 nomineAnastasiicrcmitoerccuso
1188 708 1212 762 Α
1228 715 1326 772 penem
1342 715 1424 771 super
1435 699 1520 756 altare
1534 698 1652 772 positum
1666 713 1718 770 per
1730 696 1776 752 ille
1790 695 1920 752 solemnis
1934 694 2022 752 verbe

375 791 545 870 Potrolopioe
558 801 624 855 torn.
641 798 759 865 CXLIX,
776 798 829 854 col.
845 797 907 852 433.

586 889 669 956 453
688 902 859 960 eristott
873 901 955 959 Cllll.

374 989 498 1048 Sanctus
518 993 676 1060 anselmus,
695 991 910 1048 tantun-tensis
932 990 1168 1062 archiepiscopus,

485 1063 520 1118 lle
535 1079 648 1134 corpore
663 1070 691 1119 ct
706 1065 848 1135 sanquine
863 1063 977 1120 Domini
991 1063 1058 1132 (ιι).

411 1150 480 1206 Νοιι
495 1150 567 1220 quod
583 1152 764 1206 totahumnne
775 1151 907 1206 neturein
923 1151 1013 1206 anime
1024 1157 1171 1219 etcorpore

376 1245 434 1294 eret
448 1247 586 1310 corrupte,
605 1239 724 1311 oportuit
739 1248 766 1296 ιιι
780 1241 853 1296 Deus
869 1240 914 1313 qui
927 1238 1052 1295 veniebat
1064 1245 1170 1293 utrum-

377 1342 428 1396 que
443 1327 568 1390 liberere.
593 1329 698 1401 utrique
723 1330 864 1398 uniretur;
893 1336 920 1384 ut
944 1328 1035 1384 enimn
1057 1326 1173 1382 hominis

376 1430 426 1484 per
439 1415 558 1470 enimam
581 1417 691 1485 Christi,
707 1424 734 1474 et
756 1432 857 1488 corpus
881 1431 1050 1488 percorpus
1074 1413 1171 1470 Christi

376 1511 561 1574 competenter
583 1504 771 1562 redimeretur.
797 1505 860 1561 ideo
882 1505 962 1560 etism
981 1504 1008 1560 in
1032 1503 1111 1558 elteri
1138 1502 1173 1558 ad

376 1595 522 1663 utrumque
538 1595 787 1664 repraesectendum
810 1610 908 1664 penem
929 1602 954 1650 et
974 1593 1068 1652 vinum
1085 1606 1172 1662 appo·

376 1680 477 1749 nimus,
493 1689 521 1736 ut
537 1698 695 1753 perpetrem
710 1698 808 1754 corpus
822 1684 936 1748 lectum,
953 1690 980 1737 et
994 1682 1105 1754 dignes
1120 1695 1172 1736 no-

371 1769 420 1838 ¹bis
435 1779 577 1841 acceptum
590 1779 710 1828 nostrum
725 1788 824 1844 corpus
839 1771 944 1844 corpori
959 1770 1059 1826 Christi
1075 1770 1101 1824 in
1117 1769 1173 1824 im-

378 1858 543 1915 mortalitate
557 1867 585 1915 et
597 1860 625 1914 in
639 1859 861 1932 impassibilitate
877 1858 1101 1916 conlormendum
1116 1874 1172 1914 cre

378 1946 476 2004 damus
491 1949 663 2020 quandoque,
679 1958 706 2005 et
726 1949 850 2005 similiter
864 1951 954 2006 vinum
971 1949 997 2003 in
1012 1949 1172 2020 sanguinem

1225 789 1253 844 in
1267 805 1366 860 corpus
1385 788 1485 845 Christi
1500 787 1605 856 mutari,
1620 803 1671 843 nec
1685 802 1828 842 remouere
1842 785 2022 840 substentiem

1224 877 1305 950 penis
1319 883 1347 931 et
1358 877 1423 944 vini,
1434 877 1555 948 speciem
1578 884 1669 930 temen
1686 873 1894 947 intelligendum
1915 881 1958 928 est
1972 889 2020 930 re-

1225 982 1345 1036 manere,
1360 966 1476 1021 formem
1491 964 1601 1032 scilicet,
1617 965 1737 1021 colorem
1762 974 1789 1018 et
1802 978 1946 1034 seporem:
1971 979 2019 1017 se·

1225 1057 1347 1114 cundum
1362 1055 1482 1126 speciem
1499 1060 1680 1110 remanentem
1695 1052 1868 1125 queremini
1880 1051 2021 1124 fiuntquae

1225 1144 1382 1200 nullomodo
1397 1143 1544 1200 ιιιιιιιιιιιιιι
1559 1142 1611 1198 hoo
1624 1142 1698 1214 quod
1713 1150 1754 1196 est
1765 1140 1955 1212 possuntheri,
1965 1140 2021 1195 sci-

1226 1235 1288 1290 licet
1302 1233 1374 1306 quod
1388 1233 1522 1298 atteritur,
1538 1231 1613 1304 quod
1628 1247 1681 1286 nno
1695 1230 1756 1287 loco
1766 1228 1946 1297 concluditur,
1963 1236 1990 1284 et
2005 1245 2022 1284 a

1226 1323 1362 1379 soricibus
1375 1321 1481 1379 roditur
1495 1329 1521 1377 ιι
1535 1321 1701 1377 inventrem
1715 1319 1861 1390 trajicitur.
1881 1319 1947 1374 Ideo
1966 1334 2021 1373 eu-

1227 1421 1280 1468 tem
1294 1411 1369 1484 quod
1383 1418 1492 1467 nonest
1505 1414 1629 1482 apparet,
1646 1418 1673 1464 et
1687 1408 1759 1480 quod
1774 1419 1815 1463 est
1830 1409 1943 1478 celetur,
1958 1409 2023 1481 quie

1227 1502 1249 1556 si
1265 1501 1337 1574 quod
1353 1507 1395 1557 cst
1410 1499 1558 1568 videretur,
1583 1499 1689 1554 enimus
1707 1499 1840 1552 humanus
1852 1496 2021 1553 abhorreret.

1228 1590 1383 1646 Secundum
1406 1604 1470 1644 vero
1495 1587 1614 1658 speciem
1635 1594 1725 1659 potest
1742 1586 1828 1657 eccipi
1852 1585 2023 1659 aequalitere

1227 1677 1302 1734 fideli
1324 1685 1351 1734 et
1369 1677 1404 1733 eb
1423 1675 1538 1733 infideli.
1569 1675 1677 1732 Fideles
1697 1683 1788 1731 temen
1813 1674 1867 1730 alic
1889 1674 2023 1748 singulari

1227 1768 1311 1824 modo
1325 1767 1472 1838 accipiunt,
1489 1765 1592 1822 scilicet
1606 1781 1667 1820 cum
1678 1764 1732 1820 sint
1744 1764 1898 1821 conformes
1911 1763 2024 1820 Christo

1228 1872 1279 1929 per
1290 1855 1482 1922 innocentiam,
1507 1862 1534 1910 et
1559 1870 1609 1926 per
1630 1853 1841 1925 assumptionem
1859 1852 1982 1924 corporis
1997 1861 2024 1908 et

1228 1945 1368 2017 sanguinis
1388 1945 1445 2000 Deo
1460 1943 1618 2000 conformes
1632 1941 1793 2007 efficiuntur,
1814 1949 1840 1997 et
1854 1941 1882 1996 in
1896 1941 2025 2014 praesenti

379 2051 538 2093 conversum
564 2045 590 2092 et
615 2054 631 2093 ι
657 2038 736 2094 nobis
759 2045 911 2110 ecceptum,
936 2037 1043 2093 animas
1066 2043 1173 2090 nostres
1189 2059 1216 2120 B
1230 2034 1342 2088 virtutes
1356 2048 1451 2090 eorum
1465 2039 1685 2104 augmententur,
1701 2037 1728 2088 ιι
1741 2031 1858 2087 liberem
1882 2030 2023 2086 arbitrium

378 2123 476 2179 anime
490 2124 588 2180 Christi
600 2125 741 2183 credemus
751 2127 906 2184 conformes
920 2125 987 2194 lieri,
1004 2133 1030 2180 et
1045 2124 1173 2196 praesenti

379 2211 580 2282 quodammodo
595 2214 659 2269 dum
675 2229 692 2269 a
716 2215 844 2286 peccetis,
861 2221 939 2285 prout
952 2228 1108 2285 possumus,
1123 2213 1174 2266 ab·

379 2301 519 2368 ιιιιιιιιιιιι,
535 2310 562 2356 ιι
577 2302 694 2358 menime
716 2303 743 2359 in
766 2303 943 2359 dissolutione
961 2303 1060 2358 enimse
1074 2309 1101 2357 et
1114 2316 1174 2356 cor·

379 2389 455 2458 poris
468 2406 528 2445 cum
544 2392 571 2446 in
588 2392 764 2462 beatitudine,
789 2393 815 2448 in
830 2408 883 2464 que
898 2391 955 2462 ipse
971 2390 1071 2446 Christi
1084 2391 1175 2445 anime

378 2483 429 2546 est,
451 2478 550 2536 enimae
575 2489 676 2537 nostrae
698 2481 906 2538 constituentur.
938 2481 973 2536 Et
998 2495 1061 2536 cum
1083 2479 1174 2534 enims

379 2566 478 2622 Christi
493 2585 541 2640 per
559 2568 664 2642 aliquid
678 2585 836 2641 corporeum
856 2567 1076 2641 repraesentende
1091 2575 1173 2633 esset,

377 2655 446 2712 nihil
461 2657 599 2714 inventum
617 2667 656 2715 est
680 2659 706 2714 ιιι
731 2659 858 2715 ontnibus
881 2658 1067 2730 corporalibus
1091 2656 1175 2713 rebus

379 2761 430 2814 per
445 2748 517 2820 quod
532 2747 645 2805 vicinius
660 2755 900 2819 repraesentaretur
911 2763 991 2818 quem
1001 2763 1050 2818 per
1063 2745 1175 2819 sangni-

379 2850 442 2890 nem
457 2835 504 2907 qui
519 2835 598 2892 sedes
612 2847 649 2892 est
663 2837 772 2894 enimse.
785 2839 845 2893 Non
860 2844 951 2892 temen
967 2836 1173 2908 intelligendum

378 2931 420 2979 est
434 2925 507 2995 quod
522 2925 550 2980 ιιι
564 2925 704 2998 sanguinis
718 2927 875 2996 acceptioue
890 2925 976 2981 solem
987 2926 1108 2980 enimsm
1119 2938 1172 2978 non

378 3013 461 3069 etiem
476 3029 587 3085 corpus,
602 3016 646 3071 vel
660 3015 688 3070 in
704 3016 862 3085 acceptione
877 3014 998 3086 corporis
1012 3013 1099 3068 solum
1114 3028 1173 3069 cor-

376 3117 439 3174 pus,
452 3119 506 3158 non
521 3103 601 3159 etiem
621 3104 740 3160 enimem
753 3103 942 3175 suscipiemus,
968 3102 1017 3158 sed
1039 3101 1067 3156 in
1090 3117 1171 3158 ecce·

377 3193 470 3266 ptionc
484 3191 624 3266 sunguinis
638 3200 722 3248 totum
738 3192 875 3249 Christum
890 3193 977 3248 Deum
988 3189 1172 3258 ethominem,

376 3290 403 3339 et
417 3283 445 3338 in
458 3281 613 3352 acceptione
628 3281 750 3353 eorporis
765 3280 888 3336 similiter
901 3287 986 3336 totum
1001 3281 1174 3352 accipiemus.

1229 2122 1403 2190 confortetur,
1419 2129 1445 2177 et
1459 2121 1487 2177 in
1510 2122 1610 2190 lutuno,
1634 2120 1752 2177 menime
1771 2119 1837 2175 dum
1859 2118 2024 2178 immortuli-

1229 2218 1284 2267 tete
1300 2221 1326 2266 et
1340 2209 1571 2281 impassibilitate,
1592 2209 1662 2265 sicut
1675 2215 1703 2264 et
1716 2207 1784 2278 ipse,
1801 2207 1958 2264 induentur.
1982 2208 2025 2263 hd

1230 2316 1310 2372 quam
1334 2298 1551 2356 conformitatem
1568 2297 1756 2368 recipiendam
1770 2296 1815 2352 ille
1830 2296 1953 2369 acceptio
1968 2297 2027 2352 llo-

1229 2389 1322 2445 minici
1335 2388 1457 2458 corporis
1472 2387 1609 2443 multoties
1623 2387 1783 2443 celebretur.
1812 2384 1968 2456 Quomodo
1983 2401 2027 2442 ιι-

1229 2477 1348 2550 cipiendi
1362 2476 1470 2532 infidele
1484 2492 1581 2532 omnes
1595 2475 1706 2533 omnino
1721 2482 1826 2532 cenent.
1859 2475 1922 2531 Non
1935 2483 2028 2532 temen

1230 2567 1384 2640 negandum
1409 2565 1484 2638 quod
1504 2565 1557 2637 ipsi
1572 2565 1637 2621 meli
1654 2581 1744 2621 rerem
1763 2565 1947 2620 substantiam
1962 2580 2027 2621 cor·

1230 2656 1305 2729 poris
1327 2656 1427 2712 Christi
1448 2655 1612 2725 accipiunt:
1638 2653 1711 2725 quod
1738 2652 1851 2726 qnidam
1880 2654 2029 2709 abhorrent

1231 2753 1344 2818 propter
1357 2760 1452 2800 eorum
1468 2742 1675 2810 immunditiam,
1692 2751 1717 2800 et
1732 2742 1854 2814 corporis
1869 2741 1968 2798 Christi
1982 2740 2027 2796 di-

1230 2835 1373 2908 gnitetem.
1396 2834 1450 2889 Sed
1469 2833 1516 2888 ille
1531 2849 1576 2888 res
1595 2840 1649 2887 tem
1662 2831 1747 2905 digne
1761 2840 1803 2887 est
1816 2848 1869 2904 per
1887 2846 1918 2886 se
1933 2839 1961 2886 ut
1974 2846 2029 2886 nea

1230 2932 1342 2996 propter
1355 2922 1468 2995 dignum
1483 2921 1576 2977 locum
1591 2920 1703 2993 dignior
1716 2919 1752 2975 sit
1766 2919 1810 2976 vel
1826 2920 1965 2987 mundior,
1976 2935 2028 2976 nec

1231 3012 1266 3068 ab
1280 3011 1421 3068 immundo
1436 3025 1502 3067 vese
1516 3009 1619 3082 eliquid
1630 3009 1717 3065 trahat
1727 3008 1919 3078 immunditie,
1930 3016 1958 3064 ιιι
1970 3010 2028 3064 du-

1231 3101 1357 3175 gustinus
1380 3106 1496 3156 testetur
1513 3098 1541 3153 in
1562 3098 1633 3154 libro
1649 3106 1743 3171 quarto
1761 3099 1802 3154 De
1820 3096 1970 3168 baptismo,
1988 3097 2029 3153 De

1232 3205 1347 3262 corpore
1371 3188 1480 3244 Domini
1494 3187 1606 3260 indigne
1631 3195 1749 3259 sumpte,
1777 3187 1851 3244 sicut
1877 3187 1959 3242 ludes
1984 3186 2028 3242 cui

1232 3276 1380 3334 buccellem
1396 3277 1473 3350 penis
1486 3275 1599 3332 tradidit
1613 3277 1756 3343 Dominus,
1767 3291 1821 3331 non
1835 3276 1936 3331 melum
1951 3275 2028 3332 scci-

377 3374 411 3430 Et
420 3374 547 3445 quemvis
555 3374 703 3443 seperatim
714 3373 981 3443 corpus,seperetim
993 3370 1172 3443 sanguinem
1231 3368 1341 3442 piendo,
1358 3366 1407 3423 sed
1422 3365 1494 3423 rnele
1512 3366 1681 3437 accipiendo,
1701 3366 1792 3423 locum
1815 3365 1844 3421 in
1865 3382 1895 3421 se
1916 3364 2028 3421 diaholo

376 3460 1173 3533 nontemenbissedsernelChristumaccipimusimmorte-
1228 3458 1363 3532 pretinm
1393 3458 1433 3513 sic
1453 3456 1566 3530 indigne
1589 3457 1705 3529 quisque
1723 3472 1834 3512 sumens
1854 3454 2027 3512 Dominicum

376 3552 429 3609 lem
438 3550 672 3621 etimpessibilem.
681 3550 734 3607 Sed
744 3551 860 3608 istemos
870 3549 1174 3622 seperatimeocipiendi
1228 3554 1438 3614 recrementum,
1453 3561 1509 3603 non
1522 3545 1604 3601 efficit
1615 3554 1644 3600 ut
1659 3548 1723 3619 quie
1737 3547 1798 3617 ipse
1812 3560 1923 3601 sumens
1937 3544 2026 3601 ιιιιιιιι

376 3636 440 3693 inde
455 3637 481 3691 in
496 3636 617 3692 Ecclesia
630 3636 741 3693 inolevit
755 3636 827 3709 quod
843 3636 964 3691 Christus
979 3636 1005 3690 in
1020 3651 1096 3691 coena
1112 3650 1174 3691 cern
1228 3645 1280 3707 est,
1296 3634 1401 3692 malum
1417 3637 1452 3691 ιιι
1466 3641 1676 3701 sacramentum,
1698 3640 1744 3689 ιιιι
1765 3634 1828 3706 quie
1841 3650 1897 3690 non
1911 3634 2026 3689 salutem

378 3723 520 3795 discipulis
534 3724 681 3796 seperatim
691 3724 775 3793 dedit,
792 3728 822 3783 ut
831 3740 879 3794 per
890 3726 941 3781 hoc
952 3724 1136 3796 intelligerent
1145 3739 1175 3780 se
1228 3726 1336 3798 accipit,
1346 3724 1412 3781 nihil
1421 3724 1547 3797 accipiet.
1559 3724 1664 3795 Corpus
1674 3724 1748 3779 enirn
1757 3732 1783 3781 et
1792 3724 1905 3796 sanguis
1915 3723 2026 3781 Domini

379 3814 476 3871 anime
491 3818 520 3869 et
534 3814 641 3886 corpori
656 3814 757 3869 Christi
771 3813 871 3870 debere
887 3814 1066 3870 conformari.
1099 3816 1175 3883 hque
1228 3812 1563 3873 nihilomiuuseretinillis
1571 3813 1670 3886 quihus
1680 3812 1789 3869 dicebat
1798 3811 1960 3883 spostolus:
1971 3814 2027 3881 oue

377 3919 438 3960 eum
464 3903 527 3958 vino
549 3902 576 3957 in
598 3910 768 3958 secremcnto
791 3903 853 3957 ideo
876 3902 1031 3973 apponitur,
1056 3909 1085 3957 ut
1105 3918 1175 3974 equs
1229 3906 1384 3962 manducet
1397 3904 1524 3976 indictae,
1534 3902 2026 3975 jnectuesstotmnncucatetotott

377 4006 437 4064 quae
451 4006 513 4047 oum
528 3990 660 4062 sanguine
674 3990 708 4047 de
722 3990 806 4047 latero
817 3991 920 4046 Christi
931 3990 1008 4046 duxit
1021 4006 1175 4063 represen-

378 4086 489 4143 tereter,
506 4095 567 4152 quae
581 4094 649 4148 eque
664 4078 800 4151 significat
813 4077 977 4149 baptismum
993 4080 1019 4135 in
1044 4094 1098 4150 quo
1122 4094 1175 4150 po-

378 4166 458 4241 pulus
473 4184 523 4238 per
532 4166 691 4224 effusionem
701 4166 841 4240 sanguinis
854 4165 1004 4222 innovetur.
1022 4167 1112 4238 Quere
1123 4182 1175 4223 eu-

377 4265 432 4313 tem
447 4271 548 4328 corpus
562 4254 662 4312 Christi
680 4271 743 4313 cum
768 4256 801 4311 sit
825 4255 982 4311 inviolabile
996 4262 1022 4311 el
1047 4256 1174 4313 incorru-

378 4344 484 4419 ptibile,
500 4361 554 4417 qua
567 4344 670 4401 relione
685 4345 738 4401 hoc
750 4360 809 4400 esse
819 4338 908 4416 potest
923 4352 952 4399 ut
965 4344 1091 4402 dentibus
1105 4353 1175 4402 atte-

377 4442 502 4492 saturet
524 4434 603 4492 etiem
620 4450 636 4491 ι
651 4433 784 4491 soricibus
807 4434 974 4490 corrodetur.
1001 4435 1055 4490 Sed
1079 4451 1175 4492 secun-

1228 3991 1718 4067 (1cor.x1,te).tl0nestquaerendum
1728 3990 2024 4063 quidfietdeoorpore:

1229 4084 1303 4139 oeus
1317 4082 1390 4139 enirn
1405 4080 1515 4138 conticit
1527 4081 1598 4137 sicut
1611 4080 1674 4149 scit,
1688 4094 1739 4136 nec
1750 4078 1876 4137 dubitare
1886 4078 1967 4135 debet
1977 4080 2026 4136 eli-

1229 4171 1290 4245 quis
1303 4169 1443 4243 quomodo
1462 4168 1538 4241 penis
1559 4168 1587 4224 in
1610 4184 1704 4226 vorum
1723 4183 1822 4239 corpus
1844 4168 1942 4224 Christi
1956 4184 2025 4225 ecn-

1229 4268 1359 4326 rertatur,
1385 4259 1422 4315 ite
1441 4269 1469 4313 ut
1493 4258 1572 4331 penis
1592 4257 1743 4314 substantie
1755 4259 1841 4326 454
1855 4274 1910 4313 non
1931 4272 2024 4314 reme-

1229 4359 1300 4415 neet,
1316 4364 1378 4406 cum
1394 4347 1478 4403 multa
1496 4347 1552 4402 elie
1565 4362 1620 4403 non
1634 4346 1723 4402 minus
1738 4346 1868 4404 mirecule
1883 4346 2025 4403 videemus

1228 4439 1293 4510 quie
1308 4436 1445 4497 hominem
1459 4434 1676 4493 substantialiter
1684 4436 1712 4490 in
1726 4435 1856 4507 lapidem,
1871 4444 1900 4493 ut
1909 4451 2024 4493 uxorem

377 4524 442 4581 dum
452 4522 625 4581 diffinitiones
635 4531 790 4580 sanctorum
800 4522 911 4579 Petrum
921 4523 1175 4599 estintelligendum
1228 4528 1289 4595 Lot,
1304 4526 1348 4584 rel
1361 4527 1443 4583 etiam
1467 4526 1495 4581 in
1515 4541 1599 4598 pareo
1619 4524 1734 4583 artificio
1757 4525 1874 4583 hominis
1888 4526 1982 4583 lenum
1995 4524 2023 4581 in

377 4705 432 4773 qui
451 4704 467 4759 h
483 4704 507 4759 le
522 4718 626 4775 merge,
650 4702 747 4757 ieissnt
767 4718 829 4757 sens
853 4702 935 4758 doute
959 4702 1090 4758 entendre
1109 4702 1174 4776 qu'il
1227 4723 1258 4763 ce
1273 4705 1319 4777 qui
1334 4706 1396 4761 leve
1409 4714 1484 4763 ιοιιιι
1494 4704 1660 4777 eculeoque.
1671 4704 1712 4761 Le
1725 4703 1795 4760 saint
1809 4722 1826 4777 y
1840 4704 1941 4761 touche
1957 4704 2024 4762 trois

377 4774 458 4847 s'agit
473 4776 507 4831 de
522 4774 626 4831 Gilbert
639 4774 757 4843 Crispin,
773 4772 841 4829 ebbe
856 4772 892 4827 de
906 4774 1110 4838 Westminster,
1127 4774 1172 4843 qtri
1188 4786 1215 4846 D
1228 4793 1266 4834 ou
1301 4785 1377 4833 uatre
1390 4778 1480 4861 points
1496 4775 1543 4848 qui
1554 4784 1723 4833 concernent
1742 4775 1940 4833 l'liucheristie.
1956 4777 2022 4832 D'a-

377 4848 451 4929 sunit
465 4844 509 4903 e'td
525 4847 615 4927 moine
630 4862 664 4901 eu
682 4846 741 4927 'hec
762 4860 826 4900 sous
842 4844 870 4901 S.
887 4844 1022 4927 huselme.
1050 4844 1174 4927 Seconde
1229 4794 1299 4903 herl
1317 4848 1336 4902 il
1351 4866 1368 4931 y
1382 4849 1476 4905 eteblit
1491 4848 1517 4901 te
1534 4862 1710 4904 consenesce
1729 4847 1774 4918 qui
1790 4862 1820 4902 ιι
1835 4854 1930 4903 trouve
1944 4856 2024 4905 entre

378 4924 535 5043 ιιιιιιιε
550 4914 1175 5043 loterel.fshlhh.elucent
1227 4919 1528 5048 sthhlcho
1546 4918 2025 5047 testemtested:

379 5058 437 5114 leut
451 5058 550 5114 rendre
574 5066 643 5114 cette
657 5059 734 5114 lettre
749 5058 764 5115 b
779 5058 807 5114 S.
825 5062 965 5121 Anastase,
981 5058 1071 5113 moine
1083 5027 1112 5112 ’et
1126 5074 1173 5113 er·
1227 5061 1323 5133 depuis
1335 5078 1367 5117 se
1380 5064 1470 5119 chute.
1499 5006 1590 5133 Agris
1604 5062 1668 5134 quoi
1683 5060 1702 5117 il
1716 5067 1823 5117 mentre
1838 5076 1891 5143 que
1906 5007 2024 5118 l'uneqlet

379 5128 452 5197 mite,
469 5128 563 5199 quien
578 5129 656 5185 estle
671 5128 801 5185 veritable
816 5138 919 5186 euteur.
931 5128 1017 5199 (Hist.
1029 5128 1088 5185 litt.
1101 5129 1134 5185 dc
1146 5129 1174 5184 le
1227 5131 1326 5188 l'eutre
1347 5136 1454 5204 espbce,
1477 5134 1551 5205 prise
1574 5132 1754 5203 separement,
1781 5138 1904 5187 contient
1925 5133 2022 5189 lesus-

379 5200 496 5265 Fronec,
513 5206 531 5254 t.
547 5200 597 5280 ιιι,
614 5217 641 5271 p.
657 5200 732 5263 tet.)
1092 5270 1098 5283 ·
1228 5202 1319 5258 Christ
1333 5206 1429 5271 entier,
1450 5210 1475 5259 et
1490 5202 1557 5259 rend
1581 5206 1673 5260 raison
1695 5203 1729 5258 de
1749 5217 1781 5259 ιι
1805 5202 1887 5285 qu'on
1902 5204 2023 5260 meledo

413 5272 469 5361 ιιι)
484 5271 521 5326 Le
540 5274 681 5351 tetreque
739 5278 780 5327 ιιι
796 5278 865 5327 cette
889 5271 967 5328 lettre
990 5272 1068 5327 tersit
1087 5286 1170 5342 puger
1227 5274 1297 5329 ιἰιιι
1315 5290 1382 5332 suec
1404 5276 1430 5331 le
1456 5274 1500 5330 vin
1520 5283 1602 5329 avent
1625 5275 1652 5330 le
1669 5276 1870 5341 constemens,
1889 5284 1916 5330 ιι
1935 5275 1969 5331 de
1989 5290 2022 5332 ce

378 5356 414 5413 qu
425 5340 477 5397 elle
487 5341 563 5431 n'est·
570 5349 644 5411 point
655 5339 682 5395 dr
704 5344 798 5397 erente
813 5343 847 5399 de
856 5343 942 5399 l'ecrit
956 5346 998 5401 Du
1008 5342 1173 5417 corpsctdu
1227 5360 1282 5429 que
1296 5345 1335 5401 les
1347 5350 1461 5428 especes
1474 5346 1633 5427 subsistent,
1653 5346 1770 5416 quoique
1784 5345 1812 5401 le
1827 5345 1972 5403 substance
1985 5346 2022 5403 du

376 5412 878 5539 tlhdttttttttehtltttt⁸
892 5414 1173 5556 ltlhlthhb
1225 5418 1973 5561 ttttstlttleliditis.‘lrlttrttttttt
1986 5418 2021 5545 tt

376 5554 578 5637 tl'hungleterre,
596 5562 686 5623 etque
701 5555 763 5609 dom
780 5556 907 5610 lllehillon
923 5564 1020 5612 sttestc
1035 5557 1112 5639 ιιοιι
1126 5574 1170 5619 ιιι,
1227 5558 1298 5613 seint
1313 5560 1446 5632 tergestin
1459 5573 1528 5627 pour
1541 5576 1660 5631 prouver
1670 5559 1773 5631 queles
1786 5560 1928 5616 mechants
1941 5576 2021 5617 com-

377 5641 448 5683 mets
477 5642 529 5696 peu
549 5628 666 5691 correct,
696 5625 762 5681 dens
789 5627 857 5682 celle
885 5626 933 5682 des
955 5628 1109 5683 Cordehcrs
1137 5628 1172 5683 de
1227 5644 1271 5684 me
1285 5629 1325 5685 les
1340 5631 1408 5687 bons
1417 5631 1589 5697 recollentle
1599 5646 1678 5696 corps
1688 5632 1723 5687 de
1736 5630 1931 5697 lesus-Christ,
1944 5632 2019 5703 quoi-

377 5695 565 5754 Seinte-Croix
589 5695 605 5753 h
630 5696 770 5753 Florenee.
802 5698 937 5753 seditem·
960 5699 992 5753 l'e
1016 5699 1084 5754 tirbc
1109 5698 1172 5753 d'un
1225 5700 1306 5773 qu'ils
1329 5718 1363 5757 en
1378 5703 1458 5758 tirent
1479 5718 1515 5757 ue
1540 5704 1603 5759 lruit
1624 5702 1687 5758 bien
1708 5700 1846 5770 different.
1870 5710 1897 5758 et
1911 5718 1964 5774 que
1978 5702 2019 5757 les

376 5769 524 5825 manuscrit
552 5767 587 5823 de
614 5766 737 5840 l'ebbaye
761 5768 796 5824 de
815 5768 977 5825 Sciet-Remi
1005 5767 1039 5825 de
1068 5769 1170 5836 lleims,
1225 5773 1346 5828 msuseis
1359 5777 1465 5843 pretres
1479 5781 1760 5831 consecrentcomme
1773 5774 1816 5830 les
1828 5781 1928 5840 autres,
1936 5788 2019 5845 perce

376 5841 446 5895 dens
460 5840 549 5911 lequel
564 5840 615 5896 elle
630 5847 708 5912 porte
730 5840 756 5897 le
777 5844 866 5897 meme
886 5841 960 5905 titre,
978 5856 1044 5896 suec
1066 5841 1092 5897 le
1107 5857 1170 5897 nom
1225 5858 1278 5913 que
1300 5844 1367 5900 c'est
1386 5846 1570 5902 lesus-Christ
1591 5844 1638 5917 qui
1661 5859 1793 5901 consecre
1815 5845 1955 5902 lui-meme
1967 5858 2018 5917 per

374 5909 408 5967 de
424 5910 452 5967 S.
468 5912 606 5981 Anselme,
623 5910 731 5985 quelillb
745 5912 919 5986 ercheetqus
943 5911 976 5967 de
1001 5911 1168 5979 Centorberi,
1225 5910 1285 5971 leur
1298 5914 1449 5976 ministere.
1464 5916 1548 5989 (dist.
1565 5919 1622 5976 tttt.
1640 5915 1686 5974 uhi
1699 5918 1805 5989 supra.)
