4750 6725
255 3333 256 3336 ,
360 3331 731 3401 rusmcelesentdetendas.
761 3329 814 3386 Gor
840 3334 916 3384 tuum
938 3341 1047 3396 semper
1067 3330 1163 3467 ριιιειιὲ
1177 3412 1203 3476 C
1216 3380 1557 3453 Herbmumepmmm
1576 3380 1804 3452 mmmm
1826 3383 1961 3440 mmm
1983 3389 2019 3441 a,

365 585 417 642 259

633 703 803 762 EPlSTOLh
817 702 885 758 cxl.

591 816 711 860 insanus
723 815 762 856 sn
776 811 925 854 ancones.

307 934 310 946 ’
363 901 698 1040 bttttthtttttr
712 895 979 1040 trttttht
995 911 1089 1034 tili
1107 910 1160 1022 ii.

396 1046 541 1120 desendet,
557 1049 590 1102 ot
604 1058 744 1099 corsuum
761 1038 856 1123 abbati
867 1053 916 1122 suc
926 1041 1024 1110 potere
1048 1051 1160 1110 semper·

398 1113 643 1188 vetit,etproprios
658 1127 758 1169 sensus
770 1109 935 1167 obedsentsre
950 1108 1125 1180 posthabeat.

397 1209 550 1264 desecans
562 1201 792 1272 archiepiscopus,
809 1198 887 1253 tretri
917 1203 943 1253 et
967 1195 1024 1252 ntto
1052 1195 1159 1252 charis·

362 1297 432 1351 simo
446 1295 566 1358 linceus,
583 1291 696 1346 salutem
710 1296 738 1344 et
752 1287 982 1344 benedictionem.

396 1383 516 1440 Domino
542 1381 642 1438 abbate
666 1377 803 1434 referente
824 1375 906 1432 didici
948 1374 1019 1444 quod
1057 1377 1160 1429 tentam

360 1489 428 1548 erge
442 1488 486 1528 me
496 1470 598 1526 babeas
616 1467 793 1524 dilectionem
808 1473 836 1519 ut
850 1479 913 1520 cum
940 1477 1073 1534 prospera
1099 1476 1161 1517 mea

361 1563 447 1630 audis,
463 1559 543 1618 valde
558 1556 715 1630 gratuleris,
731 1563 834 1611 etcum
858 1552 976 1608 adverse
1003 1550 1159 1622 cognoscis,

360 1651 473 1708 multum
503 1645 680 1712 contristeris,
709 1651 736 1700 et
763 1657 810 1699 cor
847 1649 923 1698 tuum
958 1647 1161 1696 commoveatur

359 1741 490 1798 adsersus
504 1751 560 1802 eos,
576 1750 594 1790 e
613 1733 712 1808 quibus
739 1731 901 1804 contingere
929 1728 1012 1786 sentis
1040 1727 1159 1798 aliquem

359 1828 551 1887 adversitatem
566 1823 643 1891 mihi,
655 1831 681 1878 et
695 1822 758 1894 quie
773 1837 823 1893 pro
839 1835 884 1876 me
897 1833 976 1875 orare
999 1831 1048 1889 pro
1069 1815 1158 1887 possi-

359 1919 463 1975 bilitete
480 1923 522 1971 tua
537 1929 591 1970 non
606 1911 716 1968 desinis.
731 1909 868 1980 Quoniam
888 1923 954 1977 ergo
969 1915 1042 1962 tante
1057 1904 1095 1959 tui
1118 1910 1160 1958 ost

360 2024 426 2080 erge
440 2021 483 2060 me
498 2003 617 2068 dilectio,
633 2001 657 2056 si
672 2010 698 2056 te
712 2015 767 2056 non
788 1998 883 2070 diligo,
904 2011 948 2054 me
976 1995 1066 2066 ipsum
1089 1993 1159 2062 inju-

359 2106 433 2153 stum
444 2094 551 2165 judico.
570 2091 604 2146 Et
616 2091 681 2163 quia
695 2104 758 2144 vera
772 2087 880 2143 dilectio
893 2086 968 2141 illum
983 2100 1064 2157 quem
1094 2081 1153 2137 dili·

359 2185 399 2259 git
414 2197 523 2252 semper
537 2177 826 2250 proliceredesiderat,
843 2175 943 2230 idcirco
958 2181 984 2228 te
1005 2173 1107 2238 hortor,
1132 2176 1161 2226 et

360 2280 497 2333 moneout
516 2285 594 2325 mens
610 2275 655 2323 tue
670 2281 777 2338 semper
790 2265 825 2320 ad
839 2265 953 2320 meliora
968 2278 996 2317 se
1012 2260 1158 2316 extendere

359 2365 474 2422 student.
501 2341 622 2430 Quodsi
651 2355 748 2426 quaeris
776 2353 916 2410 consilium
945 2351 1084 2424 quomodo
1106 2351 1159 2404 boc

360 2451 449 2528 possis
464 2451 567 2518 tacere,
582 2445 769 2502 monachicum
780 2442 949 2512 propositum
965 2453 1047 2509 super
1068 2437 1160 2493 omnia

360 2529 454 2616 dilige.
471 2537 550 2608 Quod
566 2535 708 2590 tuncbene
722 2529 862 2588 custodire
890 2527 1002 2600 poteris,
1035 2526 1058 2581 si
1085 2541 1158 2580 ιιιιιι-

359 2647 438 2705 quam
455 2629 562 2698 culpam
577 2634 651 2681 tuam
666 2625 712 2676 aut
727 2619 816 2675 celare
836 2625 882 2674 eut
901 2617 1048 2673 defendere
1063 2614 1159 2670 volue-

357 2719 490 2792 ris;sicut
500 2715 593 2786 vulpes
609 2711 701 2768 toveas
724 2708 823 2764 hebent
851 2707 898 2762 ubi
911 2705 1028 2762 latenter
1055 2702 1158 2759 catulos

357 2809 465 2882 pariunt
479 2812 505 2861 et
519 2801 647 2868 nutriunt,
663 2805 690 2854 et
704 2797 773 2854 sicut
800 2795 924 2851 volucres
951 2793 1031 2848 nidos
1058 2791 1159 2847 hebent

357 2904 482 2972 patentes
497 2895 524 2948 in
538 2890 636 2964 quibus
649 2887 738 2959 pullos
752 2883 856 2953 invent,
876 2883 910 2938 ita
934 2881 1037 2938 diaboli
1059 2879 1158 2936 lactent

358 2989 462 3052 foveas,
478 2989 504 3038 et
518 2977 695 3049 multiplicent
710 2981 821 3045 peccate
835 2971 861 3026 in
877 2971 959 3028 corde
981 2969 1102 3033 celantis,
1132 2974 1158 3022 et

358 3053 493 3134 {edificant
507 3076 599 3142 aperte
621 3063 710 3130 nidos,
726 3063 754 3116 in
774 3061 871 3134 quibus
897 3057 1021 3115 similiter
1045 3063 1158 3129 peccata

359 3167 513 3238 aggregent
526 3159 554 3214 in
569 3155 652 3213 corde
667 3150 847 3208 defendentis.
859 3148 926 3205 Vide
950 3147 1032 3221 igitur
1057 3145 1083 3200 si
1102 3159 1158 3200 non

359 3255 401 3314 vis
415 3267 474 3308 esse
490 3246 579 3312 toves,
595 3249 638 3298 aut
653 3242 734 3298 nidus
748 3238 859 3305 diaboli,
869 3253 905 3293 ne
919 3250 1039 3310 unquam
1051 3235 1157 3308 culpem

361 3428 453 3489 abbati
474 3436 533 3493 tuo,
554 3430 580 3479 et
606 3421 760 3491 ubicunque
788 3418 836 3485 sis,
864 3432 919 3472 nnn
948 3414 1035 3471 solum
1062 3428 1147 3483 corpu

360 3530 446 3589 tuum,
462 3514 512 3575 sed
526 3514 605 3571 etiam
616 3508 796 3583 cogitationes
809 3514 870 3562 tues
884 3506 912 3561 in
930 3510 1076 3575 conspectu
1097 3502 1155 3572 ejus

360 3624 423 3669 esse
438 3606 572 3673 existima,
588 3602 676 3658 etboc
691 3598 770 3654 tacet
789 3595 879 3668 cogita
908 3593 981 3664 quod
1008 3606 1102 3649 coram
1123 3606 1156 3646 eo

359 3702 448 3759 iacere
461 3704 489 3753 et
503 3692 625 3766 cogitare
639 3704 694 3745 non
709 3686 860 3743 erubesces.
877 3684 906 3740 Si
922 3684 973 3739 boc
989 3680 1096 3749 leceris,
1120 3680 1157 3734 ita

360 3788 448 3864 lugiet
461 3782 587 3841 diabolus
602 3776 789 3835 habitaculum
804 3773 924 3845 pectoris
944 3772 992 3841 tui,
1020 3770 1089 3825 sicut
1116 3768 1158 3823 tur

357 3870 637 3937 vitatdomumillius
665 3867 712 3937 qui
736 3882 798 3923 eum
826 3878 878 3919 nec
904 3862 993 3918 celere
1020 3860 1077 3917 vult
1104 3872 1157 3915 nec

359 3966 515 4024 defendere.
532 3960 563 4015 ln
576 3960 686 4014 domum
713 3968 831 4025 nemque
853 3951 925 4007 illins
943 3950 1015 4005 surte
1037 3964 1089 4004 sua
1114 3947 1158 4003 tur

355 4054 476 4118 attrahit,
492 4067 506 4105 a
521 4062 575 4121 qun
586 4062 616 4101 se
631 4041 763 4100 abscondi
777 4048 823 4095 aut
842 4038 953 4095 delendi
977 4036 1099 4094 conlidit.
1128 4036 1158 4091 si

356 4154 447 4205 eutem
456 4144 509 4199 hnc
524 4136 597 4211 quod
610 4136 671 4191 dico
685 4132 714 4187 in
728 4146 778 4187 usu
793 4128 930 4193 habueris,
953 4134 1017 4183 tuuc
1041 4126 1158 4197 Spiritus

356 4240 467 4293 senctus
481 4230 510 4285 in
525 4224 754 4283 tehcbitationem
770 4234 848 4276 suem
877 4216 964 4286 faciet,
993 4230 1044 4271 nec
1072 4214 1159 4271 cerri·

355 4323 453 4399 pietur,
476 4333 528 4375 nec
549 4312 700 4388 expelletur
725 4327 742 4368 a
770 4306 979 4382 superveniente
1006 4304 1158 4377 iniquitate,

357 4412 408 4471 sed
421 4412 508 4468 bonus
522 4410 659 4462 usustuus
675 4398 811 4474 perillum
841 4413 857 4453 a
880 4412 908 4451 se
932 4394 1045 4467 repellet
1071 4392 1159 4465 inqui·

356 4509 449 4561 tatem.
465 4497 590 4569 Quaeres
604 4492 631 4547 in
647 4494 747 4547 tantam
764 4492 937 4545 convertetur
963 4483 1012 4539 tibi
1041 4482 1159 4538 detecta·

632 573 660 638 S.
676 574 830 639 ANSssbbll
844 567 1020 635 ChN'thll.
1036 571 1199 634 saumae.
1219 575 1297 634 OPP.
1314 572 1405 637 etus
1428 571 1476 635 lll.
1503 611 1539 623 -
1562 577 1751 643 EPISTOLAE.

1964 591 2017 646 260

1175 699 1348 762 Adientiam
1362 701 1390 758 in
1405 703 1531 762 omnibus
1544 709 1652 766 actibus
1672 711 1811 783 praeferas,
1842 719 1869 770 et
1896 727 1930 771 es
1957 731 2019 787 qne

1215 791 1367 862 supradixi
1382 795 1514 851 memoria
1529 806 1657 870 perpetua
1673 807 1775 868 teneas,
1792 805 1820 858 et
1833 818 1917 875 opere
1930 791 2017 862 'conr-

1214 879 1290 951 plere
1303 879 1453 939 efficaciter
1466 884 1589 942 studeas.
1608 886 1787 962 Omnipotens
1801 892 1875 948 Deus
1887 908 2016 965 suregra-

1215 968 1260 1025 tiae
1274 969 1465 1028 benedictione
1481 981 1505 1028 te
1519 975 1550 1028 in
1565 976 1695 1034 omnibus
1709 995 1820 1052 semper
1848 979 1960 1056 dirigat,
1988 987 2018 1039 et

1215 1057 1251 1114 ab
1265 1058 1340 1115 omni
1355 1059 1427 1116 malo
1442 1062 1584 1118 custodiat.
1599 1069 1695 1125 tmen.

1483 1160 1653 1220 errsroth
1669 1165 1752 1222 cxtt.

1427 1263 1548 1306 tussam
1562 1265 1599 1306 sn
1613 1268 1793 1311 wentanus.

1220 1334 1396 1393 ll'ittermunr
1407 1337 1531 1393 emicem
1547 1356 1631 1397 suum
1646 1346 1740 1399 monet
1754 1346 1788 1398 nt
1802 1344 1900 1400 Deerit
1908 1359 2018 1418 semper

1249 1422 1392 1478 presens,
1412 1411 1441 1466 et
1466 1410 1507 1465 sic
1533 1416 1626 1468 seruet
1652 1428 1733 1469 snam
1761 1413 1955 1487 dilectionem,
1983 1421 2018 1474 ot

1251 1481 1329 1536 omni
1339 1481 1433 1537 studio
1442 1485 1565 1538 conetur
1577 1498 1677 1540 cavere
1692 1486 1741 1541 Dei
1751 1486 1946 1555 ostensionem.

1251 1583 1403 1639 bassanus
1417 1584 1654 1657 archiepiscopus,
1669 1585 1770 1644 dilecto
1784 1586 1840 1645 filio
1868 1603 1919 1645 sun
1938 1590 2017 1646 Wra-

1215 1685 1318 1739 aaran,
1333 1672 1448 1729 salutem
1462 1681 1489 1730 ct
1504 1674 1721 1732 benedictionem
1735 1676 1786 1732 Dei
1800 1679 1827 1733 et
1841 1694 1927 1735 suem.

1249 1761 1383 1832 Expertus
1397 1779 1457 1818 sum
1472 1766 1499 1818 te
1528 1777 1628 1836 magno
1657 1773 1682 1820 et
1710 1764 1805 1822 intimo
1832 1765 1932 1824 effectu
1974 1783 2018 1826 me

1214 1847 1340 1922 diligere,
1358 1855 1386 1906 et
1400 1850 1463 1906 ideo
1478 1867 1531 1906 non
1547 1867 1655 1924 possum
1680 1853 1717 1908 tui
1745 1853 1901 1912 dilectionis
1928 1856 2018 1914 ricem

1213 1951 1269 1993 non
1284 1937 1408 1994 reddere.
1424 1939 1522 2012 Diligis
1550 1956 1596 1996 me
1625 1947 1653 1996 ut
1681 1942 1787 2000 Patrem
1816 1943 1844 2000 in
1872 1946 1940 2014 Deo,
1969 1947 2018 2002 cui

1214 2034 1299 2082 tntum
1323 2035 1350 2083 te
1363 2028 1424 2084 sine
1438 2028 1610 2086 simulatione
1624 2030 1793 2099 commisisti,
1810 2040 1904 2107 elego
1932 2042 1959 2091 te
1985 2051 2017 2103 nr

1214 2114 1309 2181 tilium,
1327 2117 1372 2188 qui
1388 2117 1495 2172 sincera
1522 2116 1669 2176 dilectione
1696 2127 1723 2176 te
1755 2122 1877 2192 suscepi.
1908 2125 1931 2178 h
1958 2124 2017 2180 Deo

1214 2204 1340 2275 accepisti
1354 2212 1384 2261 ut
1398 2222 1442 2261 me
1456 2206 1594 2279 diligeres,
1612 2215 1639 2264 et
1652 2224 1704 2281 ego
1719 2225 1735 2264 e
1749 2209 1808 2266 Deo
1823 2211 1913 2268 babeo
1934 2220 1964 2268 ut
1992 2219 2017 2270 te

1213 2293 1253 2349 sic
1268 2292 1422 2365 diligerem.
1438 2292 1571 2363 Quoniam
1586 2311 1653 2368 ergo
1668 2312 1702 2352 ex
1717 2297 1776 2354 Deo
1796 2307 1837 2354 est
1863 2308 1956 2356 mutua
1970 2301 2017 2357 di-

1214 2381 1294 2437 lectio
1310 2391 1412 2451 nostra,
1433 2399 1487 2438 non
1501 2391 1588 2455 potest
1598 2384 1692 2451 deleri,
1708 2401 1759 2441 nec
1773 2386 1865 2456 debet,
1886 2389 1936 2444 nisi
1965 2391 2017 2447 boc

1213 2470 1295 2526 iaciat
1308 2471 1399 2542 alique
1412 2471 1441 2526 in
1455 2472 1541 2528 Deum
1555 2471 1680 2530 offensio.
1694 2473 1845 2549 Sicutergo
1858 2493 1946 2534 meam
1975 2479 2017 2536 vis

1213 2575 1326 2616 servare
1340 2561 1521 2627 dilectionem,
1537 2562 1575 2618 ita
1593 2562 1668 2618 omni
1681 2563 1771 2621 studio
1792 2579 1895 2623 conare
1921 2582 2017 2624 cerem

1214 2647 1266 2704 Dei
1281 2648 1470 2706 offensionem.
1486 2650 1575 2722 Dilige
1590 2658 1619 2705 ut
1633 2667 1677 2708 me
1691 2652 1800 2726 diligas,
1815 2655 1865 2710 sed
1878 2652 1943 2727 plus
1970 2655 2017 2710 di·

1213 2736 1270 2810 ligo
1284 2746 1314 2793 ut
1330 2737 1446 2810 teipsum
1461 2738 1570 2811 diliges.
1586 2739 1676 2812 Dilige
1690 2741 1818 2812 teipsum,
1833 2747 1862 2798 et
1885 2751 2016 2816 quantum

1212 2825 1684 2900 addilectionem,bebetomeipsum.
1698 2829 1765 2886 Esto
1773 2846 1879 2888 memor
1885 2832 2014 2890 monitio·

1212 2914 1380 2984 niemeae;et
1389 2932 1496 2988 semper
1504 2915 1714 2974 erisdilectienis
1723 2919 1808 2976 Deiet
1816 2920 1921 2978 subilla
1931 2938 2014 2988 mees;

1212 3020 1433 3077 nequeosemper
1441 3005 1776 3078 tibiesseprsssensDeus
1788 3015 1813 3064 te
1823 2997 2018 3084 custodieturi

1212 3093 1452 3166 ubiquepreeseus.
1464 3096 1562 3152 Donec
1577 3103 1604 3151 te
1618 3104 1647 3151 ut
1660 3111 1767 3169 semper
1780 3096 1820 3154 illi
1835 3099 1875 3156 sis
1884 3115 2016 3172 presens.

1459 3200 1629 3258 lll'lSTOluh
1665 3203 1764 3263 cxrtr.

1213 3303 1336 3346 essaeus
1350 3306 1387 3346 sn
1405 3306 1575 3347 meramors
1588 3307 1827 3352 rmorosoansars
1845 3309 2013 3354 sermonen.

1249 3451 1425 3524 presbyteros
1440 3453 1560 3508 concilio
1568 3452 1770 3520 inobedientes,
1786 3457 1876 3528 etqui
1893 3455 2018 3525 semines

1247 3524 1360 3577 recitent
1373 3523 1556 3590 dimitterem
1567 3525 1657 3579 sacris
1670 3523 1840 3597 prohiberet,
1849 3525 1921 3582 etad
1930 3527 2019 3582 erote·

1248 3595 1364 3649 siastira
1378 3596 1479 3649 missin
1494 3594 1566 3650 otios
1576 3609 1626 3651 seu
1640 3594 1759 3652 clericos
1786 3611 1837 3653 seu
1867 3596 2018 3653 monachos

1245 3665 1307 3720 iltis
1319 3664 1517 3721 substitueret.

1247 3769 1407 3834 desecans,
1424 3783 1517 3822 servus
1544 3766 1673 3825 Ecclesiae
1700 3768 1913 3837 Centusriensis,
1936 3770 2015 3827 Hea-

1213 3872 1301 3911 nasro
1315 3857 1444 3927 episcope
1458 3854 1659 3925 Thiotordensi,
1676 3858 1800 3914 salutem.

1248 3946 1289 4001 De
1302 3945 1474 4016 presbyteris,
1491 3944 1638 4015 dequibus
1654 3946 1749 4017 quaerit
1769 3955 1862 4003 vestra
1889 3948 2013 4018 pruden-

1213 4033 1250 4089 tia
1264 4032 1416 4101 consilium,
1431 4032 1586 4103 respondeo
1601 4031 1662 4105 quia
1676 4033 1744 4090 nibil
1770 4034 1945 4092 relaxandum
1973 4046 2014 4094 est

1213 4122 1247 4178 de
1262 4122 1305 4177 his
1320 4137 1379 4195 quse
1394 4120 1542 4180 constitute
1555 4130 1617 4177 sunt
1627 4122 1657 4178 in
1670 4124 1795 4180 concilio.
1812 4123 1946 4193 Quoniam
1960 4125 2013 4197 ipsi

1214 4220 1303 4267 eutem
1318 4210 1421 4266 malunt
1435 4209 1569 4266 dimittere
1592 4211 1723 4283 quidquid
1744 4215 1862 4284 pertinet
1884 4214 1919 4269 ad
1946 4230 2013 4287 pre·

1213 4300 1316 4371 sbyteri
1330 4299 1451 4356 officium
1461 4316 1540 4372 quam
1556 4300 1684 4368 feminas,
1699 4300 1723 4356 si
1737 4301 1822 4371 aliqui
1837 4302 2015 4360 inveniuntur

1213 4389 1292 4459 cesti,
1303 4387 1403 4445 iaciunt
1416 4404 1465 4461 pro
1479 4388 1532 4444 illis
1548 4403 1555 4453 ;
1571 4388 1594 4444 ei
1608 4395 1697 4444 autem
1711 4389 1800 4445 nullus
1827 4397 1874 4445 eut
1900 4390 2014 4462 perrois·

1212 4478 1274 4533 simi
1289 4477 1355 4533 tales
1369 4478 1552 4545 inveniuntur,
1565 4476 1662 4546 jubete
1693 4485 1724 4534 nt
1750 4478 1857 4535 interim
1884 4478 2012 4536 monachi

356 4593 457 4649 tionem
472 4595 502 4645 ut
521 4583 589 4641 nihil
617 4580 733 4648 dulcius,
759 4576 826 4634 nihil
855 4588 974 4648 unquam
1002 4570 1158 4628 existimare
1212 4567 1308 4622 missas
1323 4565 1529 4638 dicantpopulo
1557 4564 1603 4621 ubi
1630 4564 1682 4665 ipsi
1709 4565 1820 4635 tuemur,
1853 4574 1881 4623 et
1908 4566 2011 4667 iaciant

354 4678 440 4756 possis
452 4674 604 4749 jucundius.
617 4670 675 4727 lloc
701 4676 790 4725 eutem
814 4664 886 4738 quod
915 4664 980 4719 dico
1005 4660 1158 4733 intelligere
1213 4672 1311 4729 corpus
1325 4654 1444 4723 Domini,
1461 4654 1534 4727 quod
1548 4670 1599 4726 per
1612 4653 1726 4711 clemens
1739 4662 1862 4727 portetur
1889 4664 2008 4729 sagma„

352 4786 409 4827 non
423 4764 532 4840 poteris,
543 4762 595 4818 nisi
627 4760 654 4817 iu
680 4765 810 4831 quantum
833 4754 894 4827 ipso
922 4767 1007 4824 opere
1033 4747 1153 4821 experiri
1168 4768 1197 4833 D
1213 4744 1266 4815 Qui
1281 4742 1373 4801 clerici
1386 4753 1477 4802 vestre
1488 4744 1611 4813 jussione
1624 4742 1685 4800 vice
1699 4758 1778 4800 versa
1793 4744 1928 4817 accipient
1944 4758 2013 4801 con·

351 4856 479 4919 winerit-
1209 4835 1368 4903 sessionem,
1397 4840 1426 4889 et
1453 4832 1557 4889 iaciant
1582 4831 1793 4902 absolutionem,
1822 4841 1849 4889 et
1875 4834 2009 4905 sepeliant

387 4943 557 5003 ltultabona
573 4941 692 4996 domnus
707 4934 796 4992 abbas
811 4932 878 4988 mihi
907 4930 941 4987 de
968 4928 1153 4985 adolescentia
1207 4939 1322 4997 corpora
1335 4929 1514 4979 mortuorum.
1544 4920 1612 4990 Quae
1636 4920 1728 4977 omnis
1756 4921 1840 4978 etiam
1867 4923 2010 4979 monache.

352 5047 399 5095 tue
413 5032 513 5100 retulit,
529 5030 577 5086 sed
588 5044 671 5084 unum
686 5024 789 5082 eddidit
803 5020 877 5096 quod
891 5018 958 5077 mihi
972 5017 1083 5089 plaeere
1097 5030 1152 5071 non
1206 5011 1386 5089 prevectioris
1400 5010 1488 5066 aetatis
1515 5008 1677 5110 praeciper'e·
1692 5009 1817 5081 potestis,
1846 5010 1934 5069 donee
1958 5012 2008 5066 isra

351 5123 439 5200 potuit
454 5137 460 5176 ι
473 5118 660 5191 judicasenim
675 5114 772 5170 melius
785 5109 857 5183 quod
874 5116 934 5165 tuus
962 5122 1060 5163 sensus
1076 5103 1153 5177 eligit
1206 5102 1305 5161 duritia
1319 5100 1541 5172 presbyterorum
1555 5098 1613 5154 Deo
1628 5106 1755 5199 visitante
1768 5098 1912 5200 mollesopr
1927 5117 1936 5167 3
1951 5114 2008 5155 non

351 5228 433 5289 quam
449 5208 522 5284 quod
536 5204 690 5263 obedientie
711 5200 804 5275 exigit.
822 5198 890 5257 Cum
917 5196 989 5254 euim
1014 5185 1151 5251 scribendi
1204 5192 1278 5249 enim
1292 5190 1338 5246 diu
1352 5186 1467 5259 durabit,
1489 5188 1549 5243 Deo
1576 5195 1749 5286 propinante,
1779 5202 1804 5242 ss
1831 5204 1867 5287 m·
1883 5194 2008 5289 incaepto

349 5305 451 5363 habeas
476 5294 626 5363 scientiam,
647 5291 736 5363 majus
764 5287 835 5345 aliud
869 5286 933 5358 quid
957 5285 1005 5341 tibi
1040 5282 1151 5339 ridetur
1203 5277 1479 5353 perseveraverimus.
1505 5277 1545 5332 De
1572 5275 1721 5376 baptismo,
1734 5290 1801 5377 ‘vos
1828 5283 1904 5377 scine
1939 5292 2007 5349 qm.

349 5409 430 5469 quam
446 5386 568 5446 scribere
582 5399 631 5456 per
651 5377 844 5438 obedientiam.
864 5376 960 5431 Certus
983 5388 1051 5446 ergo
1080 5380 1149 5434 esto,
1204 5370 1358 5443 quicunque
1372 5365 1502 5439 baptizet,
1518 5366 1640 5467 Christus
1668 5362 1797 5435 baptizat.
1827 5365 1915 5465 Laicis
1942 5380 2005 5421 nm-

347 5481 420 5558 quod
434 5473 530 5534 melior
545 5481 584 5530 est
598 5486 652 5528 una
666 5467 753 5526 oratio
770 5464 922 5523 obedientis
946 5478 1028 5535 quem
1056 5460 1149 5517 decern
1204 5460 1296 5524 nibus,
1313 5455 1460 5527 majoribus
1474 5462 1501 5511 et
1514 5453 1678 5553 minoribus,
1694 5468 1731 5509 ex
1745 5461 1825 5554 perte
1838 5454 1889 5510 Der
1900 5461 1943 5553 'et
1970 5468 2006 5510 01

348 5570 435 5629 millis
462 5564 613 5622 orationum
643 5554 851 5618 contemnentis.
882 5554 979 5609 bloneo
1003 5550 1095 5623 itaque
1121 5556 1151 5605 ut
1204 5554 1281 5619 perte
1295 5546 1420 5603 omniurn
1435 5550 1557 5600 nostrum
1572 5559 1618 5613 qur
1632 5543 1688 5599 hoc
1699 5550 2006 5599 consmmmusmcora

348 5660 433 5719 hlium
453 5650 640 5713 charissimum
656 5655 684 5706 et
706 5645 864 5703 dilectorem
891 5656 994 5712 meum,
1023 5647 1052 5696 ut
1079 5639 1149 5695 obe·
1204 5634 1267 5694 cilio
1282 5635 1349 5708 (53),
1364 5632 1487 5707 rogando
1500 5630 1653 5706 precipite,
1679 5638 1709 5687 ut
1736 5631 1758 5687 si
1785 5631 1953 5690 Christianos
1973 5646 2005 5691 se

386 5894 444 5969 (53)
459 5889 558 5949 Habito
572 5881 726 5945 tondente
739 5896 788 5939 sss.
805 5878 885 5950 tros,
899 5873 1069 5949 presidente
1083 5870 1112 5930 S.
1124 5868 1266 5930 emerso.
