4750 6725
414 571 470 629 *HS
903 558 1061 623 bunut-uu
1075 556 1355 622 comaclensis
1381 563 1539 623 ttONttttt
2024 562 2085 620 ttt
2170 614 2171 617 ,

415 695 510 766 eisque
531 692 572 763 (nt
582 691 688 764 justum
697 690 749 760 est)
762 703 815 761 per
827 689 921 746 omnia
935 688 1126 759 obtemperare
1142 688 1217 758 volo,
1233 690 1260 751 Α
1274 687 1412 759 dicebant)
1427 688 1457 745 in
1470 689 1520 747 Dei
1540 687 1653 747 servitio
1680 688 1769 747 solum
1797 689 1965 759 conversari,
1995 706 2085 762 qoam
2170 662 2171 667 ἵ

417 793 445 841 et
458 778 778 851 secundumeajudicari
791 794 844 850 pro
858 778 965 835 ratione
986 776 1141 834 nullatenus
1169 776 1218 832 ab·
1271 775 1443 834 insudantem
1458 776 1611 834 ministerio
1633 778 1784 851 ponutedi
1808 778 1909 852 jurgiis
1934 778 2084 835 bominum

415 888 481 929 nno.
505 874 641 940 tuamen,
667 883 774 940 precor,
801 867 869 922 mibi
894 866 993 925 dicatis
1020 865 1149 937 quidnam
1173 864 1217 935 sit,
1272 865 1392 937 quotidie
1406 865 1527 939 fatigari.
1548 867 1639 924 Sensit
1665 866 1812 941 prudentia
1840 868 1891 925 viri
1918 867 2082 939 hujusmodi

415 960 556 1033 quodiam
569 957 764 1031 perplurimos
778 971 866 1013 annos
880 956 978 1012 litteris
1004 955 1039 1011 ab
1066 953 1220 1027 apostolica
1272 956 1415 1012 consilium
1427 954 1500 1027 quali
1529 955 1564 1013 de
1592 956 1669 1014 lonte
1688 956 1840 1013 manarit:
1870 962 1900 1013 et
1926 956 2083 1013 admiratus
2171 1010 2172 1013 ,

414 1052 481 1107 sede
499 1049 608 1105 directis
617 1046 811 1103 inobedientes
820 1045 947 1114 existitis,
963 1052 991 1101 et
1006 1051 1146 1115 tantopere
1174 1058 1219 1098 me
1273 1042 1397 1101 fraudem
1425 1045 1544 1113 illumm,
1579 1045 1626 1101 tali
1651 1060 1747 1103 omues
1763 1044 1887 1102 oratioue
1913 1045 2082 1102 confutavit.

415 1139 556 1208 accusatis,
568 1136 644 1209 quod
659 1152 705 1192 eas
723 1135 907 1192 institutiones
935 1133 1072 1191 Tbeodori
1091 1150 1146 1190 non
1173 1148 1221 1189 re-
1275 1156 1286 1181 r
1305 1133 1403 1202 Virtus,
1420 1133 1468 1203 ait,
1484 1133 1540 1191 veri
1555 1134 1664 1190 consilii
1679 1150 1740 1207 quae
1755 1142 1911 1191 numeratur
1925 1134 1954 1189 in
1971 1141 2084 1207 septem

415 1228 497 1300 cipio,
512 1243 580 1298 quas
593 1227 653 1298 ipse
667 1240 723 1281 non
736 1225 897 1281 anctoritate
920 1224 1064 1291 canonino,
1092 1221 1141 1279 sed
1160 1222 1219 1277 dis-
1273 1220 1352 1277 donis
1363 1221 1482 1294 Spiritus
1495 1222 1593 1289 sancti,
1614 1223 1720 1279 nibiliu
1734 1238 1764 1280 se
1777 1222 1956 1297 delplioitatis
1975 1224 2085 1279 admit-

415 1318 508 1374 cordia
520 1316 641 1373 dictante
650 1314 813 1386 composuit,
829 1319 860 1369 ut
883 1328 934 1370 vos
961 1312 1015 1385 ipsi
1042 1311 1147 1383 optime
1170 1324 1221 1367 no·
1274 1310 1327 1365 tit:
1344 1324 1377 1366 ac
1395 1310 1435 1366 sic
1449 1327 1502 1381 quo
1517 1311 1679 1382 simpliciori
1689 1311 1765 1369 toute
1775 1311 1909 1383 procedit,
1925 1327 1958 1368 eo
1987 1312 2084 1369 locum

414 1408 500 1464 stis.»
1273 1398 1302 1455 ln
1316 1398 1407 1456 animo
1421 1398 1516 1455 lamuli
1531 1398 1580 1455 Dei
1596 1414 1650 1472 quo
1664 1399 1835 1473 suscipiatur,
1856 1398 1973 1456 liberius
1997 1401 2084 1457 inre-

449 1498 495 1551 bl.
506 1495 552 1550 Ad
566 1509 627 1565 queo
640 1508 703 1549 curn
727 1491 812 1550 verba
838 1490 948 1563 penitus
970 1489 1076 1547 ratiom
1098 1488 1221 1546 carentia
1273 1489 1325 1543 nit.
1342 1488 1466 1543 Vestrum
1481 1497 1571 1545 autem
1582 1488 1734 1557 consilium,
1746 1490 1820 1560 quod
1829 1489 2006 1561 simplicitate
2020 1490 2086 1563 Spi-

417 1584 525 1641 turbato
538 1578 1006 1651 murmurejocnlorentur,1nvenis
1035 1578 1146 1649 qnidam
1168 1593 1221 1635 cu·
1274 1576 1344 1633 ritus
1358 1578 1447 1635 sancti
1461 1592 1554 1635 carere
1569 1576 1656 1649 quivis
1665 1578 1822 1651 intelligere
1835 1586 1934 1649 potest,
1963 1586 2042 1635 tanto
2068 1594 2086 1635 a

415 1672 500 1742 rialis,
508 1671 569 1729 viro
583 1669 692 1727 Domini
710 1668 782 1724 beno
806 1667 957 1733 familiaris,
987 1667 1219 1724 circumstantium
1275 1680 1319 1722 ma
1333 1664 1442 1739 lougius
1456 1666 1567 1737 abjicio,
1584 1674 1684 1737 quanto
1698 1682 1732 1723 cx
1746 1667 1780 1723 iis
1793 1667 1894 1739 quoin
1917 1682 1963 1723 me
1991 1668 2084 1741 primo

415 1760 590 1818 multitudine
603 1774 665 1815 sose
678 1757 822 1825 immersit,
836 1771 868 1813 ao
892 1755 926 1811 ad
954 1754 1031 1811 illum
1058 1755 1220 1827 perveniens
1273 1754 1447 1827 congessistis
1461 1754 1532 1811 nude
1546 1754 1678 1827 procedat
1695 1755 1784 1827 aptius
1809 1756 1903 1813 video.
1936 1756 2085 1813 blendacitt

417 1850 442 1907 ei
465 1851 546 1905 totius
572 1846 760 1903 tumultuantis
783 1844 893 1902 concilii
917 1860 1025 1901 caumm
1053 1843 1169 1915 spernit,
1192 1852 1221 1899 ut
1273 1858 1372 1914 nempe
1386 1858 1446 1916 quae
1461 1852 1566 1901 comtra
1580 1859 1624 1901 me
1646 1844 1781 1903 malitiose
1794 1844 1996 1917 composuistis,
2025 1860 2084 1903 non

417 1938 469 1993 sibi
483 1936 628 2008 providere
648 1934 756 1991 suasit:
781 1933 927 1991 confestim
957 1948 1009 2004 per
1036 1934 1111 1989 viam
1137 1948 1219 2003 quam
1275 1940 1423 2003 potueruut
1436 1949 1470 1988 ex
1485 1949 1514 1989 se
1530 1948 1676 2003 procreare
1690 1932 1792 1990 douum
1811 1933 1929 2006 Spiritus
1943 1933 2079 1991 resimis.

417 2033 532 2083 venerat
543 2024 667 2082 clanculo
680 2023 785 2080 curiam
816 2023 907 2078 rediit.
930 2021 1108 2078 Praemonitos
1134 2021 1220 2093 igitur
1236 2050 1262 2111 Β
1277 2020 1368 2089 Quare
1382 2020 1530 2079 secundum
1545 2022 1687 2079 consilium
1715 2037 1809 2079 verum
1831 2022 1933 2095 proprii
1962 2038 2081 2079 ceastre

417 2125 444 2174 et
459 2115 633 2188 praemunitos
646 2113 777 2169 relatione
797 2110 886 2167 fidelis
913 2111 1004 2180 amici,
1034 2118 1109 2167 tanto
1137 2126 1221 2167 cons·
1275 2109 1371 2181 judieii
1387 2126 1431 2167 me
1445 2109 1533 2183 gradu
1548 2109 1710 2167 sacerdotali
1724 2126 1779 2167 nou
1792 2109 1931 2181 dejiciam,
1947 2112 2013 2182 quia
2036 2112 2083 2168 la-

416 2205 516 2261 tantius
530 2202 666 2275 requitatis
674 2202 724 2257 sibi
739 2200 927 2257 defensionem
941 2198 1068 2268 adscivit,
1076 2208 1176 2269 quanto
1195 2216 1223 2273 eg
1278 2205 1337 2255 teor
1354 2198 1438 2271 quod,
1453 2200 1516 2257 licet
1530 2200 1666 2272 indignus,
1682 2215 1767 2271 opera
1795 2204 1886 2256 tamen
1918 2200 2081 2271 pontificatu

416 2294 492 2367 ipsos
503 2292 613 2363 judices
631 2307 696 2347 suos
726 2290 843 2347 scienter
864 2296 957 2345 contra
979 2289 1112 2359 justitiam
1139 2304 1222 2361 agere
1276 2302 1331 2344 non
1341 2288 1513 2345 mediocriter
1527 2288 1612 2362 digna
1627 2289 1736 2360 adjutus
1760 2288 1869 2345 Domini
1896 2290 1987 2363 gratis
2014 2290 2082 2347 leci.

416 2382 509 2440 scivit.
530 2382 590 2437 Stat
604 2380 689 2453 igitur
709 2378 780 2435 inter
807 2378 953 2433 verborum
980 2377 1073 2448 jacula
1100 2394 1221 2442 securos,
1276 2376 1346 2433 ilinc
1360 2384 1412 2444 est,
1428 2376 1575 2450 quodecoe
1589 2392 1641 2449 per
1655 2392 1741 2434 annos
1754 2376 1938 2450 quadraginta
1959 2378 2082 2437 inteme-

417 2470 546 2543 qnoninm
562 2486 618 2526 sote
632 2469 745 2524 libertas
759 2466 935 2524 conscientie
963 2465 1052 2522 luerat
1077 2465 1103 2521 ei
1124 2465 1222 2521 dextra
1276 2472 1344 2521 ratae
1360 2464 1423 2522 fidei
1438 2466 1577 2523 temutem
1592 2465 1691 2537 quibus
1705 2464 1781 2537 potui
1795 2464 1953 2537 praedicavi,
1969 2474 1998 2524 et
2008 2482 2082 2524 con-

416 2560 538 2630 loevaque
552 2557 767 2630 impenetrabilis
781 2572 885 2612 murus.
901 2555 980 2624 Quod
992 2554 1039 2610 ubi
1053 2562 1222 2626 compertum
1277 2554 1439 2610 tradicentes
1452 2554 1553 2611 invicta
1562 2554 1669 2611 ratione
1684 2553 1782 2622 devici,
1796 2553 1919 2613 devictos
1942 2554 1978 2609 ab
2003 2556 2081 2612 omni

417 2648 548 2716 habuere,
559 2662 640 2718 quem
653 2645 745 2703 verbis
773 2660 903 2715 superare
929 2643 1089 2715 nequibant,
1116 2642 1223 2713 iniectis
1278 2642 1419 2699 vamtatem
1434 2644 1558 2699 docendo
1573 2658 1666 2699 errore
1680 2642 1797 2712 correxi,
1810 2652 1947 2701 correctos
1976 2644 2083 2700 lumine

416 2737 498 2793 minis
511 2735 547 2792 ad
558 2752 635 2791 sunm
646 2735 718 2793 velle
731 2734 896 2806 detorquere
917 2732 1088 2803 quaerebant.
1116 2730 1223 2801 Quibus
1277 2732 1353 2789 verbi
1365 2731 1414 2787 Dei
1428 2732 1604 2803 perlustravi,
1619 2747 1652 2789 ac
1665 2730 1796 2789 membris
1823 2732 1952 2789 Ecclesia
1980 2733 2082 2790 Christi

416 2842 480 2884 cum
494 2840 627 2896 responsa
641 2824 706 2879 data
720 2824 756 2879 ad
770 2822 952 2878 illorumvota
977 2820 1089 2877 minime
1115 2821 1221 2878 veltet:
1277 2820 1412 2892 copulavi.
1426 2821 1489 2877 llaec
1504 2828 1662 2877 tamennon
1677 2836 1742 2895 ago,
1771 2820 1820 2878 sed
1846 2822 1920 2878 Deus
1946 2822 2006 2893 ipse
2032 2838 2086 2895 per

420 2938 432 2965 ι
450 2914 536 2981 Scito,
552 2912 687 2985 inquiunt,
699 2911 772 2982 quod
784 2912 856 2981 iusta
879 2909 1063 2966 damnationis
1089 2908 1224 2965 sententia
1278 2926 1332 2965 me.
1347 2911 1438 2966 iditum
1450 2910 1561 2981 insuper
1574 2910 1768 2968 ecclesiasticae
1783 2910 1983 2969 observationis
2005 2912 2085 2967 mnl-

417 3002 549 3075 pirnieris,
566 3001 618 3055 nisi
632 3000 686 3056 cito
695 3015 727 3055 ea
737 3016 799 3073 quae
813 2998 865 3054 tibi
876 3006 939 3054 sunt
962 2998 1069 3067 obiecta
1091 2998 1155 3055 dato
1182 3013 1225 3053 re-
1279 2998 1311 3055 tis
1324 3015 1375 3069 per
1386 2999 1512 3071 angliam
1527 3000 1593 3056 locis
1607 2999 1712 3057 Scotino
1725 2998 1875 3055 traditione
1890 2999 2083 3072 depravatum,

418 3104 521 3162 sponso
536 3088 681 3145 deleveris.
695 3110 707 3136 r
723 3090 757 3143 tt
771 3088 818 3143 ille
834 3106 840 3142 :
858 3108 870 3135 s
888 3087 929 3142 td
943 3086 1032 3156 majus
1056 3087 1130 3157 quod
1157 3087 1224 3142 milri
1277 3087 1428 3159 apostolica
1442 3088 1523 3144 lultus
1536 3088 1706 3156 auctoritate,
1722 3088 1839 3145 correxi.
1855 3088 1983 3146 Haeccine
2008 3090 2085 3145 alia-

419 3178 528 3235 avobis
539 3177 677 3247 objectum
691 3191 752 3233 esse
765 3175 899 3247 intelligo,
915 3174 1019 3232 seilicet
1042 3191 1088 3231 me
1110 3175 1226 3231 decretis
1279 3192 1331 3247 que
1344 3176 1481 3249 perplura,
1497 3193 1611 3249 quorum
1626 3177 1655 3233 in
1676 3177 1804 3249 prasenti
1832 3176 1968 3234 reminisci
1992 3179 2085 3252 piget,

419 3265 535 3341 gloriosi
548 3264 750 3321 centuariensis
770 3263 902 3320 Ecclesiae
928 3264 1054 3335 presulis
1076 3264 1151 3320 nolle
1175 3279 1224 3335 pa·
1279 3266 1330 3322 boc
1344 3274 1547 3333 meruerunt‚ut
1561 3267 1637 3337 quasi
1664 3267 1755 3339 legum
1783 3266 1904 3339 proditor
1929 3266 2086 3341 patriaque

419 3372 494 3425 cere,
507 3354 567 3426 jam
580 3352 711 3426 respondi
728 3368 735 3424 ;
750 3361 778 3409 et
791 3352 954 3425 booipsum,
970 3353 996 3409 si
1017 3354 1109 3423 vultis,
1125 3352 1222 3409 iterum
1279 3354 1526 3428 delatornusqnam
1542 3363 1613 3412 tutus
1639 3371 1697 3412 esse
1723 3356 1899 3428 permittar?
1932 3356 2085 3428 eraeccptts

419 3447 574 3518 iterumque
586 3442 753 3515 respondeo,
776 3443 849 3514 qnod
875 3443 934 3513 ejus
956 3443 1096 3500 canonicis
1115 3443 1222 3498 iustitu-
1237 3406 1261 3470 C
1276 3444 1373 3501 saltem
1388 3445 1641 3518 apostolicaesedis,
1661 3461 1722 3517 quse
1736 3445 1842 3516 mejam
1870 3443 1953 3502 simili
1982 3446 2086 3516 injuria

419 3535 540 3594 tionibus
553 3550 604 3606 per
618 3533 709 3590 omnia
723 3531 825 3602 subjici
838 3533 914 3590 volo.
931 3555 943 3582 r
960 3531 1028 3602 Qum
1041 3532 1130 3588 verba
1143 3531 1221 3590 irau·
1276 3543 1430 3591 accusatum
1444 3545 1524 3607 atque
1539 3535 1697 3592 damnatum
1712 3551 1891 3605 excusavere,
1907 3542 1935 3592 et
1962 3535 2084 3591 absolu-

418 3620 532 3677 d‘nlentn
544 3618 767 3675 moxcalliditate
790 3633 824 3673 es
850 3632 898 3674 ore
925 3618 985 3687 eius
1007 3625 1165 3689 rapuerunt,
1194 3628 1222 3677 et
1277 3631 1332 3678 turn
1347 3639 1408 3680 esse
1427 3625 1600 3694 consitncre,
1613 3624 1819 3697 obtemperetis,
1835 3625 1857 3680 si
1870 3638 1922 3681 uec
1934 3639 2086 3695 proamo-

417 3709 470 3766 boc
491 3709 550 3780 ejus
577 3706 705 3763 dirorum
731 3706 895 3764 canonicum
921 3706 1073 3762 institutum
1102 3723 1164 3763 esse
1193 3714 1222 3762 ut
1276 3727 1315 3779 re,
1331 3726 1382 3768 nec
1397 3727 1445 3784 pro
1460 3713 1558 3769 timore
1573 3712 1621 3769 Dei
1636 3713 1756 3784 quietum
1771 3729 1830 3770 esse
1844 3714 2000 3784 permittere
2014 3713 2087 3769 vut-

417 3797 530 3869 superbi
543 3805 571 3852 et
584 3795 774 3852 inobedientes
787 3794 984 3866 deprimantur,
1007 3796 1126 3852 bumiles
1151 3811 1219 3852 tero
1276 3800 1318 3857 tis.
1335 3801 1402 3869 Sed,
1418 3807 1536 3873 utputo,
1551 3801 1807 3874 illapraeceptaaut
1826 3801 1902 3858 obliti
1927 3801 2001 3869 estis,
2030 3809 2086 3858 aut

417 3893 445 3942 et
458 3885 618 3942 obedientes
627 3883 808 3940 extollantur.
830 3905 842 3933 a
858 3883 899 3938 Tu
914 3892 1004 3939 numm
1021 3892 1150 3941 econtra
1166 3885 1219 3941 dn·
1276 3897 1349 3945 certe
1363 3891 1431 3947 scita
1447 3899 1495 3946 aut
1507 3891 1618 3965 cognita
1631 3906 1681 3963 pro
1704 3891 1790 3948 nihilo
1817 3887 1924 3947 ducitis.
1949 3888 2086 3962 Quapro-

419 3975 510 4029 minos
524 3980 585 4027 tuos
599 3971 793 4042 insuperbiam
808 3986 839 4026 es
865 3971 962 4041 elatus,
991 3980 1018 4027 et
1045 3971 1220 4030 nibilominus
1275 3978 1408 4050 pterlicet
1422 3979 1497 4036 senio
1511 3981 1564 4034 sim
1578 3981 1727 4048 conlectus,
1748 3997 1777 4036 re
1792 3987 1883 4036 umen
1898 3993 1962 4035 vera
1989 3993 2086 4036 nove·

418 4060 624 4130 archiepiscopo
650 4065 699 4113 tuo
726 4058 888 4114 inobediens
910 4060 1113 4131 comprobatus.
1142 4059 1220 4130 Qua·
1275 4066 1336 4123 ritis
1351 4083 1394 4124 mo
1408 4069 1504 4126 ltomae
1519 4084 1612 4126 coram
1631 4069 1782 4141 apostolica
1810 4069 1877 4126 sede
1901 4067 2087 4141 probaturum

419 4157 530 4222 propter
542 4162 620 4218 taqua
634 4146 741 4202 radone
751 4146 906 4216 judicatum
920 4156 947 4204 et
967 4155 1095 4204 statutum
1122 4158 1166 4206 est
1192 4159 1221 4207 ut
1275 4157 1507 4228 essocalumuias,
1522 4174 1588 4229 quas
1617 4157 1683 4214 mibi
1711 4173 1760 4230 pro
1789 4157 1864 4231 regis
1892 4156 2089 4230 indignatione

419 4237 545 4294 omnibus
572 4236 627 4290 tuis
654 4235 794 4308 spoliatus,
823 4235 947 4293 elationis
974 4244 1002 4292 et
1028 4236 1220 4296 inobedientia
1275 4244 1424 4317 imponitis,
1433 4261 1511 4302 veras
1524 4261 1579 4304 non
1593 4262 1655 4304 esse
1670 4265 1677 4311 t
1693 4263 1745 4304 nec
1759 4247 1851 4303 minus
1865 4261 1930 4302 vere
1944 4261 1987 4301 me
2002 4261 2087 4318 prae-

418 4341 516 4400 tloenbs
530 4324 666 4382 ²¹⁵0¹V⁸⁸·
685 4343 697 4375 ’
715 4322 776 4393 0¹¹0
791 4323 884 4381 ᾶΰᾶῑῑθ
898 4325 1000 4382 ¹¹⁰“0r
1018 4334 1045 4381 θῑ
1072 4327 1149 4398 19508
1172 4327 1221 4383 ini·
1275 4331 1430 4390 dicaturom
1442 4351 1502 4392 osse
1516 4335 1617 4404 sciatis,
1632 4335 1708 4407 quali
1723 4335 1811 4392 studio
1832 4331 1999 4392 sacerdotale
2028 4335 2089 4390 rni-

419 4416 507 4472 micos
529 4414 590 4485 ejus
612 4413 722 4483 invasit,
748 4412 870 4471 dicentes
893 4413 1009 4485 impium
1031 4430 1101 4485 esse,
1130 4417 1220 4473 virum
1275 4422 1417 4478 uisterium
1431 4423 1543 4496 geratis,
1560 4423 1605 4494 qul
1620 4422 1710 4497 magis
1723 4423 1807 4482 vultis
1820 4423 1959 4495 injustitia
1991 4423 2089 4479 bomi-

418 4518 636 4578 quaquaversum
659 4502 816 4560 nationibus
837 4503 1027 4560 honorabilem
1048 4505 1088 4560 sic
1114 4506 1220 4578 absque
1275 4511 1451 4582 numlasere,
1466 4529 1548 4586 quant
1561 4512 1694 4583 justitiam
1703 4511 1755 4570 Dei
1778 4519 1884 4570 tenera.
1904 4510 1983 4581 Quod
2010 4513 2090 4570 saus

416 4593 474 4651 ullo
487 4600 561 4650 certo
572 4590 685 4648 ommino
698 4591 830 4647 omnibus
844 4591 900 4646 nnis
914 4592 1037 4662 spoliari.
1067 4593 1144 4650 Unde
1171 4611 1219 4650 rex
1274 4606 1317 4656 est
1331 4599 1515 4670 manifestum,
1532 4601 1597 4657 dnm
1612 4617 1665 4674 me,
1681 4609 1776 4659 contra
1788 4616 1898 4674 aequum
1917 4608 1943 4657 et
1969 4615 2088 4670 verum,

417 4687 444 4738 et
457 4679 690 4753 atcbiepiscopus,
706 4694 721 4735 a
736 4679 876 4737 nonnullis
887 4680 1063 4751 interpellati,
1079 4691 1220 4739 monaste·
1274 4695 1348 4746 tanto
1362 4688 1452 4746 studio
1477 4689 1655 4763 impugnatis,
1676 4705 1759 4764 quem
1782 4688 1893 4748 verimi
1919 4697 1945 4746 et
1965 4690 2090 4760 iustitias

417 4771 487 4827 rium
501 4769 575 4841 quod
589 4769 649 4841 ipsa
662 4767 758 4825 beatus
772 4767 921 4825 Willridus
936 4768 966 4824 in
980 4769 1082 4842 liliipis
1109 4771 1150 4843 (nt
1170 4788 1220 4828 su·
1234 4765 1261 4828 D
1276 4776 1384 4833 studere
1398 4785 1494 4848 apertu
1504 4778 1607 4835 ratione
1623 4779 1720 4836 videtis
1737 4793 1744 4849 ;
1759 4787 1787 4836 et
1800 4779 1915 4853 insuper
1937 4777 2005 4834 nibil
2037 4781 2090 4837 ad-

417 4860 510 4932 periut
522 4857 652 4929 dminus)
667 4861 870 4924 commerata
885 4856 910 4911 ei
925 4871 988 4913 011¹ss
1002 4858 1131 4914 omnihus
1159 4877 1222 4934 qum
1277 4865 1348 4924 versi
1366 4881 1417 4938 pro
1432 4865 1475 4937 iis,
1492 4866 1589 4938 quibus
1604 4883 1650 4924 me
1667 4868 1808 4938 assumtis,
1828 4865 1997 4926 conscientia
2011 4876 2091 4929 teste

416 4947 452 5005 ad
465 4947 533 5004 illud
547 4945 725 5018 pertinebant
736 4960 908 5014 concessere,
924 4962 957 5002 ea
980 4945 1137 5004 conditione
1157 4963 1222 5019 pro·
1276 4955 1403 5012 meritum
1418 4955 1453 5012 ad
1467 4957 1519 5013 boo
1534 4957 1641 5014 tentatis
1650 4957 1809 5029 perducere,
1820 4959 1953 5014 utcontra
1978 4956 2027 5027 jus
2056 4960 2088 5017 in

416 5036 516 5108 posita,
531 5044 560 5091 at
574 5035 631 5090 illic
658 5035 763 5106 quietus
786 5035 902 5103 sederet,
930 5043 958 5090 et
984 5034 1088 5108 absque
1115 5036 1224 5095 licentia
1277 5044 1410 5116 meipsum
1424 5045 1776 5104 seutentiamdamnotionis
1798 5043 1914 5103 edicam.
1943 5045 2000 5102 Sed
2029 5046 2092 5106 bac

417 5125 582 5196 regissepta
596 5124 753 5180 monasterii
767 5137 822 5180 uon
838 5123 935 5197 exiret,
951 5139 1003 5182 nec
1025 5140 1119 5182 curam
1146 5127 1222 5201 epis·
1276 5133 1304 5190 in
1320 5149 1349 5191 re
1364 5133 1493 5192 noveritis
1508 5135 1580 5206 quod
1595 5135 1674 5193 vohis
1701 5149 1873 5209 nequaquam
1898 5133 2088 5208 consentiam,

421 5213 528 5283 copulis
541 5209 621 5268 0ffi0ii
635 5211 748 5268 ulteriut
760 5213 973 5270 administraret·
1276 5221 1324 5278 sed
1342 5221 1506 5281 fiducialiter
1520 5222 1628 5296 appello
1643 5222 1738 5282 sedem
1760 5225 1949 5298 apostolicam.
1975 5223 2089 5282 Verum

454 5299 499 5356 55.
521 5299 579 5356 liae
602 5299 686 5372 igitur
710 5300 805 5356 mutati
830 5301 929 5372 judicii
957 5304 1101 5362 clementia
1127 5321 1222 5364 coram
1276 5317 1365 5368 antem
1380 5311 1502 5384 quisquis
1513 5327 1620 5370 mecum
1635 5313 1793 5386 ageravult,
1812 5328 1888 5372 ame
1897 5311 1979 5369 bodie
2005 5313 2090 5370 inri-

416 5387 547 5446 omnibus
561 5397 688 5444 accurato
702 5403 828 5445 sermone
842 5391 966 5461 exposita
981 5393 1016 5449 ad
1028 5395 1081 5452 boc
1107 5395 1221 5454 labora·
1276 5406 1348 5456 tatus
1363 5415 1470 5457 mecum
1489 5399 1554 5459 illuc
1582 5401 1618 5457 ad
1643 5401 1776 5472 judicium
1797 5410 1934 5478 pergat·
1961 5401 2087 5461 Talibus

416 5486 475 5535 tum
489 5483 540 5547 est,
555 5483 583 5531 et
595 5475 728 5532 Wilirido
743 5477 820 5547 qussi
848 5479 915 5536 utile
942 5482 1085 5539 consilinm
1112 5485 1217 5559 dutum,
1273 5487 1364 5547 verbis
1379 5505 1427 5546 rex
1441 5489 1469 5544 in
1487 5489 1655 5547 iracundiam
1666 5491 1843 5548 vehementer
1863 5505 2004 5561 accensus,
2022 5493 2087 5550 vio

416 5571 551 5640 qnatenus
565 5563 681 5636 ipsemet
694 5580 744 5637 pro
754 5565 802 5637 pin
815 5566 1012 5642 subscriptione
1023 5588 1053 5629 se
1070 5571 1219 5647 degradari
1273 5577 1356 5635 lautia
1369 5579 1411 5635 sui
1425 5577 1562 5638 exercitus
1572 5595 1636 5638 enm
1648 5579 1813 5654 opprimere,
1842 5589 1870 5638 et
1895 5579 1930 5637 ad
1957 5579 2085 5638 subenn-

415 5654 452 5714 ab
466 5652 559 5712 cilicio
575 5653 726 5726 episcopali
740 5653 867 5727 eligeret,
883 5672 938 5728 quo
965 5657 1035 5718 liber
1060 5677 1078 5718 a
1105 5664 1220 5722 tumultu
1273 5668 1339 5725 dum
1353 5667 1571 5738 iudiciumsunm
1595 5683 1695 5743 cogare
1717 5669 1863 5744 cogitabat,
1892 5667 1915 5725 si
1947 5668 2087 5744 nsotept

415 5743 590 5804 secularium
604 5741 829 5816 contemplationi
848 5746 911 5804 vitae
926 5747 1047 5807 coelestis
1073 5749 1217 5812 intendere
1272 5757 1349 5831 scopi
1363 5773 1526 5816 consensum
1541 5757 1569 5817 in
1583 5759 1636 5818 boc
1650 5757 1782 5832 potuisset
1794 5758 1905 5817 babere.

415 5841 509 5906 posset
523 5849 530 5887 ε
546 5833 700 5906 praesertim
714 5849 776 5892 cum
786 5831 811 5892 ei
825 5833 932 5895 felicius
945 5845 1019 5896 mast
1034 5839 1163 5912 privatim
1177 5844 1218 5916 (ut
1306 5848 1355 5906 ot.
1375 5848 1439 5906 Post
1452 5847 1513 5910 baec
1526 5847 1658 5928 concione
1671 5845 1809 5913 cicestr
1820 5845 1929 5908 Domini
1938 5848 2082 5922 edicam
