4750 6725
347 553 399 614 287

794 555 845 642 ιι
865 554 982 617 οιιιι
999 555 1027 616 s.
1049 549 1202 614 insuam
1219 553 1415 614 ιιιιιιιιιι.

1946 544 1998 606 tte

347 695 408 740 eum
424 695 506 758 super
521 689 618 742 terram
633 681 702 744 baua
717 683 751 742 ad
766 693 819 742 tras
833 680 1143 758 passusdelocacruais.
1160 683 1187 743 A
1202 692 1246 738 me
1265 683 1385 739 loannes
1407 681 1442 739 ad
1465 679 1605 741 civitatem
1628 674 1727 738 ducere
1747 672 1839 747 uellet,
1863 679 1891 733 et
1911 687 1929 732 a
1952 690 1999 732 se-

348 771 730 849 Etegoceputejusiasiuum
740 771 1145 848 meumrecipiensamarissime

348 859 413 918 Here
436 866 517 935 coepi,
541 865 633 920 dicens
650 881 655 918 :
672 865 750 920 lleul
772 862 930 919 dulcissime
954 861 1012 930 lilii,
1037 861 1144 932 qualem

348 951 562 1008 consolationem
587 953 672 1008 habco
696 950 728 981 ”⁷
751 968 812 1023 quae
832 959 966 1008 mortuum
991 949 1075 1005 lilium
1094 964 1145 1007 co·

347 1054 407 1094 ram
423 1037 452 1069 '⁵'
466 1056 509 1096 rue
523 1040 617 1097 video.
637 1043 711 1098 Tunc
725 1055 872 1098 accurrens
886 1041 1007 1097 loannes
1022 1055 1145 1111 evauge-

350 1125 410 1183 liste
424 1128 523 1185 cecidit
536 1145 617 1198 super
639 1137 733 1201 peetus
755 1130 829 1198 lesu,
843 1129 956 1200 plorans
980 1136 1006 1185 et
1030 1128 1144 1184 diceus:

349 1215 417 1283 Hau,
434 1219 495 1284 beu,
512 1217 545 1273 de
557 1218 607 1274 isto
622 1227 730 1289 pectore
744 1218 803 1274 heri
817 1219 944 1291 putabam
954 1217 1145 1286 dutciaverba,

349 1303 431 1360 bodie
444 1304 474 1335 ²⁰⁸
490 1305 573 1362 tristia
588 1315 614 1364 et
628 1307 827 1363 lamentabilia.
844 1308 919 1363 Tunc
943 1309 1035 1364 Petrus
1060 1309 1147 1364 adve-

349 1391 404 1455 nit;
421 1401 448 1450 ει
470 1395 542 1465 quod
566 1395 652 1466 ipsum
668 1395 698 1424 ”⁶
713 1405 866 1468 negaverat,
892 1395 1063 1452 amarissime
1084 1397 1148 1452 llere

350 1481 449 1552 eoepit;
475 1490 538 1539 tuuc
561 1484 646 1540 llario
667 1484 831 1556 llagdalena
853 1486 913 1555 plus
937 1485 1062 1542 omnibus
1084 1485 1150 1541 llere

351 1571 433 1642 coepit
456 1588 537 1644 super
559 1573 702 1629 Dominum
732 1590 819 1641 suum,
843 1574 937 1630 diceus
960 1591 966 1628 ε
992 1575 1060 1644 Quis
1083 1574 1150 1630 mihi

357 1659 439 1714 modo
463 1669 575 1731 peccata
598 1662 735 1718 dimittet‘.l
759 1662 825 1731 Quis
847 1679 889 1720 nae
913 1664 995 1720 modo
1013 1664 1151 1720 excusabit

353 1747 426 1817 ttpud
455 1749 602 1816 Simonem,
633 1759 658 1806 et
686 1752 758 1821 opud
785 1767 906 1808 sororem
933 1754 1046 1808 meam?
1074 1753 1151 1808 Venit

353 1835 435 1890 etiam
451 1837 579 1907 lacobus,
594 1839 639 1910 qui
655 1839 737 1895 irater
752 1838 799 1895 filii
814 1840 867 1896 mei
882 1841 1031 1913 appellatus
1054 1851 1095 1897 est
1109 1839 1150 1908 ¹⁰¹,

353 1923 399 1992 qui
414 1925 568 1982 simillimus
588 1926 626 1982 illi
650 1937 707 1983 eret
722 1927 762 1994 ¹⁰²,
779 1937 805 1984 et
826 1944 887 1985 cum
913 1928 1003 1984 multis
1025 1931 1152 2002 lacrymis

1200 771 1298 843 pulcro
1331 787 1468 839 arnorcre,
1483 769 1637 843 lacrymans
1672 757 1767 842 rog'ari
1796 785 1804 823 :
1835 763 2000 823 charissime

1199 862 1319 917 loannes
1333 859 1375 931 ¹¹⁸,
1396 877 1450 917 uon
1473 860 1559 917 lacius
1581 859 1647 915 mibi
1674 860 1743 914 banc
1768 855 1894 926 injuriam
1908 849 1950 920 m,
1972 859 2002 908 ιιι

1200 965 1245 1004 me
1259 963 1371 1021 separes
1386 947 1417 978 '¹'
1431 966 1446 1004 a
1460 948 1619 1005 dulcissimo
1634 947 1691 1004 filio
1706 961 1771 1002 meo
1786 943 2002 1015 desuadendam

1201 1037 1245 1094 bic
1267 1039 1432 1110 exspectabo
1454 1039 1543 1096 donec
1558 1035 1588 1066 '¹’
1609 1036 1724 1100 morian
1741 1043 1767 1090 et
1787 1034 1884 1089 iterum
1907 1047 2004 1088 ornnes

1202 1127 1334 1182 llererunt
1360 1129 1480 1183 loannes
1508 1142 1573 1182 vero
1600 1139 1645 1180 me
1673 1123 1783 1180 taudem
1811 1121 1949 1193 accipiens
1975 1127 2004 1175 ει

1202 1215 1282 1288 quasi
1297 1216 1429 1272 violenter
1443 1216 1582 1272 deducens
1596 1214 1623 1269 iu
1637 1211 1670 1242 ”⁰
1684 1211 1822 1270 civitatem
1837 1208 2002 1266 introduxit.

1203 1305 1321 1376 Populus
1334 1313 1424 1360 autern
1439 1321 1482 1360 me
1497 1305 1593 1361 videns
1607 1303 1728 1358 indutam
1743 1307 1845 1358 vestem
1861 1313 2003 1370 aspersam

1202 1394 1344 1466 sanguiue,
1361 1397 1432 1450 sicut
1446 1401 1508 1450 ante
1521 1395 1616 1449 lesum
1633 1400 1770 1455 steteram,
1779 1398 1806 1445 et
1819 1386 1931 1460 sanguis
1945 1385 2006 1455 ejus

1203 1499 1286 1555 super
1308 1499 1353 1540 me
1374 1483 1531 1553 stillaverat,
1548 1481 1710 1538 unanimiter
1720 1477 1872 1535 clamabant
1888 1490 2005 1549 gemeu-

1204 1581 1245 1628 tes
1261 1591 1268 1628 :
1285 1572 1308 1629 0
1324 1579 1425 1644 quanta
1438 1572 1538 1643 injuria
1553 1572 1625 1628 lacta
1639 1579 1680 1626 est
1693 1570 1774 1627 bodie
1790 1567 1817 1622 ιιι
1833 1565 2004 1621 Hierusalem

1205 1662 1232 1717 iu
1247 1662 1297 1718 ista
1311 1662 1494 1734 pulcherrima
1507 1661 1628 1729 domina,
1645 1667 1671 1716 et
1685 1658 1741 1715 lilio
1756 1673 1804 1714 suo
1819 1654 1860 1722 ⁸¹².
1876 1662 1904 1710 et
1925 1668 2007 1710 com·

1205 1751 1379 1821 patiebantur
1391 1752 1470 1806 mibi.
1486 1749 1572 1806 Judaei
1586 1747 1619 1778 ”¹
1632 1757 1721 1804 autem
1740 1752 1852 1820 propter
1875 1742 2009 1798 iuvidiam

1204 1840 1375 1895 recluserunt
1388 1839 1592 1912 Josepbrivum
1603 1840 1729 1904 inmuro,
1746 1835 1811 1909 quia
1821 1833 1957 1889 Christum
1966 1846 2010 1886 se·

1205 1928 1320 1999 pelivit3
1336 1946 1406 1986 uxor
1419 1938 1510 1985 autem
1520 1928 1579 1999 ejus
1588 1929 1677 1984 lacum
1686 1924 1741 1981 filio
1750 1922 2011 1994 ejuslosepbopost

352 2009 406 2067 hoc
421 2011 529 2070 dicebat
544 2030 550 2066 :
567 2015 625 2071 Heu
645 2017 650 2070 l
667 2015 791 2083 Domine,
807 2025 833 2072 et
841 2019 972 2090 magister
986 2017 1075 2074 ”tute
1084 2036 1152 2090 prae·
1167 2037 1194 2098 Β
1207 2018 1325 2074 ostendit
1338 2017 1378 2073 ”'.
1394 2019 1515 2075 Tandem
1531 2026 1591 2088 post
1615 2031 1702 2071 annos
1724 2011 1902 2086 quadraginta
1922 2024 2010 2064 reae-

354 2099 441 2165 terita,
453 2102 511 2158 hac
522 2103 608 2158 iacies
619 2103 806 2160 amantissima
817 2113 874 2162 erat
883 2106 950 2160 mibi
961 2106 1099 2164 simillima
1109 2107 1150 2176 '⁶‘,
1208 2115 1270 2162 runt
1278 2108 1356 2162 Titus
1364 2116 1391 2162 et
1399 2101 1779 2178 Vespasiamus,Hierusalem
1787 2099 1960 2156 destruentes
1966 2095 2011 2164 ⁸¹⁴,

355 2189 434 2244 Heu!
451 2190 532 2246 rnodo
545 2199 659 2263 apparet
671 2193 785 2248 multum
800 2193 938 2250 dissimilis
953 2194 983 2224 ”¹
1001 2215 1007 2252 :
1024 2198 1089 2253 Tuae
1098 2213 1154 2252 ma·
1209 2202 1235 2250 et
1258 2196 1360 2266 loseph
1383 2196 1474 2251 riuum
1500 2196 1527 2250 iu
1548 2209 1635 2260 muru,
1657 2193 1817 2247 invenerant
1829 2185 1870 2241 ¹⁸.
1885 2188 1921 2242 Et
1941 2187 2013 2241 sicut

354 2291 416 2346 nus,
433 2287 459 2332 et
474 2279 556 2349 pedes
571 2281 609 2335 tui
622 2281 707 2336 clavis
722 2279 752 2309 ”⁸
768 2293 830 2336 suut
844 2283 960 2353 confixi3
976 2301 1076 2355 corpus
1091 2302 1153 2342 vero
1207 2283 1292 2338 ludaei
1307 2285 1443 2341 Christum
1467 2299 1517 2357 pro
1540 2283 1651 2355 triginta
1674 2277 1797 2336 denariis
1822 2282 1956 2339 eruerunt,
1972 2274 2013 2329 ita

354 2365 473 2436 undique
487 2363 656 2424 vulneratum
671 2379 783 2456 apparet
797 2386 812 2426 e
827 2373 916 2443 planta
931 2373 1007 2444 pedis
1020 2391 1107 2444 usque
1120 2375 1154 2429 ad

355 2457 500 2518 ιειιιεειιις
515 2473 606 2512 meum
623 2466 711 2513 autem
727 2471 837 2531 apparet
850 2477 884 2516 ex
898 2467 955 2517 toto
976 2462 1091 2518 illaesum
1106 2460 1148 2518 Μ.

354 2543 461 2599 duravit
479 2545 552 2616 quod
574 2561 626 2602 nec
642 2545 671 2575 '⁸⁸
685 2548 775 2603 cibum
803 2563 854 2606 nec
884 2558 976 2621 potum
999 2557 1154 2624 sumpturus

356 2640 439 2702 essct,
448 2650 590 2705 quousque
598 2636 632 2690 ad
643 2635 846 2693 similitudinem
859 2639 900 2694 sui
928 2641 1151 2698 conformaretur.

356 2721 432 2778 Tunc
453 2725 547 2779 caeteri
562 2719 593 2752 Μ
616 2724 740 2796 discipuli
765 2727 942 2784 accurrebant
964 2737 992 2785 et
1016 2729 1153 2786 lamenta-

355 2809 456 2866 bantur
467 2827 548 2883 super
562 2829 623 2869 eum
637 2813 687 2881 ¹¹⁰3
703 2813 732 2870 dt
746 2815 819 2871 lilius
833 2814 863 2844 ²¹²
879 2832 955 2872 meus
969 2819 1003 2873 nd
1023 2819 1153 2876 consola·

355 2898 457 2956 tionem
471 2907 610 2958 meamet
632 2902 829 2974 discipulorum
854 2904 1022 2976 glorificatus
1044 2907 1094 2963 luit
1115 2908 1153 2964 ibi

355 3003 449 3044 comm
470 2989 526 3045 suis
539 2988 571 3019 ¹¹¹
587 3011 593 3046 ι
610 2991 646 3046 ita
668 2994 741 3064 quod
764 2992 837 3048 nulla
860 2993 941 3066 plaga
965 3003 1013 3050 aut
1033 2996 1103 3052 livor
1124 2997 1153 3053 in

356 3091 470 3148 corpore
486 3095 536 3134 suo
549 3079 674 3150 apparuit
688 3089 786 3152 praetor
806 3081 925 3154 quinque
948 3083 1089 3140 vulnerum
1110 3086 1151 3143 ci-

355 3166 478 3235 catrices,
494 3183 562 3238 quas
576 3178 765 3225 reservaturus
779 3179 822 3226 est
834 3187 919 3241 usque
937 3171 965 3226 in
988 3172 1060 3229 diem
1076 3174 1153 3244 judi-

356 3254 405 3321 cii,
436 3264 462 3311 et
483 3257 552 3312 adeo
579 3273 660 3314 sanus
688 3257 902 3330 apparuit¹¹⁸in
930 3276 1042 3331 corpore
1070 3279 1103 3320 ac
1130 3264 1152 3318 ει

356 3358 495 3415 nunquam
519 3362 616 3417 passus
637 3345 742 3405 luisset.
767 3348 807 3405 De
828 3365 881 3422 quo
903 3366 955 3422 ego
977 3355 1005 3407 et
1028 3351 1151 3425 discipuli

356 3431 515 3489 immensam
530 3436 745 3492 consolationem
766 3438 929 3509 recepimus.
945 3440 978 3495 Ht
1002 3456 1064 3496 cum
1089 3458 1151 3497 euna

357 3521 474 3592 sepelire
488 3523 589 3579 vellent
602 3523 643 3594 ¹¹⁴,
659 3541 720 3582 curu
736 3542 835 3599 anagnu
849 3544 966 3583 rnoerore
981 3545 1084 3599 eorpus
1097 3530 1152 3585 lor·

356 3608 463 3667 tissime
479 3612 550 3667 tenui
565 3622 592 3669 et
612 3614 718 3685 sepeliri
743 3616 790 3672 vix
809 3617 929 3686 permisi,
946 3617 1039 3673 dicens
1055 3636 1061 3673 :
1078 3619 1151 3673 (lba-

354 3699 460 3756 rissime
488 3703 615 3774 loannes,
643 3704 765 3777 relinqua
794 3704 860 3761 mibi
897 3714 1031 3763 mortuum
1067 3707 1152 3764 filium

356 3804 458 3855 meum,
475 3806 555 3863 quem
571 3807 626 3848 aon
641 3794 717 3862 potui
739 3792 840 3850 babere
860 3794 963 3851 vivum.
980 3796 1033 3852 Sed
1056 3796 1078 3851 si
1102 3813 1153 3853 ne-

357 3891 435 3933 cesse
449 3886 490 3933 est
505 3888 533 3933 ut
548 3881 599 3936 hoc
615 3879 706 3949 iacias,
722 3898 791 3953 rogo
807 3890 832 3938 te
845 3886 874 3937 ut
889 3900 932 3939 ma
948 3900 1008 3939 cum
1024 3884 1085 3955 ipsc
1107 3902 1153 3940 se-

355 3964 450 4035 pelias.
465 3966 584 4023 loannes
598 3968 756 4039 respoudit:
774 3970 844 4041 Scis,
860 3972 968 4027 domina
982 3972 1152 4041 charissima,

357 4052 430 4123 qarod
444 4054 524 4110 aliter
537 4072 595 4111 esse
611 4072 664 4112 non
679 4058 774 4127 potuit,
790 4065 817 4114 et
842 4076 929 4132 genus
946 4060 1091 4116 humanum
1113 4062 1153 4118 sic

356 4140 454 4197 redimi
473 4142 576 4198 debuit.
592 4144 713 4201 Tandem
737 4146 821 4202 invita
843 4148 951 4218 permisi
975 4158 1004 4205 ut
1023 4150 1152 4221 sepelire-

359 4237 419 4299 tur;
436 4237 462 4285 et
476 4246 536 4287 cum
551 4232 580 4287 in
606 4235 759 4305 sepulcrum
785 4237 888 4308 positus
911 4235 1015 4303 luisset,
1031 4240 1065 4293 ad
1090 4256 1151 4295 eum

357 4319 461 4375 intrare
472 4320 555 4389 votui,
571 4328 599 4379 ει
613 4323 858 4395 supersepalcrum
867 4342 911 4381 ma
919 4326 1033 4398 projeci,
1046 4331 1073 4383 el
1082 4328 1152 4385 adeo

357 4408 550 4467 miserabiliter
564 4411 609 4485 egi
623 4410 696 4486 quod
710 4410 740 4441 '²'
755 4429 850 4471 omnes
873 4414 1022 4472 levarunt.
1041 4416 1073 4473 lit
1087 4433 1150 4473 cum

1166 3396 1191 3459 G

1207 2371 1315 2445 triginta
1336 2374 1445 2430 Jadaeos
1472 2389 1522 2444 pro
1548 2387 1601 2426 uuo
1628 2367 1741 2425 denario
1768 2364 1948 2422 vendiderant
1962 2359 2005 2417 ¹⁸¹.

1243 2464 1300 2518 Heu
1315 2478 1413 2533 sponsa
1427 2477 1488 2518 rnea
1503 2460 1602 2516 dilecta
1614 2474 1696 2514 cerae
1711 2469 1786 2514 meas
1827 2508 1829 2513 .

1243 2551 1318 2620 eras
1330 2569 1381 2623 pro
1397 2559 1421 2607 te
1436 2549 1536 2606 suffero
1551 2564 1659 2620 poeuas.

1244 2642 1323 2696 Ferre
1337 2657 1392 2697 oon
1406 2639 1504 2710 expavi

1243 2729 1322 2799 Quod
1338 2737 1422 2802 agunt
1437 2745 1514 2795 enar,
1531 2726 1636 2788 lancea,
1652 2721 1732 2780 clari.

1243 2818 1289 2874 eet
1304 2835 1357 2891 ego
1372 2817 1525 2889 degustari.

1243 2907 1314 2977 Quia
1329 2915 1354 2964 te
1368 2907 1545 2963 vehementer
1559 2902 1659 2960 amavi.

1242 2997 1283 3052 Tu
1297 2996 1364 3050 mihi
1378 2995 1462 3051 redde
1477 2994 1576 3061 vicem,

1242 3086 1282 3140 Tu
1297 3100 1408 3158 quoque
1424 3083 1487 3139 tolle
1501 3097 1619 3139 crucem.

1244 3173 1311 3230 Vide
1326 3189 1371 3228 me
1385 3171 1498 3240 undum,

1242 3261 1408 3319 Verberibus
1423 3261 1584 3328 laceratum,

1243 3352 1273 3407 ln
1288 3351 1378 3408 medio
1392 3351 1526 3406 latronum

1243 3441 1322 3497 Cruci
1336 3422 1628 3512 ignominicsae'claris
1642 3436 1739 3493 ferreis
1753 3434 1876 3503 allisum,

1242 3533 1327 3587 Aceto
1342 3530 1369 3583 iu
1384 3544 1467 3584 eruce
1480 3532 1615 3599 potatum,

1243 3620 1306 3674 Post
1319 3626 1433 3675 mortem
1448 3618 1542 3673 lancea
1557 3618 1627 3672 latus
1642 3616 1821 3671 vulneratum.

1209 3708 1251 3763 Ad
1265 3707 1318 3762 boc
1332 3707 1421 3761 anima
1437 3707 1504 3762 dixit
1522 3722 1528 3761 :
1542 3707 1614 3761 Ecce
1628 3720 1681 3761 ιοιι
1696 3703 1835 3776 sanguinis
1848 3701 1938 3773 sponsi
1954 3699 2006 3755 mei

1207 3798 1272 3851 lesu
1286 3794 1376 3851 dilecti
1391 3795 1490 3851 clamat
1503 3792 1538 3849 ad
1555 3810 1598 3849 me
1612 3793 1646 3849 de
1659 3809 1737 3880 cruce
1753 3810 1759 3845 :
1777 3790 1800 3847 0
1821 3804 1925 3861 sponsa
1945 3804 2007 3843 mea

1208 3885 1297 3947 unica,
1315 3885 1378 3939 vide
1392 3883 1512 3939 dolorem
1532 3898 1633 3939 meum.
1648 3882 1690 3937 nd
1714 3882 1767 3937 boc
1790 3894 1891 3950 sponsa
1907 3896 1915 3932 ι
1929 3878 2006 3944 lesu,

1207 3974 1244 4027 mi
1259 3973 1367 4042 dilecte,
1384 3972 1470 4027 lactus
1484 3988 1514 4027 es
1528 3987 1577 4043 pro
1598 3986 1641 4025 me
1655 3968 1832 4040 opprobrium
1853 3966 2006 4033 bominum,

1206 4063 1252 4135 qui
1267 4069 1309 4118 est
1325 4062 1456 4117 Dominus
1469 4061 1642 4133 augelorum.
1658 4059 1784 4126 Atteade,
1800 4073 1817 4114 c
1837 4057 1938 4123 anima,
1955 4056 2006 4111 iste

1207 4160 1248 4207 est
1263 4150 1378 4206 dilectus
1393 4157 1464 4217 tuus,
1479 4151 1557 4219 cujus
1567 4148 1653 4219 pedes
1666 4147 1784 4217 pallidos
1798 4146 1876 4202 clavo
1897 4144 2006 4216 parles·

1205 4256 1259 4306 sos,
1275 4238 1409 4310 sunguine
1422 4238 1549 4310 perinsus
1560 4234 1683 4294 intueris.
1693 4234 1761 4292 Vide
1775 4250 1830 4290 non
1841 4233 1899 4290 siue
1912 4250 2006 4288 amaro

1205 4329 1316 4400 plancta
1332 4336 1358 4383 et
1372 4327 1510 4399 lacrymis,
1527 4342 1581 4381 nou
1596 4327 1712 4397 positum
1728 4322 1921 4390 saevissumo
1943 4322 2004 4376 dis-

1206 4425 1309 4473 tentum
1324 4415 1471 4472 crudeliter·
1488 4414 1517 4471 in
1537 4415 1612 4488 liguo
1635 4413 1705 4470 duro
1726 4428 1825 4484 corpas
1846 4414 1909 4467 lesu
1931 4409 2004 4466 dali-

1011 4593 1130 4651 VAlllAE
1145 4592 1349 4652 LECTIONES.

394 4738 427 4772 ¹¹*
439 4742 655 4799 Consolatiouem
670 4742 705 4799 de
719 4750 746 4799 te
760 4743 850 4801 babeo
864 4760 916 4800 ιιιι.
933 4745 1013 4801 omit.
1030 4744 1065 4800 de
1079 4753 1114 4800 ιε.
1131 4742 1249 4814 ¹''Quem
1266 4762 1337 4801 nrrnc
1352 4751 1487 4799 mortuum
1502 4758 1592 4799 coram
1607 4758 1660 4797 ms.
1677 4757 1738 4810 ouae
1759 4746 1893 4795 mortuum
1918 4737 2004 4793 lilium

360 4828 465 4871 coram.
482 4812 771 4869 mantuanorum.
788 4814 876 4870 dulcia
892 4815 985 4881 uerba,
1001 4814 1092 4870 bodie.
1110 4815 1177 4871 ὀἰιι
1191 4815 1263 4885 qnod
1279 4817 1368 4887 ipsum
1383 4832 1436 4870 ιιιι.
1453 4824 1479 4869 et
1494 4814 1540 4885 qui
1556 4815 1654 4884 ipsum.
1671 4811 1758 4866 ”¹llei
1773 4810 1928 4881 appellatur
1941 4826 1999 4889 rus.

360 4886 412 4941 mei
427 4884 579 4955 appellatus
594 4892 643 4939 est.
658 4884 747 4940 Ι”8ιιιι
762 4893 820 4941 orat
834 4902 890 4942 ms.
909 4886 948 4940 illi
961 4894 1028 4941 erat.
1043 4884 1133 4941 ¹”Heu
1149 4888 1265 4943 Domine
1281 4904 1332 4943 ms.
1349 4889 1399 4941 lieu
1415 4886 1542 4952 Domine,
1558 4893 1585 4940 et
1602 4887 1743 4953 magister.
1759 4881 1860 4947 ¹“llen,
1877 4883 2002 4948 Domrne,

359 4956 442 5011 talem
457 4956 573 5026 gratiam
589 4956 653 5009 milri
670 4956 783 5029 indigno
799 4972 853 5026 prae
868 4956 972 5013 caeteris
987 4956 1123 5012 contulisti
1138 4958 1201 5029 quia
1217 4958 1372 5013 dulcissima
1388 4957 1473 5013 iacies
1482 4956 1663 5011 taaeratmilri
1672 4949 1810 5010 simillima
1819 4969 1872 5008 ms.
1885 4952 1936 5006 beu
1945 4952 2003 5006 Dc-

360 5026 433 5081 mine
447 5033 473 5079 et
488 5026 626 5094 Magister,
643 5027 689 5081 die
704 5030 849 5098 preterita,
866 5029 924 5085 bec
940 5028 1022 5083 iacies
1037 5030 1218 5083 amantissima
1234 5030 1300 5084 milri
1314 5038 1372 5084 erat
1381 5027 1584 5084 consimillima.
1600 5025 1688 5082 ’''Heu
1698 5024 1780 5080 inodo
1790 5031 1903 5095 apparet
1913 5022 2005 5077 vultus

359 5096 425 5151 mibi
440 5096 587 5151 dissimilis.
603 5114 655 5153 ms.
672 5098 755 5154 modo
769 5106 881 5223 apparet
896 5099 1009 5153 multum
1025 5097 1177 5154 dissimilis.
1194 5097 1313 5155 ΙοῬειιεε
1327 5100 1412 5155 claris
1425 5115 1477 5154 ms.
1495 5099 1578 5169 pedes
1602 5098 1639 5152 tui
1661 5096 1754 5153 claris.
1771 5093 1978 5175 ”vulneratum
1994 5112 2001 5149 :

359 5183 448 5223 tneum
465 5173 555 5221 autern
570 5182 667 5239 corpus
680 5183 745 5223 vero
760 5186 794 5223 un
816 5172 879 5243 ique
893 5178 1004 5239 apparet
1019 5186 1053 5224 cx
1068 5178 1123 5225 tolo
1138 5170 1263 5225 illaesum.
1279 5188 1331 5225 ιιιι.
1350 5170 1524 5225 vulneratum
1539 5175 1651 5239 apparet
1667 5184 1682 5223 a
1704 5168 1797 5239 planta
1820 5166 1898 5235 pedis
1919 5180 2003 5234 usqae

360 5238 393 5293 ed
422 5236 576 5293 uerticem:
599 5254 688 5294 meum
718 5248 806 5294 autem
828 5242 989 5296 econtrario.
1006 5238 1195 5313 ”⁸Jurnvitque
1222 5242 1293 5313 quod
1322 5258 1460 5311 nunquam
1488 5257 1541 5295 ms.
1560 5239 1663 5309 jurarit
1690 5238 1761 5309 quod
1791 5253 1853 5292 uec.
1873 5234 2003 5292 ”ceteri

360 5323 455 5364 ornnes
469 5324 524 5363 ms.
543 5312 636 5364 omitt.
653 5324 758 5365 ornnes.
774 5308 995 5366 ’¹⁰lamentantes
1010 5326 1165 5381 supereum
1182 5328 1234 5367 ms.
1251 5320 1279 5367 et
1292 5312 1507 5367 lanaeutabantur
1521 5328 1603 5381 super
1617 5326 1693 5365 eum.
1712 5308 1743 5338 ¹¹¹
1757 5309 1833 5364 Tunc
1849 5308 1919 5363 iilius
1941 5324 1998 5363 ιιι.

360 5388 388 5435 ει
411 5378 492 5433 lilius.
509 5376 637 5435 '¹¹Curam
667 5380 746 5435 nobis
773 5398 826 5437 ms.
843 5397 933 5437 rorem
962 5381 1167 5437 suis.¹¹⁸Sauus
1196 5383 1323 5453 apparuit
1352 5398 1502 5439 ms.sanus
1528 5390 1554 5437 et
1581 5383 1671 5437 clarus
1699 5377 2003 5452 apparuit.'¹⁴Sepelire

362 5451 459 5505 vellem
486 5466 538 5507 ms.
554 5451 672 5521 sepelire
697 5452 805 5507 uellent.
821 5450 914 5525 n‘Egi,
931 5452 1003 5525 quod
1024 5470 1077 5509 ms.
1095 5454 1204 5517 incessi,
1222 5455 1304 5520 quod.
1320 5452 1517 5525 ¹¹⁸Laorymaus
1539 5469 1569 5508 ro
1590 5453 1632 5507 ari
1650 5470 1656 5506 :
1673 5452 1761 5506 Cbare
1779 5450 1918 5505 Joalrnnes
1942 5466 1998 5505 ms.

360 5520 422 5578 ideo
437 5520 630 5579 miserabiliter
650 5522 769 5578 clamavi
786 5542 792 5579 ι
807 5524 945 5579 lohannes
967 5524 1133 5581 charissime.
1149 5522 1245 5579 ”briht
1268 5524 1394 5592 injuriam
1415 5542 1468 5581 mr.
1486 5524 1550 5579 mibi
1570 5470 1643 5579 {ano
1665 5522 1805 5594 injuriam.
1820 5518 1895 5577 ¹¹⁸lle
1919 5535 2003 5591 sepa-

360 5608 447 5649 rarem
462 5608 516 5648 ms.
533 5608 577 5647 me
592 5608 713 5663 separes.
729 5592 912 5664 ¹¹’llxpeetare
932 5595 1030 5649 sellem
1055 5597 1142 5651 donec
1162 5612 1215 5650 ιιιι.
1232 5598 1394 5666 exspectabo
1416 5597 1514 5652 donec.
1529 5593 1681 5650 ¹¹‘Tandem
1707 5594 1733 5647 in
1755 5609 1809 5647 rus.
1826 5593 1934 5647 tandem
1960 5607 2004 5648 me

359 5664 497 5736 accipiens
511 5671 537 5720 et
551 5664 629 5736 quasi
645 5664 777 5721 violenter
791 5665 929 5721 deducens
945 5667 981 5721 in.
998 5664 1061 5720 ΝΑ.
1078 5668 1132 5721 istu
1141 5666 1259 5721 Domina
1282 5675 1308 5720 et
1331 5666 1386 5724 lilio
1396 5684 1445 5722 suo
1458 5684 1509 5723 ma.
1523 5666 1574 5722 ista
1585 5665 1764 5737 pulcherrima
1776 5664 1926 5719 Dominaet
1936 5662 2003 5718 lilio

362 5734 433 5805 ejus.
448 5733 575 5792 ''Nobis
591 5736 677 5792 Jndaei
691 5753 744 5793 ms.
761 5736 836 5792 mibi.
852 5736 948 5792 Judaei.
964 5734 1066 5792 ”Filio
1082 5738 1141 5810 ejus
1155 5738 1276 5807 loseplro
1290 5746 1353 5808 post
1367 5738 1483 5793 ostendit
1498 5753 1550 5793 ms.
1567 5736 1629 5791 liliis
1642 5737 1745 5807 loseph
1760 5735 1887 5792 ostendit.
1903 5732 2003 5789 ¹¹‘Hie-

359 5807 476 5862 rusalern
505 5808 673 5863 destruentes
701 5825 753 5865 ιιι.
784 5807 950 5864 Hierusalem
979 5806 1261 5864 destruxeruntffloe
1290 5825 1367 5864 muro
1395 5809 1570 5864 excluserunt
1593 5825 1646 5863 ιιιι.
1675 5807 1702 5861 iu
1718 5821 1795 5861 muro
1829 5807 2001 5861 invenerunt.

360 5874 588 5935 ’⁸'l'eadideruut
606 5880 731 5953 Explicit
746 5880 792 5939 bic
803 5882 834 5937 tu
846 5878 930 5937 editis
946 5898 955 5935 .·
970 5883 1001 5936 ιι
1016 5879 1047 5935 t'n
1058 5896 1111 5936 ms.
1130 5878 1199 5937 l'bu.
1213 5882 1266 5935 ste
1281 5880 1339 5936 hoec
1354 5881 1434 5937 nullo
1451 5881 1600 5951 interjectu
1615 5880 1707 5952 spatio
1721 5877 1943 5952 subsecuuntur.
