4750 6725
419 566 470 622 663
925 552 1081 615 bubbtttltt
1095 554 1375 614 cantuariensis
1389 550 1549 611 MONACHI
2012 544 2065 600 sol

417 696 446 747 et
459 686 606 757 invisibile,
616 686 692 744 aliud
708 702 772 743 vero
786 683 906 742 exterius
933 690 975 739 est
1001 690 1083 752 atque
1098 680 1217 737 visibile.
1232 683 1260 743 A
1276 680 1375 737 debeat
1389 694 1465 736 more
1491 680 1627 736 hortulani
1644 673 1685 733 ns·
1716 675 1879 735 liortulanus
1905 670 2007 746 quippe
2024 670 2069 743 qni

419 779 534 835 interius
548 774 862 849 namqueestctrsrius,
896 772 1045 840 humilitas,
1075 770 1213 843 patientia,
1269 771 1392 843 plantare
1406 770 1632 841 appetitberbas,
1647 770 1722 841 prius
1737 771 1853 824 temaeet
1867 758 2003 819 aarum*
2023 776 2069 815 na-

422 863 876 943 benignites,caeteraquesimilia;
905 862 1023 920 exterius
1048 878 1122 932 vero,
1144 862 1215 933 jeju·
1269 869 1357 915 turam
1367 858 1531 927 considerat,
1547 858 1595 915 ubi
1614 875 1661 915 eas
1689 859 1803 931 plantet.
1826 854 1886 909 Nisi
1914 852 1985 907 enirn
2011 858 2069 905 ter-

420 972 496 1029 nare,
512 958 698 1027 eleemosynas
712 955 789 1019 dere,
804 954 833 1008 in
842 950 1010 1009 orationibus
1024 950 1148 1024 vigilare,
1173 949 1215 1005 la·
1268 964 1306 1004 raa
1321 955 1348 1004 et
1361 964 1456 1003 earum
1473 956 1570 1005 natura
1584 947 1748 1014 conuenerit,
1765 958 1886 1000 crescere
1901 941 1944 997 rel
1973 938 2069 995 lmcti-

420 1045 538 1117 crymsri
552 1045 660 1117 aliaque
683 1041 851 1116 hujusmodi.
880 1044 915 1097 lt
937 1041 1005 1096 siem
1031 1054 1130 1109 corpus
1158 1038 1217 1094 sinc
1268 1036 1351 1093 ficare
1364 1034 1664 1108 nullatenuspoterunt.
1682 1036 1727 1093 Sic
1753 1034 1797 1109 qui
1822 1032 1950 1088 virtutum
1979 1028 2070 1083 lacere

418 1134 507 1191 anima
522 1148 578 1190 non
592 1133 639 1189 diu
666 1132 813 1188 subsistere
834 1131 917 1199 valet,
946 1129 1035 1184 anima
1063 1143 1128 1185 raro
1157 1126 1216 1182 sine
1269 1124 1326 1182 vult
1339 1123 1514 1195 plantarium,
1529 1140 1583 1197 quo
1597 1124 1626 1179 ia
1640 1125 1702 1181 loco
1717 1124 1757 1179 sui
1771 1120 1882 1193 plantet
1895 1114 1926 1147 ”¹
1942 1132 1990 1172 eas
2016 1114 2068 1169 sibi

419 1238 533 1294 corpore
541 1230 633 1293 potest
645 1218 687 1286 ”⁵;
699 1221 740 1277 sic
754 1220 878 1276 asterius
904 1234 992 1291 genus
1008 1217 1066 1273 sine
1092 1214 1215 1272 interiori
1269 1218 1309 1269 cst
1323 1212 1537 1284 praevidendum.
1553 1212 1582 1270 Si
1597 1213 1670 1268 enim
1697 1211 1776 1268 loeus
1796 1207 1877 1265 luerit
1891 1205 2013 1267 vitiosus,
2043 1209 2069 1259 et

415 1327 471 1369 non
485 1312 532 1367 diu
543 1311 677 1379 subsistit,
692 1326 755 1366 cum
774 1309 826 1366 boc
836 1308 948 1363 interius
962 1306 1045 1362 iaciat
1059 1305 1118 1361 aine
1136 1312 1214 1361 exte·
1268 1302 1335 1373 ipsae
1349 1302 1462 1358 virtutes
1475 1302 1503 1357 in
1517 1301 1581 1359 vitia
1595 1301 1766 1374 redigentur.

415 1399 490 1457 riori.
519 1400 572 1457 Diu
595 1401 668 1457 enirn
697 1398 858 1456 cbaritotem
886 1396 990 1451 babere
1015 1393 1075 1467 quis
1115 1399 1214 1466 potest,
1531 1410 1641 1467 CAPUT
1655 1408 1780 1465 xcvffl,

415 1484 524 1543 etiamsi
537 1501 592 1542 non
597 1485 714 1555 jejunet,
726 1498 788 1538 cum
801 1482 848 1537 diu
861 1496 910 1553 pm
924 1480 982 1537 lieo
1004 1479 1133 1551 jejunare
1159 1492 1215 1533 non
1496 1500 1535 1556 p,
1545 1498 1705 1569 (edificant,
1726 1494 1853 1554 domum,

414 1574 510 1647 possit,
523 1574 548 1629 si
562 1588 691 1629 eumnon
706 1565 1215 1641 amet.Uttamenplemmquespiritus
1303 1589 1405 1645 Rursus
1420 1589 1460 1645 ,30
1473 1604 1534 1645 eum
1564 1603 1649 1660 ψη,
1677 1587 1754 1643 decet
1782 1584 1856 1641 velut
1884 1580 1929 1653 quq
1958 1580 2070 1636 domum

416 1662 553 1735 malignus
563 1678 664 1734 corpus
678 1658 791 1717 assumit
800 1658 922 1729 illudque
937 1657 1088 1730 vegetando
1115 1654 1215 1713 subsis·
1268 1677 1404 1734 aeffifiem
1418 1677 1509 1733 debet·
1525 1676 1578 1747 Qui
1588 1676 1660 1733 enim
1670 1674 1816 1731 aedqficqum
1832 1673 1922 1728 faeere
1936 1669 1996 1725 ,up
2010 1674 2070 1722 sq.
2146 1706 2147 1711 ,

416 1758 473 1809 ¹⁰¹⁰
486 1751 563 1817 fiili·
576 1748 866 1821 ⁸i⁰i⁰⁸¹¹i⁵i¹⁰fi⁸⁰⁰i
875 1744 993 1802 h⁰¹¹¹i¹¹i⁸
1002 1746 1082 1800 inimi
1091 1742 1214 1844 ahmiu?
1269 1767 1334 1835 bile,
1350 1765 1515 1823 soliditatem
1530 1765 1603 1837 prius
1617 1763 1774 1821 considerat
1786 1770 1878 1827 terrae,
1894 1773 1950 1833 qno
1963 1755 2067 1813 scilicet
2146 1714 2148 1781 ἵ

416 1838 524 1895 virtutis
538 1854 626 1911 genus
641 1838 761 1895 exterius
773 1836 894 1892 simulet.
911 1834 992 1890 Sicut
1002 1834 1216 1890 euimobaritatis
1269 1854 1475 1911 fundamentum
1487 1852 1595 1909 fimum
1609 1868 1772 1924 supponem,
1788 1850 1922 1922 parietem
1948 1846 2068 1919 erigere,
2149 1867 2150 1897 ,

412 1928 552 1997 ieiunare,
566 1927 606 1983 sio
620 1934 647 1982 et
663 1926 750 1982 inanis
765 1923 941 1999 glorialaeit.
962 1926 997 1979 Αι
1020 1923 1090 1978 sicut
1116 1938 1215 1994 corpus
1270 1952 1369 2001 ,ectum
1383 1943 1622 2017 superimponm,
1633 1940 1850 2013 ,uwsquepossit
1861 1936 1893 1967 su
1905 1934 2071 1992 inhabiqffl,
2150 1943 2151 1987 q

416 2015 601 2072 examinatum
615 2015 668 2072 cito
683 2015 760 2080 latet,
775 2022 802 2071 ct
815 2013 1005 2081 contemnitur,
1029 2012 1070 2067 sic
1097 2010 1216 2067 exterius
1230 2044 1257 2105 B
1272 2032 1317 2090 Sic
1331 2032 1377 2105 quq
1391 2032 1520 2089 ,Mutum
1532 2032 1589 2088 ,ult
1602 2030 1691 2087 facem
1700 2028 1856 2097 aedfficium,
1873 2041 1927 2099 quo
1957 2039 2071 2081 seeum,
2151 2021 2152 2060 t

414 2120 503 2178 8⁰¹¹¹¹³
517 2104 576 2161 ³5⁰⁰
589 2103 710 2161 imil'iffl'i
721 2098 914 2175 despiiimfm·
923 2100 1214 2173 cumenimqusspim
1266 2122 1398 2178 inhabitet
1412 2121 1448 2178 ab
1457 2120 1564 2176 insidiis
1576 2120 1740 2187 daemonum,
1756 2132 1809 2190 quo
1824 2117 1852 2171 in
1867 2113 1930 2171 loco
1944 2113 1989 2169 sui
2001 2126 2072 2169 con·
2152 2097 2153 2118 ’

412 2192 520 2264 jejunio
535 2192 643 2265 quidem
659 2193 791 2259 intentus,
806 2191 855 2249 sed
865 2192 948 2248 irasci
962 2189 1044 2246 lacils
1059 2188 1176 2255 ridetur,
1192 2187 1214 2244 si
1267 2218 1351 2267 stru„
1366 2206 1473 2265 illudne
1488 2208 1541 2265 sibi
1553 2216 1594 2265 est
1607 2207 1828 2281 pmvidendum·
1847 2204 1876 2260 εἰ
1891 2203 1965 2259 enim
1994 2201 2072 2257 100⁰,
2154 2248 2155 2259 χ

414 2282 450 2338 de
461 2282 568 2354 jejnnio
581 2282 708 2339 laudetur
721 2282 757 2337 sb
770 2281 862 2354 aliquo
878 2278 1020 2338 confestim
1036 2278 1215 2349 respondetur
1267 2314 1322 2355 non
1335 2298 1365 2331 a·
1381 2298 1463 2355 sueri,
1477 2296 1581 2364 qm„¹
1597 2314 1647 2355 „00
1657 2294 1854 2353 aedjfiejumdqu
1864 2291 2013 2348 subqsqem
2024 2306 2072 2360 9⁰·

415 2372 449 2427 ’ὓ
460 2370 566 2428 ⁸¹¹0s⁰²
584 2370 662 2440 0⁰1⁸,
674 2370 771 2443 inquii,
786 2370 821 2427 de
835 2369 908 2427 illim
921 2372 1000 2426 ⁰⁰10*
1021 2367 1138 2439 ieiumi
1167 2380 1215 2440 <lui
1268 2387 1338 2445 terit.
1347 2388 1407 2444 Hoc
1420 2386 1511 2459 itaque
1526 2387 1614 2443 solnm
1629 2384 1672 2441 vel
1688 2393 1758 2441 terra
1772 2384 1843 2441 bona
1856 2380 1897 2449 m,
1914 2387 1956 2435 est
1979 2376 2071 2433 bumi-
2156 2403 2157 2417 .

414 2457 691 2517 ⁵50111fl⁸¹¹¹¹11⁸²11rm
703 2475 755 2530 llr⁰
768 2458 853 2516 nihi¹⁰
867 2458 882 2511 ‘i
897 2456 930 2513 Si
944 2464 1034 2513 luissffl
1045 2455 1214 2527 frequentius
1268 2476 1341 2546 litas,
1356 2476 1434 2547 cujus
1448 2477 1551 2531 cunctis
1565 2474 1709 2531 virtutibus
1719 2472 1846 2546 congruit
1857 2478 1954 2525 natura
1969 2480 2071 2537 easque
2157 2479 2158 2503 t

419 2549 607 2616 manducaret,
623 2548 672 2605 sed
683 2547 797 2605 bumilis
807 2551 835 2605 et
847 2546 956 2619 petiens
970 2562 1031 2603 esse
1044 2544 1214 2616 videatur3si
1268 2566 1342 2621 ,epm
1352 2562 1460 2620 firmum
1475 2563 1684 2621 fondamentum
1699 2568 1841 2618 sumum,
2158 2555 2159 2559 ¹

415 2638 480 2711 quia
493 2653 550 2695 non
561 2637 678 2710 jejunat,
694 2638 730 2693 ab
744 2637 837 2709 aliquo
849 2629 1112 2709 reprebendaturm,
1141 2634 1215 2692 illico
1553 2670 1664 2727 CAPUT
1678 2668 1779 2725 XCIX·

414 2728 450 2785 ab
459 2729 546 2785 altero
559 2726 739 2798 respondetur
755 2745 761 2782 :
777 2727 850 2783 bens
862 2727 954 2799 utique
966 2724 997 2755 '³’
1012 2736 1041 2783 ut
1058 2727 1203 2783 manducet

647 2817 653 2827 .
863 2815 868 2826 .
1084 2816 1090 2827 ,
1205 2767 1214 2795 ’
1271 2760 1348 2831 Quod
1358 2760 1490 2834 superbae
1504 2760 1543 2816 sil
1552 2758 1637 2817 uultis
1648 2758 1780 2815 mumma
1808 2754 1906 2813 bestiis
1934 2753 2074 2810 uitiorum

417 2824 596 2891 promeretur,
608 2832 673 2888 quta
686 2815 756 2873 adeo
769 2814 800 2847 '⁸⁸
814 2823 920 2889 patiens
932 2823 974 2873 est
987 2822 1014 2872 et
1029 2815 1172 2890 benignus.

1613 2850 1710 2921 plena.

694 2923 807 2981 CAPUT
821 2922 933 2980 XCVH·
1304 2941 1366 2997 Non
1379 2938 1462 2997 estin
1476 2938 1561 2995 altum
1574 2937 1604 2971 '⁸⁸
1618 2937 1724 2994 eleuata
1740 2934 1877 3005 superbia,
1907 2934 1978 2991 sicut
2004 2930 2071 3003 qni-
2163 2937 2164 2941 ’

462 3011 626 3071 simum
639 3010 719 3068 ‘'nii”
739 3012 911 3069 mmmm
925 3016 954 3069 ‘¹
969 3011 1167 3070 mmmm·
1271 3030 1333 3085 dam
1349 3035 1455 3100 putant,
1470 3026 1518 3083 sed
1533 3026 1652 3084 demissa
1665 3032 1716 3093 est,
1731 3032 1759 3081 et
1772 3023 1854 3079 rallis
1868 3022 1991 3078 maxima
2004 3022 2072 3077 bes-
2164 3014 2165 3019 ’

454 3116 601 3173 Sciendum
614 3122 656 3171 est
669 3112 877 3173 admrirtutes
891 3116 1012 3173 tendenti
1039 3118 1113 3190 quod
1132 3131 1217 3191 agere
1272 3119 1315 3175 tiis
1330 3118 1455 3175 vitiomm
1470 3117 1561 3189 plena,
1577 3114 1734 3188 etcsliqine
1756 3112 1933 3169 tenebrarum
1963 3111 2075 3167 denus-

1074 3216 1189 3272 VARlAE
1204 3216 1407 3274 LECTIONES.

451 3309 550 3368 ”¹Sine
563 3326 678 3383 corpore
691 3326 751 3368 csse
764 3314 975 3384 potestestas.
995 3315 1006 3366 t
1029 3312 1102 3372 vict.
1114 3316 1125 3368 t
1131 3316 1147 3371 ³
1161 3318 1189 3372 ct
1198 3314 1279 3374 Edit.
1294 3316 1355 3374 dol.
1375 3312 1431 3370 sine
1446 3326 1560 3384 corpore
1574 3316 1674 3382 potest.
1702 3305 1870 3377 micturiunt,
1887 3308 1945 3365 beo
1969 3316 1997 3364 ct
2015 3294 2077 3364 ΑΠ’

419 3384 490 3454 pelis
503 3383 631 3454 displicet
644 3398 712 3438 mss.
725 3387 755 3439 ct
771 3383 912 3441 actucot.
929 3383 1060 3450 interiori,
1075 3385 1233 3454 despicitur.
1262 3387 1339 3443 ”⁷Sic
1352 3385 1461 3441 inllatur
1474 3399 1524 3456 pro
1538 3398 1590 3440 mr.
1608 3383 1646 3438 sic
1674 3382 1854 3437 inliammatur
1881 3397 1944 3451 pro.
1959 3450 1965 3462 ι
1981 3361 2076 3435 ”⁸Sed

420 3453 532 3512 homilis
545 3461 573 3509 ct
582 3453 687 3526 patiens
701 3463 783 3523 esset,
796 3463 870 3510 recte
879 3455 1026 3512 rideretur.
1039 3456 1093 3513 Sed
1107 3455 1143 3522 si,
1159 3457 1205 3528 qui
1215 3473 1269 3513 non
1281 3457 1399 3528 jejunat,
1415 3456 1450 3512 ab
1466 3455 1557 3526 aliquo
1568 3454 1781 3525 reprehendatur·
1791 3469 1846 3509 uara
1857 3456 1898 3507 ,εὶ
1914 3452 1991 3508 aaut.
2015 3451 2075 3508 Col·

418 3526 467 3584 sed
480 3525 627 3583 humiliset
641 3525 748 3589 nubens
762 3526 887 3582 videatur
900 3542 960 3582 esse
975 3540 982 3595 ;
999 3527 1021 3582 si
1037 3528 1168 3599 quianon
1180 3528 1297 3597 jejunet,
1315 3527 1451 3598 abaliquo
1466 3521 1732 3596 reprehensorum.
1749 3525 1821 3580 Bene
1835 3523 1928 3595 utique
1951 3536 2005 3576 ms.
2039 3524 2075 3574 A·

420 3597 531 3661 lbcne,
550 3595 597 3653 ait.
626 3592 711 3667 '¹’Qni
726 3597 795 3653 adeo
808 3612 879 3653 mre.
903 3601 938 3653 l.
955 3600 968 3651 l
989 3600 1061 3655 Vlct.
1078 3601 1111 3654 ta
1127 3603 1155 3654 ct
1170 3597 1245 3654 lldlt.
1262 3601 1320 3656 cot.
1337 3598 1429 3670 aliquo
1451 3595 1673 3668 reprebendatur.
1716 3594 1826 3651 macne
1853 3599 1946 3666 utique
1971 3603 2026 3646 mr.
2044 3593 2077 3641 Δ·

422 3668 498 3725 aaut.
518 3668 579 3725 col.
596 3668 735 3724 sciendum
752 3668 786 3723 ad
796 3685 849 3724 mr.
861 3676 895 3724 Δ.
912 3667 925 3722 1
942 3683 1036 3724 verum
1053 3668 1192 3725 sciendum
1208 3670 1254 3726 ad.
1297 3668 1396 3725 ⁷·’Bnni
1411 3667 1545 3724 hortulani
1559 3682 1626 3724 mss.
1640 3667 1699 3722 Μ
1721 3669 1795 3723 Vict.
1813 3667 1844 3720 lb
1868 3663 1985 3722 allidit.
2017 3657 2077 3712 001·

423 3738 656 3795 morehortulani.
696 3737 925 3795 ⁷⁸⁸Terraaoarum
934 3744 1055 3796 mmm
1074 3742 1150 3797 Vtut.
1171 3742 1204 3794 l3
1220 3749 1298 3797 terrra
1320 3748 1347 3796 et
1372 3755 1474 3796 eorum.
1512 3735 1573 3793 ''⁸ln
1588 3739 1649 3794 loco
1663 3738 1767 3809 plantet
1793 3754 1847 3793 ms.
1871 3742 1907 3790 Δ.
1930 3734 1990 3790 lin
2016 3727 2079 3812 109⁰

424 3807 1612 3952 uetuti...dissentaneumauusuu..lt⁰u¹utt
1625 3807 1923 3937 intuma
1945 3801 2080 3931 ortt

426 3951 477 4007 Vel
490 3957 561 4006 terra
572 3952 643 4006 bona
656 3967 710 4007 ms.
725 3957 760 4007 Δ.
778 3951 790 4004 1
807 3952 928 4008 volterra
943 3967 1020 4023 pura.
1063 3952 1155 4010 ⁷⁸⁸Non
1169 3961 1210 4010 est
1223 3953 1251 4008 in
1265 3953 1414 4010 altumctc.
1429 3951 1563 4024 usquead
1586 3955 1651 4025 cop.
1670 3953 1730 4010 toa.
1759 3953 1857 4006 Vemm
1882 3948 1946 4020 quia
1969 3951 2023 4004 etc.
2048 3944 2079 3998 iu

427 4037 482 4075 ms.
521 4023 649 4076 &coensi
677 4024 705 4077 cl
732 4021 955 4079 Sec-Germani.
996 4023 1102 4078 Tandiu
1126 4022 1198 4078 enim
1229 4024 1342 4080 virtutes
1361 4023 1423 4079 aliae
1446 4021 1594 4079 subsistere
1621 4021 1712 4080 valent
1740 4021 1860 4094 quandiu
1879 4018 2080 4076 fimtameutum

430 4089 589 4147 humilitatis
622 4090 750 4146 retinent.
796 4093 859 4164 ipsa
898 4108 1015 4164 namquo
1053 4093 1127 4150 velut
1172 4111 1251 4151 mons
1283 4109 1398 4166 magnus
1426 4093 1452 4148 in
1493 4093 1570 4166 cujus
1593 4093 1733 4150 cacumine
1765 4092 1811 4148 lux
1843 4087 2080 4162 splendidissima,

431 4161 458 4215 in
487 4161 558 4216 valle
585 4176 651 4218 vero
680 4162 818 4232 profunda
845 4162 966 4218 densitas
985 4171 1026 4220 est
1052 4164 1226 4220 tenebrarum
1253 4179 1363 4234 magna,
1397 4165 1520 4235 superius
1545 4179 1652 4236 qnoque
1666 4175 1793 4234 personae
1818 4163 1932 4217 multum
1947 4161 2081 4227 honestae,

431 4230 545 4287 inferius
571 4247 635 4288 rem
663 4231 692 4286 in
720 4233 791 4289 valle
816 4233 931 4289 multum
964 4235 1041 4290 mala
1073 4235 1226 4291 inhabitant
1254 4236 1358 4291 bestia.
1388 4235 1456 4290 Sunt
1481 4235 1554 4291 enim
1577 4235 1705 4306 dispositi
1725 4234 1828 4307 gradus
1844 4232 1943 4304 quibus
1967 4247 1985 4286 a
2010 4230 2082 4285 valle

430 4317 517 4374 usque
550 4303 585 4357 ad
620 4303 721 4359 montis
774 4319 903 4360 cacumen
936 4305 1100 4362 ascenditur.
1133 4305 1186 4375 Qui
1224 4307 1341 4362 veroin
1378 4307 1447 4362 valle
1475 4314 1605 4375 moratur,
1636 4305 1805 4362 tenebmmm
1836 4303 1968 4360 censure
1994 4315 2083 4356 caeca·

433 4381 487 4442 tur,
515 4389 532 4430 a
553 4373 649 4430 bestiis
662 4389 738 4446 saepe
755 4374 891 4432 invaditur
907 4394 913 4430 :
929 4375 975 4449 qui
1003 4393 1067 4433 vero
1094 4376 1260 4434 hinoexiens
1285 4377 1434 4434 ascendere
1461 4376 1584 4459 eruperit,
1600 4392 1654 4448 quo
1682 4376 1762 4432 altius
1783 4375 1914 4440 ascendit,
1944 4388 1977 4429 eo
2002 4387 2083 4428 rare-

432 4444 567 4502 scentibus
596 4445 713 4501 tenebris
746 4444 793 4501 lux
819 4445 843 4502 ei
858 4447 993 4515 clarescit,
1021 4448 1117 4505 bestias
1128 4463 1237 4521 quoque
1247 4447 1373 4519 persequi
1387 4463 1449 4504 enm
1465 4455 1600 4512 omittunt,
1616 4449 1792 4519 honestaeque
1804 4461 1930 4517 personae
1958 4443 2012 4498 sibi
2033 4442 2084 4498 ob-

434 4516 510 4572 viam
523 4516 644 4573 ueniunt.
673 4517 742 4571 Cum
770 4524 859 4572 numm
873 4517 1008 4589 usquead
1023 4520 1123 4575 montis
1144 4535 1273 4576 cacumen
1289 4519 1450 4588 pervenerit,
1465 4519 1536 4574 inter
1549 4518 1622 4589 ipsas
1641 4533 1782 4589 personas,
1798 4517 1858 4574 luce
1873 4518 1947 4573 clara
1965 4515 2082 4586 quescit.

434 4587 519 4643 Vallis
532 4587 623 4660 itaque
643 4586 789 4658 profunda,
817 4589 1011 4658 superbiaest,
1027 4606 1088 4661 quae
1103 4605 1157 4662 quo
1184 4590 1330 4658 extollitur,
1359 4589 1474 4645 inferius
1494 4590 1567 4660 jacet
1582 4607 1588 4652 ;
1605 4588 1727 4644 densitas
1749 4603 1815 4644 varo
1843 4587 2015 4643 tenebrarum
2041 4593 2084 4640 est

434 4658 590 4731 ignorantia
603 4658 655 4725 sni,
669 4658 698 4714 id
712 4667 753 4715 est
767 4673 829 4715 cum
844 4659 890 4729 qui
904 4675 959 4716 non
973 4660 1101 4731 agnoscit
1113 4661 1187 4734 quod
1202 4661 1238 4717 sit
1247 4660 1475 4732 contemptibilis:
1492 4659 1572 4716 malae
1585 4667 1674 4715 autem
1693 4659 1788 4715 bestia
1803 4666 1868 4714 sunt
1883 4658 1961 4727 vitia,
1977 4657 2083 4738 eosqui

435 4729 488 4786 sei
528 4738 607 4786 omnt
621 4728 818 4786 conculcantis.
837 4729 945 4787 Gradus
972 4746 1039 4789 vero
1062 4731 1161 4802 quibus
1184 4730 1218 4785 ad
1238 4731 1336 4787 montis
1364 4747 1493 4788 cacumen
1508 4731 1674 4800 ascenditur,
1702 4739 1806 4801 septem
1832 4736 1894 4785 sunt
1921 4725 2085 4784 humilitatis

434 4816 484 4883 gra
504 4815 537 4855 us
555 4800 655 4872 quibus
681 4801 717 4858 ad
740 4799 802 4870 ejus
823 4801 1024 4882 perlectionem
1071 4802 1217 4859 arroditur.
1246 4801 1298 4872 Qui
1313 4817 1380 4876 ergo
1403 4802 1429 4856 in
1444 4801 1515 4858 valle
1530 4801 1663 4873 superbiae
1676 4817 1854 4857 commanens
1869 4806 1909 4856 est
1932 4819 1938 4863 ;
1964 4797 2085 4880 tenebris

433 4873 599 4946 ignorantiae
613 4872 654 4928 sui
669 4880 796 4939 caecatur,
810 4871 936 4944 vitiisque
950 4818 1114 4943 quibusiibet
1127 4889 1199 4945 saepe
1213 4873 1396 4930 conculcatur.
1408 4871 1460 4942 Qui
1475 4887 1550 4942 vero,
1574 4873 1668 4928 relicta
1683 4872 1820 4944 superbia,
1848 4887 1900 4997 Ber
1922 4869 2084 4950 humilitatis

432 4943 692 5068 qradusasccndere
707 4943 811 5015 incipit,
827 4958 881 5016 quo
896 4944 988 5014 plures
1002 4959 1036 4999 ex
1050 4944 1090 5000 eis
1103 4944 1266 5011 ascenderit,
1281 4961 1314 5000 eo
1337 4943 1491 5017 ignorantia
1519 4951 1673 5000 rarescente
1696 4943 1816 5014 aperitur
1828 4943 1849 4998 si
1870 4941 1879 4998 i
1898 4941 2019 5014 cognitio
2029 4955 2082 4996 sm.

457 5015 505 5071 itia
519 5015 596 5085 prins
610 5030 665 5072 uon
679 5020 709 5070 ut
721 5013 797 5086 ptius
811 5030 873 5070 eum
887 5014 1025 5081 intestant3
1036 5015 1086 5071 sed
1100 5015 1220 5072 honestus
1234 5031 1365 5087 personae,
1381 5014 1461 5071 idest
1475 5015 1596 5084 virtutes,
1614 5015 1638 5068 ei
1654 5013 1885 5096 appmpinquant.
1898 5013 1965 5068 Cum
1990 5019 2082 5068 autem

433 5099 518 5156 usque
533 5086 568 5141 ad
583 5101 744 5157 supremum
754 5085 913 5142 humilitatis
956 5086 1051 5142 ratlum
1077 5086 1238 5155 ascenderit,
1254 5085 1406 5212 intorisssas
1417 5085 1531 5141 virtutes
1554 5085 1580 5140 in
1607 5085 1679 5141 clara
1703 5101 1744 5141 snt
1771 5085 1926 5158 cognitione
1955 5083 2081 5156 quiescit.

469 5154 576 5211 Prirnus
603 5155 693 5227 itaque
707 5156 865 5213 humilitatis
874 5172 922 5230 gro
946 5174 978 5213 us
993 5164 1033 5213 est
1047 5172 1183 5231 quemque
1197 5159 1342 5228 contempti
1364 5157 1426 5211 ilem
1443 5171 1608 5230 cognoscere
1623 5171 1653 5212 se
1667 5171 1736 5212 esse.
1751 5155 1786 5211 Et
1800 5157 1864 5228 qnia
1882 5161 1943 5210 sunt
1972 5153 2082 5236 qnidam

431 5225 477 5297 qui
491 5226 710 5297 contemptibiles
725 5227 837 5296 quidem
852 5243 881 5284 se
895 5243 957 5285 esse
967 5236 1147 5301 cognoscunt,
1159 5228 1206 5283 sed
1218 5227 1279 5283 inde
1294 5243 1347 5283 non
1362 5227 1454 5283 dolent
1470 5244 1476 5284 :
1491 5227 1628 5282 secundus
1643 5231 1684 5283 est
1695 5227 1790 5284 dolore
1804 5243 1832 5283 se
1847 5223 2082 5296 contemptibilem

429 5294 581 5365 assellam
594 5312 659 5353 uero
674 5305 737 5352 sunt
751 5298 797 5352 alii
812 5299 859 5369 qui
883 5313 912 5354 se
933 5315 992 5355 esse
1016 5298 1235 5371 contemptibiles
1249 5300 1340 5356 dolent
1369 5299 1416 5353 sed
1438 5297 1559 5354 confiteri
1585 5297 1699 5354 nolunt:
1719 5298 1812 5353 tertius
1840 5306 1880 5353 est
1908 5294 2032 5354 conliteri
2053 5312 2083 5352 se

428 5384 489 5425 esse
498 5367 741 5439 contemptibilem.
757 5369 792 5425 Et
804 5370 867 5440 quia
880 5385 972 5425 rursus
986 5369 1031 5426 alii
1042 5369 1086 5442 qni
1102 5388 1130 5426 se
1144 5369 1361 5439 contemptibiles
1371 5385 1430 5426 esse
1445 5369 1615 5439 confitentur,
1631 5369 1679 5424 sed
1703 5369 1797 5425 nolunt
1811 5377 1840 5424 nt
1868 5369 1906 5423 ita
1932 5367 2059 5423 credatur
2073 5385 2080 5428 ;

427 5445 538 5512 quartus
550 5445 591 5494 est
603 5438 767 5508 persuadere
776 5440 1051 5509 contemptibilemse
1066 5457 1135 5497 esse.
1150 5441 1330 5512 Verumquia
1352 5440 1463 5510 quidam
1492 5440 1723 5511 contemptibilem
1754 5439 1865 5510 quidem
1876 5438 1970 5496 nolunt
1994 5437 2080 5504 credi,

426 5510 476 5566 sed
490 5509 606 5566 bocsibi
620 5509 782 5566 noluntdici
799 5527 806 5565 2
822 5510 933 5582 quintus
959 5520 999 5567 est
1023 5511 1078 5583 pati
1101 5521 1131 5566 ut
1154 5512 1260 5568 dicatur
1285 5511 1511 5582 contemptibilis;
1529 5510 1602 5582 quod
1631 5511 1693 5584 quia
1720 5511 1830 5580 qnidam
1859 5511 2007 5581 patiuntur,
2031 5511 2080 5564 sed

422 5592 519 5652 ,tumen
547 5579 604 5650 pati
632 5579 726 5636 nolunt
750 5588 779 5635 ut
802 5590 909 5638 contem
932 5582 1043 5638 tibiliter
1063 5591 1233 5638 tractentur:
1250 5591 1342 5638 sextus
1370 5591 1411 5638 est
1426 5583 1462 5638 ila
1489 5583 1624 5653 patienter
1649 5582 1777 5654 injuriam
1806 5581 1958 5653 suscipere,
2003 5581 2078 5652 qnasi

423 5653 598 5711 commodum
638 5651 868 5722 mognumlieret.
901 5598 957 5709 gud
986 5654 1115 5726 quoniam
1140 5670 1173 5711 er
1200 5654 1297 5709 borum
1354 5653 1446 5709 uidam
1475 5653 1550 5710 inviti
1576 5653 1713 5722 patiuntur
1730 5672 1736 5707 :
1755 5669 1784 5708 se
1806 5653 1887 5708 timus
1916 5659 1958 5708 est
1986 5667 2077 5706 amare

420 5733 450 5781 ut
477 5721 717 5806 contemptibiliter
742 5727 899 5779 tractentur.
918 5723 970 5780 Ubi
996 5732 1143 5797 postquam
1172 5725 1233 5798 quis
1256 5671 1417 5791 ascenderit,
1446 5725 1521 5781 clara
1549 5731 1590 5780 est
1618 5725 1645 5779 in
1674 5724 1744 5792 luce,
1773 5670 1803 5780 id
1826 5731 1864 5780 est
1903 5721 1931 5778 in
1959 5722 2079 5803 perlecta

420 5796 461 5852 sai
476 5795 633 5869 cognitione
649 5802 736 5862 ;tnter
762 5796 875 5850 honesta
901 5810 1011 5866 qnoque
1039 5810 1180 5866 personas,
1211 5795 1239 5851 id
1267 5803 1308 5850 est
1335 5795 1456 5866 virtutes,
1486 5802 1680 5862 commoratur,
1697 5811 1758 5868 quae
1784 5810 1881 5852 omnes
1906 5795 1957 5850 boc
1986 5795 2076 5848 bumi-

244 5897 245 5923 ι
419 5868 502 5925 litatis
531 5876 633 5937 monte,
656 5865 729 5924 uelut
756 5864 900 5925 aedificium
927 5865 1065 5939 quoddam
1088 5865 1244 5925 lundantur.
1274 5865 1360 5938 liunus
1376 5865 1493 5942 deniqne
1520 5865 1677 5924 humilitatis
1702 5881 1797 5925 omnes
1821 5867 1860 5923 illi
1877 5865 1980 5940 gradus
2013 5871 2075 5922 sunt

245 6011 251 6060 i
