4750 6725
443 606 495 660 959
1072 604 1101 661 S.
1118 602 1218 660 lili'GO
1232 600 1340 657 ABBilS
1355 602 1512 659 Ctttttttc.
2047 604 2101 659 960

443 748 505 787 rum
520 732 555 788 sit
566 738 593 789 et
607 732 762 788 absolutum
774 732 809 787 ab
834 732 908 787 omni
934 730 1044 787 servitio
1071 737 1099 786 et
1125 729 1243 801 posteris
1256 724 1284 787 Α
1298 724 1371 783 dicta
1384 727 1493 783 abbatia
1507 727 1535 783 in
1548 727 1746 785 dominicatura
1761 745 1843 802 quain
1858 730 1895 787 ibi
1910 728 2052 787 babemus
2077 735 2103 783 et

446 821 591 878 nostriset
609 820 854 876 cuilibetsaeculari
881 820 926 875 nel
953 819 1143 876 ecclesiasticae
1163 825 1245 889 pote·
1297 832 1361 871 usus
1379 824 1406 871 et
1426 816 1543 873 usadcos
1570 817 1743 889 retineamus,
1770 828 1883 890 exmpto
1907 820 1971 890 quia
2008 834 2102 888 neque

447 909 525 964 stati.
544 910 644 965 Ethoe
667 908 882 965 simauilestum
910 916 937 963 et
963 908 1144 964 indubitatum
1171 908 1245 979 qnod
1298 904 1427 961 abbatem
1441 908 1772 979 necmonecbospostbac
1787 908 1980 981 distringemus
2005 922 2102 977 neque
2158 958 2159 981 χ

447 1004 538 1052 nostrii
552 1005 593 1051 est
606 995 731 1051 voluntas
745 1003 770 1052 et
784 1004 877 1053 nostra
892 996 985 1067 petitio
1007 1004 1036 1051 ut
1063 998 1122 1052 baec
1148 996 1245 1052 eadem
1298 993 1548 1065 dehonestabimus,
1565 996 1614 1051 sed
1629 1004 1747 1067 potestas
1762 1005 1786 1051 et
1800 996 1932 1052 districtio
1947 1004 1974 1051 et
1986 995 2100 1052 ordina-

448 1090 540 1139 uostra
555 1084 661 1139 traditio
676 1100 726 1155 per
739 1084 890 1141 Romanum
913 1084 1068 1157 pontificem
1096 1084 1246 1141 confirme-
1297 1080 1335 1140 lio
1348 1082 1477 1139 abbatum
1492 1091 1519 1140 et
1533 1085 1726 1141 monacbomm
1741 1084 1832 1143 Sancti
1844 1085 1945 1158 AEgidii
1960 1092 2100 1140 eteorum

449 1178 500 1237 tur,
516 1180 548 1227 ut
560 1173 784 1246 quicunqiieeam
798 1174 904 1231 violare
916 1181 942 1229 et
955 1173 1104 1247 intringere
1126 1182 1245 1246 tempta·
1297 1188 1359 1242 quae
1374 1173 1445 1228 soliti
1459 1182 1521 1230 sunt
1537 1181 1629 1230 tencre
1643 1173 1671 1229 iu
1685 1174 1778 1231 domui
1793 1173 1916 1247 lingonis
1930 1172 2044 1229 abbatis
2072 1182 2099 1227 et

447 1261 526 1327 verit,
542 1260 610 1317 seint
623 1276 652 1317 se
667 1277 717 1332 per
730 1263 790 1333 ejus
805 1263 995 1318 auctoritatem
1023 1263 1246 1319 excommunica·
1297 1276 1482 1317 successorum
1496 1260 1556 1331 ejus
1567 1268 1700 1332 potestate
1715 1262 1855 1330 consistat,
1871 1270 2006 1333 quatenus
2036 1259 2099 1331 ipse

446 1355 503 1405 tum
518 1357 571 1405 eta
584 1358 678 1406 sancta
693 1350 742 1406 liei
756 1358 911 1423 separatum
929 1350 1064 1408 Ecclesia.
1298 1358 1504 1405 etsuccessores
1518 1350 1577 1421 ejus
1588 1352 1677 1405 locum
1691 1350 1856 1421 praedictum
1868 1357 1894 1405 et
1909 1350 2004 1405 omnia
2035 1347 2097 1405 lues

485 1438 551 1493 llaec
567 1445 658 1493 autem
674 1437 768 1494 abacta
781 1438 937 1509 scriptaest
950 1439 976 1493 iu
1006 1439 1066 1510 ipso
1093 1440 1248 1511 Bigorrensi
1299 1437 1459 1509 pertinentia
1472 1454 1524 1510 pro
1547 1454 1627 1510 possa
1648 1455 1698 1495 suo
1726 1447 1753 1495 et
1779 1438 1919 1495 uoluntate
1943 1437 2099 1493 secuudum

448 1532 537 1582 castro
550 1534 577 1582 et
591 1526 653 1582 data
668 1542 696 1581 xi
718 1526 780 1585 Kal.
805 1527 977 1599 Decembris,
1001 1544 1071 1585 auno
1099 1528 1247 1585 Dominicae
1300 1526 1433 1599 Regulam
1448 1526 1534 1583 sancti
1562 1527 1701 1584 Benedicti
1730 1527 1891 1599 regulariter
1916 1526 2047 1582 ordinent
2076 1534 2102 1580 et

452 1616 650 1671 iucarnationis
664 1615 812 1673 millesimo
835 1616 1005 1688 sexagesimo
1032 1625 1141 1687 quarto,
1169 1618 1248 1689 regni
1300 1622 1411 1671 teneant
1426 1616 1452 1671 iu
1467 1624 1608 1673 aeteruum.
1639 1618 1673 1673 Ut
1701 1632 1769 1673 vcro
1792 1615 1876 1671 nostri
1897 1623 2101 1689 parentumque

453 1702 571 1775 Philippi
600 1704 674 1776 regis
700 1704 863 1761 Francomm
891 1713 995 1777 quarto,
1025 1705 1171 1763 indictione
1203 1722 1248 1761 se-
1300 1712 1457 1761 nostrornm
1472 1707 1603 1761 memoria
1618 1705 1749 1762 cluniaco
1776 1703 1932 1777 perenniter
1953 1702 2098 1769 habeatnr,

451 1791 553 1848 cunda.
1301 1795 1354 1850 hoe
1368 1794 1395 1848 in
1404 1794 1597 1851 donoabbatiae
1606 1791 1927 1867 praedictassolummodo
1945 1790 2098 1848 retinemus

486 1879 599 1951 Signum
607 1880 700 1936 domni
714 1882 815 1939 Eraclii
830 1883 1002 1955 bigorrensis
1017 1884 1149 1955 episcopi.
1303 1891 1331 1940 nt
1345 1900 1518 1940 successures
1532 1883 1655 1956 praedieti
1670 1882 1801 1939 abbatiss
1815 1880 1895 1938 nobis
1911 1880 1956 1936 uel
1971 1896 2100 1936 esuoees

487 1966 600 2040 Signum
616 1969 708 2024 domni
722 1971 851 2025 Bemardi
862 1970 1032 2043 Bigorrensis
1054 1972 1173 2039 comitia¹
1204 1972 1250 2045 qui
1302 1972 1409 2030 seriniis
1423 1972 1520 2029 nostris
1533 1974 1635 2029 donum
1650 1971 1787 2043 predicte
1797 1969 1915 2026 abbatiae
1923 1968 2030 2042 absque
2047 1968 2099 2023 ullo

447 2057 518 2112 bane
531 2056 656 2113 chariam
669 2058 811 2115 dedemut.
1262 2080 1289 2139 B
1305 2062 1381 2117 lucio
1397 2068 1423 2118 et
1434 2061 1671 2132 pretioaceipiant.
1687 2058 1768 2128 Quod
1797 2058 1819 2115 si
1843 2072 2022 2114 successores
2053 2072 2101 2112 no·

486 2145 600 2217 Signum
615 2145 708 2202 domni
726 2146 854 2219 Stephani
870 2147 1048 2206 Oloroneusis
1062 2149 1191 2222 episcopi.
1304 2149 1354 2206 stri
1369 2150 1573 2207 successoribus
1586 2149 1680 2206 domui
1694 2148 1801 2204 abbatis
1814 2147 1937 2218 praedicti
1962 2146 2100 2218 expedita,

486 2232 603 2305 Signum
618 2233 711 2289 domui
725 2236 985 2293 Durandi'l'oloscni
1001 2238 1133 2309 episcopi.
1304 2243 1334 2295 ut
1349 2238 1477 2307 diximus,
1492 2238 1556 2294 dare
1570 2236 1717 2303 noluerint,
1732 2236 1800 2292 nibil
1811 2236 1955 2292 abbatibus
1977 2234 2101 2299 obsistit,

485 2320 600 2394 Signum
616 2322 743 2395 Gregorii
758 2324 930 2381 Lacurrensis
943 2326 1076 2397 episcopi.
1305 2327 1356 2383 sed
1371 2325 1459 2383 locum
1470 2334 1495 2383 et
1515 2329 1608 2383 omnia
1624 2344 1684 2400 quea
1698 2324 1873 2398 prediximus
1899 2323 1969 2393 ipsis
1994 2323 2024 2378 iu
2051 2322 2101 2378 Dei

490 2408 606 2479 Signum
622 2411 695 2466 Petri
707 2414 864 2468 murrensis
879 2414 1012 2485 episcopi.
1304 2415 1412 2473 seruitio
1427 2416 1628 2485 possidentibus
1643 2417 1744 2473 donum
1757 2422 1879 2471 nostrum
1894 2414 2033 2483 integram
2055 2412 2102 2465 iu-

487 2497 605 2569 Siguuui
631 2499 724 2556 domui
766 2502 895 2557 bernardi
937 2502 1177 2559 Dormaniaoeuais
1202 2516 1252 2559 co·
1305 2504 1490 2575 violatumque
1505 2504 1658 2576 perenuiter
1671 2510 1789 2559 maneat.
1820 2503 1878 2557 Hoc
1902 2508 1995 2556 autem
2021 2497 2104 2554 omui·

453 2584 535 2642 mitis.
1304 2591 1511 2648 busnotumsit
1526 2593 1614 2649 locum
1630 2590 1791 2663 praedictum
1815 2598 1841 2646 et
1868 2589 2004 2646 abbatiam
2033 2603 2105 2659 prae·

822 2680 869 2736 iv.
1306 2681 1404 2736 dictam
1428 2681 1547 2737 alodium
1572 2696 1632 2736 esse
1655 2680 1739 2737 sancti
1772 2679 1853 2745 Petri,
1882 2692 2003 2751 quiaque
2032 2676 2104 2731 douo

451 2792 856 2862 limodiicoinitirinetfilins
870 2794 1013 2852 oblationi
1028 2794 1131 2853 Sancti
1151 2796 1254 2869 AEpidt'i
1306 2768 1398 2869 ἀφῶ
1413 2785 1491 2869 ΡΨῬ
1507 2770 1619 2869 R⁰m³f¹i
1635 2778 1770 2869 ‘elem’
1786 2782 1899 2867 ‘³¹¹oequ
1913 2765 2005 2821 dem
2034 2780 2103 2834 Μ’

620 2867 649 2920 et
660 2865 713 2921 riti·
722 2866 902 2936 pertinentia
916 2866 1086 2924 cormunt,
1306 2858 1379 2913 dicto
1394 2858 1601 2931 abbatillugoni
1611 2866 1637 2913 et
1652 2873 1712 2927 eJus
1726 2855 1924 2913 successoribus
1933 2854 2012 2909 salva
2035 2850 2104 2907 lide-

761 2991 782 3043 Λ
856 2992 867 3044 4
908 2990 925 3043 6
1308 2946 1382 3002 litate
1396 2948 1525 3003 Romanae
1552 2946 1678 3002 Ecclesiae
1701 2952 1729 3001 et
1756 2944 1850 2999 domui
1876 2958 1957 3013 papie
1976 2940 2105 2996 tradimus

653 2990 759 3167 [8ou
783 2993 906 3151 ⁰:2⁶3?
926 2990 964 3151 Ru
993 3096 1050 3169 ⁴8¹
1308 3036 1462 3108 perenuiter
1476 3034 1630 3093 babendum
1646 3038 1673 3090 et
1681 3032 1845 3107 regulariter
1855 3030 2051 3099 ordinandam,
2068 3030 2104 3083 ita

762 3136 770 3153 .
902 3136 909 3149 .
968 3137 976 3165 ,
1031 3137 1037 3150 .

1308 3132 1398 3181 tamen
1414 3130 1443 3181 ut
1457 3140 1585 3180 ceususii
1600 3124 1749 3180 solidomm
1763 3118 2011 3178 debitusomnibns
2026 3118 2105 3174 aunis

487 3198 573 3253 Deum
589 3198 696 3253 Patrem
710 3199 926 3269 omnipotentem
936 3200 1019 3256 totins
1032 3208 1163 3257 eiectare
1173 3217 1253 3258 crea-
1308 3216 1438 3271 pomgnae
1453 3214 1581 3270 Ecclesia
1595 3213 1781 3284 persolvatur,

452 3293 541 3342 torem
554 3286 669 3357 eiusque
685 3287 862 3359 Unigenitum
877 3288 1022 3345 Dominum
1055 3299 1180 3346 nostrum
1207 3292 1255 3347 Je-

451 3375 1256 3538 ᾟῃῦἓῗῗὲᾚιζέἓὲθῒπὲίᾟὲαὲτέθέἒῖἑᾞῃ11ζὶῃῷ
1272 3430 1297 3494 0
1311 3419 1380 3475 nicae
1395 3418 1599 3486 iucarnationis,
1628 3425 1725 3473 octauo
1753 3433 1770 3472 x
1794 3415 1856 3472 Kal.
1881 3413 2003 3470 tannarii
2027 3413 2107 3484 juxta

1044 3555 1049 3566 .
1311 3511 1478 3566 Nemausum
1495 3509 1629 3564 ciuitatem
1652 3523 1730 3564 secus
1753 3505 1894 3562 ecclesiam
1916 3503 2009 3560 Sancti
2036 3503 2105 3558 Bau·

452 3552 541 3609 Deum
571 3553 683 3609 credere
713 3571 843 3626 magnum
870 3562 920 3621 ω’
944 3571 1051 3627 mmm
1075 3563 1163 3612 ‘utem
1183 3557 1257 3657 (¹9⁰⁶
1311 3597 1656 3672 dilii,regnantal'liilippo
1676 3595 1927 3670 ingelrancorum,
1950 3590 2106 3648 videntibus

451 3649 1259 3804 ffifflbffigrgaeffllzzzfflmcffigswpffiffig
1311 3695 1391 3759 alque
1404 3687 1577 3788 laudantibus
1590 3685 1737 3786 episcopis,
1750 3683 1852 3739 scilieet
1879 3680 1985 3738 domun
2013 3679 2107 3735 llalm·

451 3818 577 3891 diligere,
595 3813 737 3876 humiliter
765 3820 881 3876 obedire
909 3828 949 3876 est
977 3777 1106 3876 omnibus
1127 3836 1250 3878 neeesse.
1311 3776 1392 3879 '’³¹4‘'
1407 3777 1556 3878 Mfl'lfflfnffi
1572 3777 1755 3848 aml'wpssmp
1757 3789 1774 3828 ⁰
1788 3780 1871 3842 “que
1894 3773 2026 3827 R⁰m⁸¹¹ae
2053 3767 2107 3822 E⁰'

453 3907 596 3977 Praeeipue
612 3914 702 3963 tamen
715 3906 771 3963 illis
789 3909 916 3964 convenit
927 3909 998 3963 istud
1013 3924 1082 3980 quos
1094 3910 1167 3965 sacri
1192 3909 1258 3969 iiiii
1310 3867 1400 3924 ‘'¹⁰⁵¹ae
1427 3882 1542 3966 v¹⁰⁸r¹.⁰'
1566 3873 1594 3964 ει.
1616 3865 1717 3920 d⁰m¹¹⁰
1740 3861 1877 3958 numm.
1893 3859 2043 3958 ss⁰l⁰⁵⁸f¹⁰'
2081 3865 2108 3910 ⁰¹

1311 3960 1427 4032 lingone
1441 3957 1605 4023 Uzcticeuai‚
1622 3961 1648 4010 et
1659 3952 1802 4023 Rostagnii
1827 3951 2019 4010 avinionensi.
2046 3945 2106 4000 ller-

453 3995 545 4152 ffiigf
554 3994 840 4140 {ffisffihsoeffia
853 3997 930 4140 3¹3:
940 4011 1116 4141 {3⁸:3⁸3ngss
1132 4006 1259 4144 puetmssxelg
1311 4057 1409 4103 trenno
1419 4043 1618 4117 magalonensi,
1627 4039 1772 4096 abbatibus
1781 4037 1921 4093 Bernaido
1931 4031 2107 4134 Massiliensi,

712 4124 718 4136 ι
1311 4136 1448 4193 l'iotardo
1473 4129 1651 4195 Toineriensi‚
1681 4127 1821 4184 Bernardn
1851 4125 1994 4186 l‘abreusi,
2030 4123 2107 4178 Petra

455 4165 574 4224 fideliter
587 4171 740 4228 servientes
755 4172 924 4227 seminamus
945 4181 1053 4230 terrena
1067 4183 1096 4230 ut
1123 4183 1257 4230 metamus
1372 4227 1377 4237 ,
1666 4218 1671 4230 .
1777 4215 1782 4227 .

454 4257 872 4329 antanasniiptuiadicenie:
887 4263 1256 4334 Quiecmqueseminaneri't
1310 4225 1552 4326 ⁰¹⁰‘,¹⁰.⁰R⁰m⁰⁰ae
1567 4215 1836 4274 E⁰⁰¹e³¹ae⁵¹¹bd¹³⁰⁰
2084 4299 2090 4308 .

454 4345 903 4419 hommoemmmouamer
923 4357 1014 4406 amem
1042 4351 1115 4406 Dm
1142 4351 1256 4414 imum.
1311 4315 1415 4371 clericis
1430 4313 1575 4368 Salomone
1591 4315 1618 4362 et
1645 4308 1803 4373 perinane,
1842 4301 1972 4357 militibus
2016 4301 2109 4354 Pontio

1345 3330 1572 3386 Fnctaestantim
1596 3329 1656 3384 bace
1676 3326 1787 3384 donatio
1817 3340 1888 3381 auno
1917 3326 1986 3381 1066
2009 3322 2107 3379 Domi-

451 4435 540 4506 possit
554 4434 613 4505 ipse
626 4436 654 4491 in
671 4437 865 4511 uvingeitoaii
877 4441 963 4496 :Date
974 4441 1192 4512 eleemosynam,
1227 4445 1257 4498 el

451 4537 516 4580 acce
530 4525 820 4582 mundaruntoninin
839 4527 922 4582 veliin
933 4525 1038 4595 Quibus
1055 4527 1136 4598 plane
1162 4527 1256 4584 verbis

452 4613 605 4668 ostenditur
614 4613 679 4683 quia
691 4613 760 4668 nihii
770 4631 803 4670 eo
813 4615 936 4670 miserius
948 4631 1030 4686 quem
1040 4616 1141 4686 iiiique
1159 4617 1256 4687 nequi-

452 4699 565 4756 sitiones
578 4700 743 4772 deprimunt,
757 4719 837 4773 quein
845 4701 1008 4773 locupletem
1028 4703 1139 4760 fraudes
1162 4713 1189 4760 ct
1215 4721 1256 4762 ra·

452 4788 525 4858 piuae
540 4787 650 4846 taciani.
667 4791 702 4845 Et
710 4791 836 4862 qnoniam
852 4791 905 4846 illae
916 4792 994 4847 nobis
1007 4793 1160 4849 ambiendae
1188 4801 1253 4850 sunt
1267 4789 1293 4849 D
1310 4763 1330 4818 C

452 4874 553 4932 dii'itiae
568 4893 630 4947 qum
644 4894 695 4934 uos
708 4893 807 4934 ornare
821 4887 933 4950 possunt
948 4887 975 4935 et
988 4881 1103 4949 munire,
1118 4898 1135 4936 a
1149 4882 1253 4938 mundo

453 4965 654 5034 disterminare,
667 4966 771 5024 animas
794 4976 902 5025 nostras
928 4969 1015 5026 ditare
1040 4977 1124 5041 atque
1150 4971 1254 5026 nobili·

455 5063 524 5123 tare,
539 5055 602 5114 ideo
615 5057 643 5113 iii
658 5056 709 5112 Dei
725 5058 834 5114 nomine
848 5074 901 5132 ego
915 5057 1118 5115 simonianam
1135 5059 1184 5115 Dei
1212 5075 1254 5116 co·

1311 4402 1422 4461 Gernldi
1433 4397 1607 4457 Gciiindcusi
1624 4393 1792 4460 vicecomite,
1803 4389 1969 4447 'l'ridmundo
1998 4387 2109 4444 Elisiar·

1311 4495 1351 4562 ni,
1365 4491 1507 4546 Willelmo
1531 4494 1557 4543 et
1584 4485 1725 4540 Emenoue
1753 4480 1832 4536 iratra
1856 4479 1917 4552 ejus
1935 4477 1968 4534 de
1987 4477 2106 4544 Sabinu,

1313 4575 1566 4651 Petrollqniuieusi,
1590 4574 1726 4645 Rostagno
1744 4571 1778 4626 de
1808 4567 1950 4624 Poslieriis
1972 4574 1999 4622 et
2022 4567 2109 4621 tratre

1310 4673 1374 4743 ejus
1389 4669 1520 4736 demone,
1536 4661 1689 4721 ilaiiioardo
1705 4661 1739 4716 de
1757 4657 1890 4726 lllodeiiis,
1906 4655 2054 4711 bertranno
2075 4655 2110 4709 de

1332 4760 1436 4832 npraria
1451 4766 1477 4812 et
1495 4757 1573 4810 Petro
1588 4753 1670 4807 lintre
1683 4751 1755 4822 ejus,
1770 4753 1798 4805 et
1810 4748 1925 4819 lingone
1939 4745 1973 4800 de
1987 4745 2109 4799 liassan-

1307 4849 1381 4922 gnis.
1393 4854 1419 4904 et
1434 4843 1545 4917 Segario
1565 4839 1727 4906 Salomonis,
1757 4853 1789 4894 ac
1814 4836 1954 4892 Willclmo
1972 4833 2106 4901 natinari,

1308 4939 1440 4994 Uuibcrto
1469 4931 1624 4998 flamberti,
1653 4929 1763 4998 insuper
1786 4927 1894 4984 volente
1921 4933 1947 4980 et
1974 4922 2105 4979 laudante

1308 5025 1392 5082 nobili
1404 5023 1486 5079 ildala
1500 5020 1722 5079 Sustnutioneuse
1737 5015 1885 5082 comitissa,
1901 5021 1926 5070 et
1935 5011 1994 5069 aliis
2006 5029 2107 5087 quam-

1308 5111 1433 5187 plurimis
1446 5109 1525 5167 bouis
1539 5107 1697 5165 bominibus
1712 5105 1769 5162 Deo
1780 5103 1910 5176 coguitis.

455 5149 570 5213 miiissa.
585 5155 613 5203 et
626 5147 699 5202 illius
712 5163 789 5203 meus
802 5147 971 5204 Raimuudns
983 5162 1077 5203 eomes
1092 5147 1255 5204 Ruteneusia

454 5243 482 5291 et
495 5235 670 5291 Neuroseusis
683 5235 960 5306 Narbonensiunique
973 5235 1175 5303 nobilissimus,
1205 5252 1255 5307 pro
1344 5235 1373 5290 Si
1388 5233 1448 5304 quis
1464 5247 1527 5289 vero
1541 5229 1685 5302 cujuslibet
1698 5226 1802 5285 ordinis
1811 5241 1859 5282 seii
1873 5222 2017 5298 diguitatis
2041 5237 2107 5280 eou-

455 5323 548 5380 domui
572 5323 657 5379 Pontii
685 5323 791 5380 comitis
814 5324 944 5394 remedio,
973 5333 1000 5381 et
1022 5339 1073 5396 pro
1096 5324 1255 5380 remissioni
1311 5334 1352 5382 tia
1367 5321 1621 5380 bauedonatiooem
1644 5315 1748 5376 venerit
1775 5315 1811 5372 ad
1839 5311 2049 5386 inrumpendam
2065 5309 2108 5367 rel

453 5419 631 5484 peccatorum
645 5415 801 5468 nostrorum
817 5419 1050 5484 atquepareutnm
1071 5412 1197 5470 vivorum
1225 5429 1257 5469 ac
1310 5416 1346 5472 ad
1360 5412 1563 5487 inqiiictaudnm
1587 5417 1633 5466 aut
1659 5403 1883 5472 contradicendo,
1911 5399 2108 5472 omnipotentis

451 5500 653 5566 detunctorum,
668 5506 748 5568 atque
763 5497 851 5556 saluta
863 5500 983 5556 fidelium
998 5509 1157 5558 uostromm
1185 5502 1253 5573 opti·
1308 5505 1358 5562 Dei
1373 5504 1442 5560 iram
1453 5499 1599 5562 terribilem
1612 5506 1693 5569 atque
1715 5493 1885 5552 tremendam
1905 5492 2034 5560 incurrat,
2065 5497 2108 5544 at-

450 5598 566 5654 matum,
581 5586 720 5644 abbatiam
735 5587 827 5644 Sancti
847 5588 948 5661 AEgiilii
962 5598 989 5646 et
1017 5590 1118 5656 laeum,
1147 5591 1253 5646 oinuia·
1307 5607 1361 5664 que
1373 5603 1432 5644 oum
1447 5585 1516 5642 tuda
1531 5582 1715 5656 perfidissimo
1728 5579 1860 5637 traditore
1874 5585 1902 5635 et
1916 5591 1978 5632 aum
2002 5574 2109 5670 Datbsu
2168 5635 2169 5648 χ

453 5695 507 5751 que
521 5677 574 5736 sibi
587 5675 752 5749 pertinentia
767 5676 862 5732 Deoat
875 5678 978 5734 domno
992 5679 1102 5751 liugoui
1127 5679 1254 5750 praesenti
1308 5677 1444 5736 etitbiron
1460 5675 1488 5730 iii
1516 5672 1623 5728 iulamo
1652 5667 1779 5726 interiori
1801 5665 1947 5733 crocinus,
1976 5659 2106 5720 omuibus

457 5767 553 5826 abbati
567 5764 705 5824 Cluuieusi
717 5772 746 5819 et
758 5764 818 5836 ejus
838 5767 1044 5824 successoribus
1064 5767 1197 5824 tradimus
1227 5773 1255 5826 et
1308 5767 1420 5838 insuper
1431 5763 1520 5836 poeuis
1534 5758 1680 5834 quibusilli
1694 5756 1850 5816 cruciantur
1867 5752 1916 5826 qui
1930 5751 2062 5810 moedunt
2085 5766 2102 5805 a

449 5857 585 5914 donamus
597 5863 679 5930 atque
692 5853 876 5924 concedmus,
892 5854 932 5912 ita
946 5849 1036 5914 taineii
1063 5863 1092 5912 ut
1114 5855 1143 5914 in
1169 5873 1247 5930 praa·
1302 5857 1362 5916 Deo
1376 5853 1525 5928 puniantur
1541 5849 1618 5910 etilli
1633 5855 1769 5906 eteorum
1783 5841 1961 5904 consentanei
1971 5839 2019 5918 qui
2045 5839 2110 5897 baie
