4750 6725
298 605 351 661 957
703 610 932 669 niveusotttttt
945 612 1174 673 nortat'mttsss
1188 616 1253 673 Pldi
1271 616 1339 677 PRO
1356 618 1515 676 CLUNIAC.
1894 628 1946 683 tea

298 737 383 796 ne,et
401 732 590 802 praenominati
611 734 744 791 Bemardi
771 735 945 793 caturcensis
973 737 1096 809 episcopi
1110 739 1140 803 Α
1153 740 1264 797 venerit.
1276 742 1317 799 Eo
1336 748 1429 799 tenore
1443 749 1474 799 ut
1487 744 1557 801 banc
1568 744 1742 803 donationem
1776 756 1803 803 et
1828 748 1948 805 traditio·

299 819 333 873 ad
348 820 425 889 cujus
439 818 578 877 ᾶιιιιιιιιιι
590 823 688 879 attinet
702 824 780 881 locus
803 823 855 881 iste
882 826 1098 882 consecratione.
1150 844 1214 885 nem
1238 845 1335 887 omnes
1362 847 1532 891 successores
1556 834 1610 891 mei
1637 835 1798 893 confirment
1828 844 1855 894 ιι
1879 839 1949 893 hanc

298 907 446 964 Duraunns
460 908 546 965 abbas
559 918 587 967 et
596 912 748 968 monachus
762 910 948 969 cluniacensis
962 913 990 969 in
1004 914 1100 972 diesc-
1151 921 1254 973 cartam
1268 920 1380 977 laudent
1393 928 1420 977 et
1432 922 1610 995 auctorizent,
1626 931 1654 979 ιι
1680 925 1739 982 ιιι
1759 925 1865 981 ιιιιιιιιο
1895 942 1947 983 no·

295 994 447 1053 lemoitatia
461 1005 620 1055 sanctorum
634 1000 787 1072 principum
816 1002 1005 1071 apostolorum
1028 1003 1099 1059 Petri
1150 1015 1216 1075 stra,
1233 1016 1263 1063 ut
1276 1008 1382 1065 stabitis
1396 1010 1588 1067 etiuconvulsa
1608 1018 1777 1084 permaneat,
1800 1013 1948 1085 apostoliea

295 1092 323 1141 el
336 1085 424 1155 Pauli,
441 1101 534 1156 maun,
550 1100 612 1157 ore,
627 1088 711 1145 corde
734 1089 868 1146 confirmo
895 1099 979 1163 atque
1005 1105 1098 1149 cerro
1150 1096 1449 1153 aucton'talcflrmetur.
1465 1098 1543 1168 Quod
1557 1100 1580 1155 si
1608 1115 1661 1172 ego
1687 1110 1738 1157 ent
1760 1117 1947 1159 successomm

298 1173 377 1231 boro.
1149 1198 1273 1241 meomm
1299 1184 1397 1257 aliquis
1423 1188 1492 1243 banc
1518 1186 1690 1245 traditionem
1722 1189 1876 1263 intringere
1903 1197 1949 1247 aut

328 1261 487 1318 Bemardus
501 1263 652 1336 episcopua
663 1264 838 1322 caturcensis
852 1264 985 1325 firmavit.
1148 1273 1335 1331 contradicere
1351 1274 1623 1345 voluerit,iram1)ei
1638 1277 1830 1350 omnipotentis
1844 1285 1871 1335 et
1884 1292 1948 1333 aua·

326 1351 486 1408 adalmodis
501 1353 656 1409 comitissas
670 1354 807 1415 ιιιιιιιιιι.
1149 1361 1241 1418 ιιιιιιιι
1254 1370 1414 1433 perpetuum
1430 1363 1559 1431 incurrat,
1575 1373 1602 1421 et
1614 1364 1743 1437 praetatus
1757 1367 1838 1438 Hugo
1862 1365 1948 1421 abbas

328 1438 508 1497 Gauzbertns
522 1440 596 1497 abba
610 1441 741 1500 firmavit.
1148 1453 1175 1503 et
1188 1462 1359 1504 successores
1370 1448 1430 1518 ejus
1456 1449 1528 1519 apud
1555 1450 1679 1520 ejusdem
1705 1449 1820 1507 ciuitatis
1838 1450 1948 1523 episco-

327 1528 491 1585 Wiltclmus
505 1538 690 1604 cognomento
700 1531 936 1589 miscens-matum
957 1532 1091 1591 firmavit.
1147 1552 1214 1607 pum
1229 1543 1256 1593 at
1270 1552 1365 1593 omnes
1378 1536 1544 1595 Christianos
1557 1546 1584 1595 et
1598 1539 1733 1611 praecipne
1747 1539 1823 1611 apud
1838 1547 1949 1611 aposto-

328 1617 411 1673 Fulco
421 1618 509 1674 frater
522 1620 581 1690 ejus
590 1617 776 1678 confirmavit.
1147 1625 1228 1682 licam
1243 1626 1338 1683 sedem
1350 1626 1450 1682 babeat
1457 1634 1618 1698 potestatem
1631 1628 1810 1685 reclamandi.

327 1706 426 1761 Datum
441 1706 492 1762 sub
507 1705 593 1763 diem
608 1706 749 1765 Kalendas
769 1708 853 1781 lunii,
872 1727 901 1767 ιιι
917 1710 995 1781 ιιιιι,
1023 1711 1093 1767 Phi·
1183 1714 1265 1772 Facta
1279 1723 1323 1771 est
1335 1722 1426 1770 autem
1440 1717 1501 1771 baec
1516 1716 1628 1773 traditio
1643 1716 1674 1771 in
1685 1717 1753 1773 orbe
1772 1718 1869 1774 eadem
1894 1717 1948 1773 Le-

291 1794 370 1867 lippo
384 1808 452 1867 rege
466 1795 643 1853 Francomm.
1147 1802 1299 1860 morinensi
1314 1818 1386 1860 anno
1400 1804 1598 1861 lncamatiouis
1621 1805 1771 1863 Dominicae
1800 1806 1879 1873 1⁰62,
1902 1804 1948 1860 in·

660 1888 698 1943 11.
1145 1892 1265 1950 dictione
1292 1909 1338 1961 ιι,
1364 1900 1499 1965 regnante
1525 1893 1650 1965 Philippo
1673 1894 1841 1950 Francorum
1866 1908 1944 1964 rege,

293 1970 450 2030 ademarus
467 1974 619 2032 vicecomes
649 1974 858 2034 Lemoulccnsls
881 1981 910 2035 cl
936 1976 1092 2035 domberti
1146 1996 1218 2037 anuo
1240 1997 1269 2037 ιι.
1296 1980 1381 2053 Cujus
1396 1980 1548 2037 traditionis
1563 1981 1766 2039 confirmatores
1799 1989 1827 2038 et
1854 1981 1946 2037 conai-

324 2044 385 2113 cias
395 2060 471 2101 acor
484 2044 595 2101 donant
608 2046 751 2105 abbatiam
765 2048 865 2107 Sancti
879 2048 1026 2106 Martialis
1059 2066 1090 2107 ts·
1102 2090 1130 2151 B
1143 2080 1272 2145 mmm,
1286 2078 1312 2127 ,p
1328 2076 1416 2127 ,estes
1430 2070 1468 2125 hp
1483 2078 1563 2128 gun„

322 2115 389 2187 ⁹⁰⁶
400 2114 496 2175 (Μ’.
510 2115 705 2176 mmmm·
1179 2160 1210 2215 tn
1220 2158 1317 2233 primis
1325 2158 1425 2216 iterius
1438 2159 1583 2233 episeopus
1595 2158 1728 2233 signavit.

585 2232 778 2308 (Aflss01052)
1179 2250 1331 2305 ddemams
1346 2248 1500 2307 vicecomes
1515 2248 1635 2321 signarit
1656 2264 1718 2305 cum
1743 2254 1856 2322 quatuor
1883 2246 1948 2305 dliis

411 2336 520 2413 [Baooc.
533 2337 667 2408 bliscell.,
684 2338 733 2395 ed.
751 2338 836 2410 Luc,
851 2339 872 2410 l,
887 2340 960 2414 ιιι]
1142 2338 1215 2407 suis,
1228 2345 1255 2395 et
1267 2352 1338 2395 nior
1349 2336 1408 2408 ejus
1418 2336 1566 2411 Umbcrgs.

324 2452 458 2510 Nonarint
468 2467 566 2509 omnes
578 2461 681 2510 sanctas
696 2455 796 2511 matris
819 2456 956 2513 Ecclesiae
978 2455 1028 2513 lilii
1056 2472 1090 2513 ac
1515 2444 1564 2501 ιιι.

290 2540 406 2609 fideles,
421 2544 478 2596 tam
493 2542 730 2614 praesentisqnam
746 2542 831 2600 loturi
846 2544 989 2617 temporis,
1012 2546 1090 2618 quod
1141 2534 1272 2591 Eraclitll
1286 2534 1470 2619 episcoparet
1487 2532 1766 2619 ⁸⁶''²“'‘¹.¹‘⁸.⁶⁰¹.²l“
1796 2532 1943 2615 menocle3

283 2628 1089 2708 egoademmsvicecompfflmovjoencjedonoflugoni
1177 2606 1255 2661 nam
1264 2604 1348 2661 Beata
1359 2605 1460 2661 Falacer
1467 2608 1496 2661 el
1512 2604 1617 2661 Sancta
1630 2606 1734 2661 liceret
1759 2603 1943 2661 cluniacensi

286 2716 386 2775 abbati
400 2716 587 2774 cluniacensis
600 2718 758 2777 monasterii
773 2722 955 2794 omnibusque
977 2739 1090 2781 succes·
1176 2676 1350 2733 mmm
1362 2676 1537 2733 mmm

284 2805 464 2876 scribusejus
475 2806 623 2863 abbatibus
637 2808 685 2878 qui
698 2808 774 2865 idem
801 2810 998 2867 monasterium
1023 2812 1090 2869 Clu·
1420 2785 1537 2889 ,(ᾹΜΟ
1553 2782 1644 2855 1064·)

286 2894 420 2951 ιιιιιιιιιι
444 2894 611 2967 regulariter
639 2896 835 2968 gubernabunt
860 2900 934 2957 dono
952 2907 981 2957 et
1012 2902 1090 2958 trado
1265 2872 1374 2947 [⁸³⁰²
1391 2874 1518 2944 “mne
1534 2872 1581 2931 ⁰⁶·
1596 2874 1671 2941 L⁰⁰o
1687 2872 1735 2941 ῙῙῙι
1755 2873 1812 2944 ²⁸]

280 2982 427 3039 abbatiam
441 2982 533 3039 Sancti
557 2983 687 3041 Martialis
709 2986 914 3043 Lemoviccnsis
943 3004 1006 3045 cum
1024 3006 1089 3048 con.
1178 2988 1240 3062 Ego
1255 2988 1403 3057 Ennomus,
1425 2988 1475 3045 Dei
1496 2987 1584 3062 gratia
1615 2988 1788 3061 bigorrensis
1815 2983 1945 3043 Ecclesia

282 3072 583 3127 sensuetauctoritatc
606 3072 703 3129 domni
726 3074 803 3130 lterii
829 3075 954 3146 ejusdem
972 3078 1090 3135 civitatis
1142 3076 1300 3149 episcopus,
1316 3081 1344 3133 ιι
1354 3078 1523 3133 Banutnous
1547 3076 1715 3150 bigorrensis
1742 3090 1844 3142 eomes,
1873 3073 1946 3131 desi·

286 3160 411 3231 episcopi
424 3159 684 3232 canonicorumque
697 3162 757 3233 ejus
770 3178 880 3220 necnon
907 3172 934 3221 et
960 3166 1089 3240 conjugis
1142 3166 1272 3221 deramus
1287 3172 1315 3221 et
1330 3180 1461 3239 mgamus
1476 3180 1571 3221 omnes
1585 3162 1790 3221 christifideles
1800 3170 1855 3219 tam
1867 3163 1948 3218 iutu-

285 3264 357 3305 meea
371 3248 517 3321 Umbergc
539 3248 713 3322 liborumque
726 3266 851 3308 meorum
875 3262 902 3309 et
928 3253 1088 3324 optimatum
1142 3269 1187 3309 ros
1202 3260 1441 3326 quamprasentas
1455 3260 1484 3308 ut
1497 3254 1550 3309 sint
1573 3260 1658 3311 testes
1691 3260 1719 3309 et
1744 3252 1864 3309 tantares
1892 3266 1946 3308 uc-

284 3338 324 3395 ob
339 3336 544 3412 indulgentiam
559 3345 734 3410 peccatorum
746 3348 897 3398 nostrornm
909 3350 936 3398 et
947 3352 1089 3415 parentum
1141 3342 1209 3417 gotii
1224 3343 1297 3414 quod
1310 3342 1338 3398 in
1352 3342 1556 3414 presentiarum
1571 3341 1669 3398 dicturi
1684 3356 1790 3400 sumus.

286 3433 453 3497 nostmrum,
469 3433 499 3484 et
513 3428 631 3484 maxime
641 3444 736 3485 eorum
752 3430 964 3502 quaedeeadam
977 3433 1129 3504 abbatiac
1178 3433 1218 3487 Ex
1234 3432 1393 3488 haereditate
1408 3435 1553 3503 parentum
1569 3439 1727 3488 nostrorum
1738 3430 1896 3487 devolutum
1905 3434 1946 3483 est

285 3516 493 3587 contraximus,
513 3517 714 3574 consentientes
736 3520 886 3577 monachos
913 3519 1015 3577 ibidem
1040 3521 1092 3578 da-
1145 3521 1181 3576 ad
1196 3520 1395 3592 possessiouem
1410 3523 1532 3576 nosbarn
1548 3521 1745 3576 monesterium
1757 3518 1784 3572 in
1798 3516 1893 3573 territo
1903 3513 1945 3571 rio

286 3611 384 3677 gentas
397 3620 452 3661 noo
465 3606 620 3660 secundum
631 3606 756 3678 regulam
771 3608 857 3665 sancti
872 3609 1015 3666 Benedicti
1043 3609 1092 3664 vi·
1146 3607 1302 3681 bigorrensi
1317 3608 1406 3674 situm,
1423 3607 1495 3679 quod
1509 3615 1550 3663 est
1573 3615 1753 3664 constructum
1789 3606 1816 3660 in
1842 3604 1947 3660 bonore

289 3708 365 3760 vere,
380 3695 408 3748 el
443 3692 593 3749 animamm
614 3695 739 3767 regimen
763 3696 918 3753 simoniaca
945 3697 1095 3754 ementibus
1147 3696 1221 3751 beati
1235 3695 1334 3752 Felicis
1344 3695 1473 3767 martyris
1482 3698 1510 3751 et
1521 3695 1593 3751 beati
1607 3695 1705 3751 Licerii
1734 3692 1896 3750 contessoris
1921 3697 1948 3747 et

287 3781 439 3837 abbatibus
452 3781 614 3838 vendentes.
631 3782 719 3852 Quam
731 3783 858 3840 baeresim
872 3800 934 3840 com
949 3785 986 3840 ab
1013 3786 1092 3842 initio
1146 3782 1278 3856 episcopi.
1295 3785 1326 3838 ln
1339 3784 1392 3840 boo
1405 3799 1441 3840 ex
1454 3783 1540 3838 multo
1551 3789 1673 3854 tempore
1695 3780 1870 3855 congregatio
1898 3779 1949 3836 suit

287 3869 426 3927 nascentis
438 3869 575 3926 Ecclesiae
589 3871 689 3927 beatus
704 3871 797 3927 Petrus
811 3873 994 3943 apostolomm
1009 3874 1089 3946 prin·
1146 3873 1353 3929 monacbomm.
1375 3872 1430 3929 Sed
1444 3887 1495 3943 pro
1510 3871 1738 3945 peccatisnostris
1751 3886 1802 3942 per
1814 3868 1947 3925 incuriam

287 3974 355 4030 ceps
368 3957 396 4013 in
414 3958 476 4028 ipso
499 3975 550 4016 suo
577 3960 667 4031 capite
686 3960 860 4033 exstinxerit,
887 3978 975 4032 nuper
1001 3971 1093 4020 tamen
1146 3967 1305 4018 nostramet
1315 3961 1429 4016 aliarum
1446 3975 1624 4032 personarum
1649 3960 1683 4015 ad
1711 3975 1825 4030 quarum
1854 3973 1946 4014 euram

287 4054 398 4103 sanctus
416 4049 556 4120 Laopapa
571 4054 598 4104 et
612 4064 706 4104 omnes
719 4049 851 4119 deinceps
878 4050 938 4122 ejus
950 4067 1093 4108 successo·
1147 4057 1175 4106 et
1192 4049 1399 4121 dispositionem
1414 4049 1487 4106 idem
1513 4049 1706 4107 monasterium
1734 4046 1862 4121 pertinuit
1889 4061 1946 4101 nou

289 4152 337 4193 res
351 4146 482 4208 perpetuo
508 4138 682 4193 anathemate
707 4137 929 4203 damnavemot;
958 4139 1094 4212 poenitens
1147 4139 1185 4194 its
1199 4138 1307 4195 valebat
1321 4138 1358 4195 ibi
1374 4137 1508 4210 regularis
1522 4134 1946 4211 disciplinaetordomonasticus

289 4223 378 4296 igitur
392 4224 591 4296 praeteritorum
606 4242 767 4283 excessuum
790 4243 923 4296 meomm,
952 4237 980 4284 et
1006 4227 1094 4285 coufi-
1147 4228 1589 4300 utvelDeoplaceretrelnobis
1607 4227 1773 4283 adsalutem
1793 4225 1949 4281 animarum

291 4313 363 4368 dene
378 4313 500 4383 ejusdem
515 4313 627 4370 abbatis
648 4331 840 4372 successorum
868 4318 928 4388 ejus
960 4317 1095 4373 industria
1146 4323 1299 4372 nostramm
1312 4315 1464 4388 expediret.
1480 4316 1576 4371 Visum
1592 4323 1634 4372 est
1648 4331 1714 4387 ergo
1730 4313 1809 4369 uobis
1820 4327 1946 4383 quaerere

290 4400 418 4458 camdem
444 4401 585 4458 abbatiam
608 4403 701 4461 Sancti
724 4404 853 4461 Martialis
877 4405 913 4461 ad
939 4407 1095 4480 regularem
1147 4405 1291 4462 consilium
1319 4412 1346 4460 et
1372 4403 1505 4460 auxilium
1534 4403 1626 4459 domni
1650 4401 1773 4474 lingonis
1800 4397 1949 4455 reverendi

290 4489 426 4547 tramitem
456 4506 536 4562 posse
558 4491 663 4562 reduci,
687 4500 716 4549 et
742 4493 933 4550 detestabilem
967 4495 1095 4552 baeresim
1148 4493 1258 4549 abbatis
1268 4500 1294 4548 et
1309 4493 1431 4565 regentia
1445 4490 1513 4547 illud
1523 4489 1703 4546 reverendum
1717 4486 1864 4558 collegium
1886 4501 1950 4542 rno-

291 4577 487 4648 Simoniacam,
507 4578 564 4636 Deo
580 4577 737 4651 abJ'ovante,
755 4581 878 4638 funditus
897 4583 1008 4655 expelli,
1023 4583 1097 4640 dono
1149 4581 1296 4637 pachorum
1311 4579 1439 4636 Cluniaco
1456 4583 1699 4652 congregatorum,
1716 4592 1766 4649 per
1792 4573 1872 4644 hujus
1894 4573 1948 4630 loci

296 4674 325 4722 et
339 4666 417 4722 trado
431 4666 589 4738 praedictam
601 4668 740 4723 abbatiam
750 4669 1096 4744 praedictottugouiubbati
1149 4669 1264 4726 abbatas
1285 4685 1346 4725 cum
1371 4668 1504 4741 pleraque
1529 4666 1695 4724 monasteria
1722 4671 1870 4721 restaurata
1894 4663 1949 4718 sint

291 4755 474 4826 omnibusque
491 4757 699 4814 successoribus
713 4759 772 4830 ejus
788 4759 931 4816 abbatibus
959 4759 1095 4830 regulari·
1108 4793 1136 4855 D
1150 4767 1177 4814 et
1191 4758 1342 4824 meliorata,
1357 4773 1408 4829 per
1421 4757 1588 4821 charitatem,
1605 4771 1676 4828 quea,
1689 4763 1717 4811 ut
1731 4751 1876 4824 Apostolus
1897 4751 1946 4818 ιιι,

292 4847 336 4899 ter
351 4843 507 4900 uirentibus
518 4844 646 4917 deinceps
674 4853 805 4919 perpetuo
833 4849 1043 4920 possidendam,
1071 4859 1100 4907 ιι
1153 4847 1244 4904 omnia
1258 4855 1376 4918 superat,
1388 4845 1578 4902 affectavimus
1592 4861 1642 4901 nos
1656 4858 1764 4915 quoque
1779 4839 1868 4896 simile
1895 4839 1949 4938 bes

291 4931 408 4988 abbates
422 4948 493 5004 quos
508 4931 598 4989 eidem
612 4932 672 4990 loco
688 4941 743 4990 ιιιιι
758 4935 905 5008 ipsaquam
919 4953 1099 4995 successores
1153 4935 1278 4992 celicium
1308 4951 1402 4993 eorum
1430 4934 1578 4991 sanctitatis
1614 4932 1746 4991 obtinere.
1786 4929 1870 4999 liujus
1910 4943 1949 4982 rer

292 5019 357 5092 ejus
371 5021 554 5091 praelecerint,
570 5022 603 5091 si,
617 5023 691 5095 quod
703 5024 784 5091 absit,
801 5041 850 5096 pro
867 5025 1098 5084 malaconrersa-
1152 5025 1239 5098 gmtia
1252 5039 1302 5096 pro
1316 5024 1566 5080 saloteanimarum
1582 5029 1730 5080 nostrarum
1753 5027 1779 5074 et
1806 5023 1951 5115 parentam

294 5110 370 5166 tione
383 5109 542 5167 removendi
565 5110 679 5182 suerint,
699 5115 759 5186 ipse
787 5123 814 5170 et
834 5130 1010 5171 successores
1037 5115 1100 5186 ejus
1152 5113 1434 5172 nostrorumiaaimns
1448 5112 1534 5184 ipsius
1560 5109 1683 5183 predicti
1712 5106 1871 5164 monasterti
1897 5111 1952 5160 tra·

293 5199 479 5255 submoveant
506 5215 565 5268 eos,
591 5208 619 5256 ιι
644 5200 773 5256 meliores
800 5201 962 5259 substituant
996 5204 1099 5276 absque
1151 5202 1282 5259 ditionem
1298 5201 1461 5270 aesomnium
1475 5217 1567 5256 rerum
1582 5199 1615 5254 ad
1642 5201 1695 5254 boc
1722 5195 1843 5270 quotibet
1870 5193 1952 5292 modo

293 5286 509 5344 contradictione
541 5288 624 5344 ultius
638 5289 849 5358 beminis,nibit
862 5291 891 5344 io
905 5292 1002 5348 cadem
1015 5292 1100 5348 abba·
1152 5291 1345 5362 pertinentium
1360 5291 1479 5346 Domino
1494 5290 1550 5346 Deo
1565 5295 1592 5344 et
1605 5286 1706 5344 sanctis
1734 5286 1793 5357 ejus
1821 5281 1952 5354 apostotus

293 5377 334 5432 lia
352 5391 442 5448 nepae
457 5392 612 5450 egonequa
626 5393 800 5434 soccessores
818 5379 871 5434 mei
885 5381 1036 5450 retinendo,
1050 5397 1100 5436 ex·
1153 5379 1239 5435 Petro
1253 5387 1282 5434 ιι
1296 5378 1422 5435 Panload
1437 5379 1526 5434 locum
1554 5379 1632 5448 cujus
1660 5391 1741 5450 supra
1773 5373 1949 5430 meminimus

293 5463 431 5535 ceptisbis
444 5466 664 5535 consuetudinis,
679 5481 711 5521 oc
748 5465 845 5525 solidis
872 5469 907 5522 ad
933 5467 1101 5524 vindemiam
1153 5467 1323 5537 Cluuianum,
1338 5483 1372 5524 eo
1392 5474 1484 5524 tenore
1507 5475 1537 5522 ut
1559 5465 1745 5523 cluniacensis
1771 5460 1951 5536 congregatio

294 5551 478 5624 colligendam
497 5553 526 5608 in
538 5554 781 5612 ιιιιιιιιιιιιιιιιιι
796 5556 891 5611 aredii
911 5556 1058 5612 reddendis
1074 5565 1102 5613 et
1153 5561 1287 5626 perpetuo
1299 5556 1360 5626 jure
1374 5556 1441 5612 illud
1465 5555 1564 5612 babeat
1592 5561 1618 5611 et
1640 5553 1793 5626 possideat,
1816 5559 1844 5607 et
1870 5550 1952 5619 trojus

294 5642 436 5713 ⁸agmario
450 5641 479 5696 io
493 5644 601 5700 bostem
617 5644 776 5715 prmstaodo
803 5657 866 5701 com
894 5645 996 5701 samolo
1019 5659 1026 5700 ε
1055 5646 1100 5719 qui
1154 5645 1377 5718 congregationis
1391 5644 1490 5710 abbas,
1505 5643 1632 5700 videlieet
1645 5641 1839 5704 cloniacensis,
1851 5653 1952 5694 ιιιιιιι-

294 5731 537 5803 sagmariusboste
557 5739 695 5789 transacta
718 5734 885 5790 monasterio
912 5734 1050 5805 reddatur,
1074 5743 1101 5792 et
1155 5734 1192 5791 dc
1207 5734 1267 5792 loco
1280 5741 1343 5806 post
1356 5749 1385 5790 se
1402 5734 1550 5790 committat
1562 5733 1606 5790 cui
1621 5733 1688 5790 velit
1701 5740 1728 5788 et
1739 5723 1953 5824 quomodouelit

294 5835 349 5876 uoo
360 5827 473 5890 recepto
486 5820 594 5876 comitis
612 5820 779 5878 Pictavensia
795 5823 1007 5894 periussionem
1023 5823 1100 5881 vice·
1154 5839 1250 5881 curam
1266 5822 1433 5892 monasterii,
1449 5830 1475 5878 et
1490 5823 1543 5880 boc
1556 5837 1666 5894 semper
1680 5820 1727 5876 ιιι
1738 5819 1799 5874 aine
1826 5827 1946 5914 omnium

294 5908 414 5979 comitis,
430 5917 458 5966 ιι
467 5907 576 5980 justitia
587 5909 667 5986 panis
680 5916 709 5966 ct
722 5909 790 5980 riui,
805 5927 867 5968 cum
881 5911 910 5968 in
923 5911 1098 5974 bancuiltsm
1154 5913 1307 5972 mortalium
1321 5911 1546 5974 contradictione.
1564 5911 1698 5969 Volumus
1708 5919 1818 5986 quoque
1832 5902 1943 5963 utlibe-
