4750 6725
390 527 440 588 12³

653 530 686 588 s,
709 532 861 589 assensn
878 531 1049 591 canrosa
1068 528 1229 585 nncnrsr.
1250 527 1326 586 orr.
1347 504 1435 587 rins
1454 530 1501 587 in.
1522 560 1557 571 -
1574 528 1763 588 neisronn.

1983 534 2037 591 tet

390 670 450 711 earn
465 662 556 713 teneat
571 658 597 712 io
612 674 693 714 manu
707 661 870 716 mendenen
890 658 1007 723 redeam,
1024 664 1051 713 et
1071 656 1182 711 interim
1198 654 1224 715 A
1240 656 1311 711 tensi
1325 656 1468 711 absolutus
1492 655 1581 712 luerit.
1603 656 1764 713 consideret
1784 656 1868 731 igitur
1890 658 2039 730 prudentia

391 745 512 802 inveniet
536 748 580 819 qui
605 748 631 803 in
653 765 686 803 ea
709 749 818 805 serviat.
844 748 1024 817 Omnipotens
1052 746 1184 801 Dominus

392 850 441 889 vos
455 839 482 889 et
496 849 583 890 vestra
599 838 648 891 sub
663 854 712 892 sua
733 838 821 910 gratie
836 836 979 897 custodiat,
995 842 1021 891 et
1042 850 1091 892 vos
1114 851 1184 890 sem·
1202 855 1204 865 ·

392 939 441 993 por
453 922 486 952 ‘⁰⁸
498 924 525 979 iu
540 927 613 979 riom
628 925 719 979 salutis
732 926 843 998 dirigat.
863 930 948 980 brnen
964 922 1005 978 ‘⁰'.

595 1015 769 1070 EPISTOLA
785 1015 922 1070 LXXXVI
936 1012 980 1069 ⁴¹⁰.

461 1116 581 1156 insecat
601 1117 636 1156 no
660 1119 803 1159 nenorosus
833 1120 927 1159 nessa
951 1118 1111 1160 tentonus.

539 1189 716 1249 Gratulatur
730 1197 791 1263 repi
806 1194 839 1249 da
854 1210 883 1249 rc
897 1194 1031 1250 sollicito.

426 1278 483 1333 Suo
503 1279 666 1335 charissimo
686 1282 796 1337 domino
821 1284 956 1347 Hernico,
979 1282 1100 1354 glorioso
1124 1280 1185 1353 regi

390 1365 556 1439 Anglorum,
572 1370 734 1437 hssssntuS,
744 1371 964 1443 archiepiscopus
979 1370 1142 1437 Canthariae,
1157 1370 1184 1423 h·

389 1454 451 1511 dele
465 1458 602 1511 servitium
619 1474 681 1514 cum
695 1460 873 1516 orationihus.

427 1546 535 1600 Gratias
547 1564 662 1621 magnas
676 1565 730 1621 ago
746 1548 898 1605 celsitudini
914 1557 1011 1605 restra
1025 1564 1074 1618 pro
1088 1565 1183 1605 amore

390 1650 493 1706 magno
516 1652 596 1707 quem
620 1653 685 1709 erga
706 1654 749 1693 me
773 1654 821 1693 vos
850 1639 952 1695 bebere
974 1638 1126 1704 ostenditis,
1155 1646 1184 1695 et

390 1724 502 1793 propris
520 1725 699 1781 sollicitudine
722 1727 858 1797 quamde
882 1744 926 1783 me
949 1727 1023 1783 sicut
1049 1728 1084 1783 de
1110 1726 1184 1782 fideli

392 1819 485 1865 vestro
499 1814 614 1879 hebetis,
630 1815 780 1872 scilicetne
794 1817 924 1872 initiuere
939 1817 1058 1888 incoepto
1071 1827 1183 1887 propter

390 1898 602 1956 imbecilitatem
626 1911 652 1958 et
674 1903 859 1960 infirmitatem
882 1907 1002 1976 corporis
1022 1905 1075 1961 mei
1098 1906 1183 1962 nimio

1239 752 1330 800 vestra
1346 746 1409 817 quie
1429 762 1482 801 non
1508 747 1615 815 expedit
1632 762 1681 801 nec
1706 746 1784 803 dec-et
1812 764 1860 802 voa
1880 747 1992 804 abbates
2007 754 2039 803 nt

1239 834 1358 889 oninium
1373 835 1433 905 ejus
1444 835 1559 905 quisque
1575 835 1627 888 sihi
1645 836 1776 891 truiiendo
1790 836 1928 903 scindetis,
1945 838 1992 893 sed
2009 836 2039 893 io

1239 922 1317 977 vobis
1332 939 1393 979 esse
1408 932 1556 977 maternam
1572 923 1711 995 pietatem,
1728 932 1755 980 ct
1774 925 1837 995 plus
1851 941 1900 980 vos
1922 924 2039 995 diligere

1238 1013 1356 1067 animam
1374 1010 1488 1079 proximi
1504 1028 1582 1083 quani
1597 1014 1732 1084 proprian
1754 1014 1919 1069 voluntatem
1940 1024 2038 1071 osten-

1238 1101 1323 1154 datis.
1343 1098 1392 1155 lile
1407 1100 1478 1155 enim
1493 1118 1522 1155 se
1537 1101 1624 1174 tnagis
1638 1102 1755 1157 ostendit
1770 1119 1831 1157 esse
1850 1112 1974 1169 matrem,
1990 1102 2040 1174 qui

1238 1188 1310 1243 dicet
1322 1188 1420 1259 elteri:
1444 1190 1549 1245 Habeto
1565 1196 1592 1244 tu
1616 1190 1691 1245 solus
1708 1190 1841 1246 infantem
1864 1193 1966 1259 vivom,
1987 1208 2041 1247 nec

1238 1278 1320 1333 ambo
1335 1293 1395 1332 eum
1412 1278 1584 1343 occidamus,
1599 1286 1629 1333 ut
1653 1295 1713 1333 cum
1730 1278 1833 1334 venerit
1858 1294 1938 1334 verus
1956 1279 2039 1336 Salo·

1239 1382 1311 1433 mon,
1327 1366 1415 1421 dicet:
1441 1368 1510 1423 licite
1535 1368 1600 1423 huic
1622 1368 1771 1439 insontem
1794 1370 1897 1435 virum,
1914 1370 1972 1426 hoec
1993 1371 2039 1425 est

1238 1460 1331 1511 muter
1345 1458 1416 1528 ejus.
1431 1457 1502 1511 Nam
1528 1472 1593 1511 vere
1616 1461 1705 1511 mater
1726 1457 1829 1512 meruit
1851 1457 1935 1513 tilium
1958 1474 2041 1513 suum

1237 1544 1265 1598 in
1280 1543 1369 1599 alienu
1384 1544 1560 1613 similiore,
1577 1562 1658 1615 quem
1674 1545 1703 1599 in
1718 1561 1767 1601 suo
1786 1554 1907 1601 mortuus
1925 1546 2033 1603 lovere.

1236 1634 1335 1688 Notum
1360 1641 1449 1689 autem
1472 1632 1506 1688 sit
1529 1634 1666 1690 sanctitati
1688 1644 1785 1691 vestre
1809 1637 1876 1705 quia
1895 1636 1965 1692 sicut
1991 1651 2040 1693 co-

1237 1738 1369 1795 gnoscere
1385 1721 1470 1793 potui,
1487 1721 1576 1795 magis
1592 1722 1705 1794 expedit
1728 1730 1838 1794 pmpter
1861 1723 1952 1793 plures
1966 1740 2037 1781 ceu·

1237 1826 1283 1866 sas
1299 1826 1360 1866 cum
1376 1811 1485 1866 Cernoti
1501 1826 1644 1866 remanere
1669 1828 1749 1883 quam
1765 1812 1800 1866 ed
1824 1828 1874 1869 vos
1897 1828 2034 1869 remeare.

1238 1900 1327 1965 Unde,
1342 1899 1364 1953 si
1378 1900 1520 1965 auderem,
1535 1899 1663 1971 religioni
1677 1908 1773 1957 vestrae
1788 1902 1956 1957 consulendo
1970 1918 2042 1975 sug·

390 1986 494 2041 laboris
504 1992 666 2061 gravaniine
676 1992 812 2047 deficiam.
823 1994 875 2049 Sed
884 1996 941 2065 jam
951 1996 1070 2067 usquein
1086 1996 1182 2049 veliem
1198 2008 1225 2069 Β
1240 2005 1363 2061 gererem
1378 1996 1511 2060 (10οῑ0000
1526 2004 1575 2044 000
1599 2004 1652 2045 000
1677 1989 1785 2057 filimi
1801 1991 1956 2047 5000600011
1977 2007 2038 2047 000·

390 2076 540 2132 bioriannae
553 2078 583 2108 ‘¹¹
600 2097 758 2153 progressus
773 2099 856 2148 eram,
871 2084 982 2155 quando
997 2090 1116 2139 vestram
1133 2101 1180 2138 su·

391 2166 465 2235 scepi
481 2168 634 2237 epistolam,
652 2172 723 2226 unde
737 2171 812 2225 timui
827 2189 861 2227 nc
876 2173 986 2227 domino
1002 2189 1080 2244 papae
1092 2172 1183 2243 displi-

390 2263 466 2310 ceret
489 2257 521 2322 si,
539 2266 614 2312 tanta
629 2268 705 2329 parte
723 2260 829 2315 itineris
850 2260 976 2329 perlecta,
1003 2276 1180 2328 remanerem,

391 2351 420 2397 et
432 2344 535 2399 nullum
552 2346 617 2400 mihi
639 2363 797 2417 responsum
814 2365 863 2420 per
878 2351 982 2421 legatos
1001 2348 1111 2414 iaceret,
1132 2350 1183 2405 nisi

391 2430 429 2485 etl
451 2448 523 2500 eum,
546 2433 615 2489 sicut
634 2436 745 2507 increpi,
762 2439 822 2506 ipse
845 2440 1017 2508 pervenirem
1030 2436 1072 2493 ⁴¹¹.
1096 2438 1184 2495 Didici

393 2520 464 2574 cuim
476 2538 524 2590 prr
533 2523 647 2592 litteras,
655 2540 723 2593 quas
733 2526 798 2580 mibi
807 2543 856 2597 per
869 2528 1006 2582 Tiberium
1021 2528 1106 2594 misit,
1120 2528 1185 2598 quio

392 2610 417 2663 si
441 2610 572 2680 possibile
601 2622 669 2667 esset
695 2614 809 2669 libenter
832 2632 938 2671 mectnn
967 2617 1123 2689 loqueretur
1134 2615 1180 2671 ⁴¹⁸.

391 2696 512 2765 Sperans
527 2699 619 2769 itaque
634 2701 662 2755 in
685 2703 752 2766 Deo,
767 2706 915 2758 morionum
930 2707 1003 2777 qnod
1018 2706 1045 2760 in
1067 2722 1111 2762 me
1125 2722 1186 2761 seo-

390 2785 491 2840 tiebam
507 2798 530 2843 et
548 2789 582 2842 de
592 2788 750 2860 itinerejem
765 2802 877 2861 peracto
889 2804 1109 2863 expertusersm,
1124 2794 1188 2865 quis

390 2874 513 2929 laborem
529 2875 635 2932 itineris
656 2896 768 2949 possem
788 2881 949 2948 srihsistere3
972 2882 1044 2953 qrrod
1059 2884 1122 2954 quia
1143 2900 1189 2939 inc

391 2977 445 3015 non
462 2979 541 3033 posse
556 2964 701 3029 timebatis,
718 2984 762 3021 me
782 2983 923 3024 remanere
936 2970 1078 3036 volebatis,
1094 2972 1189 3026 existi-

391 3051 463 3105 mavi
479 3050 584 3106 bonnm
600 3070 661 3108 esse
676 3071 726 3125 per
739 3059 875 3126 meipsum
891 3059 943 3113 hoc
962 3075 1011 3129 pro
1025 3076 1079 3129 quo
1092 3061 1189 3133 hngtia

392 3138 474 3206 exiri,
497 3141 565 3195 sicut
586 3144 725 3213 proposui,
748 3144 887 3212 perficere,
917 3147 967 3201 uisi
997 3147 1062 3202 lorte
1088 3150 1189 3220 aliquid

391 3228 544 3285 obviaverit
560 3231 602 3285 cui
618 3231 816 3287 rationabiliter
828 3251 961 3303 nequeam
976 3239 1110 3292 resistere.
1127 3238 1190 3292 Om-

391 3317 523 3387 uipoteos
541 3319 614 3375 Deus
637 3321 677 3377 sic
705 3330 825 3377 restrum
853 3340 966 3394 regnum
996 3334 1130 3382 terrenum
1158 3327 1187 3382 io

391 3409 494 3479 gaudio
505 3418 595 3464 vestro
606 3409 650 3464 diu
666 3420 740 3483 reget
756 3420 783 3466 ct
806 3413 962 3469 corroboret
977 3431 1059 3484 super
1072 3417 1184 3488 hoglos,

391 3505 420 3550 ut
436 3508 493 3567 post
507 3495 538 3525 ‘¹‘
553 3500 623 3554 hanc
637 3499 719 3555 ritem
736 3515 783 3555 vos
797 3517 912 3574 regnare
926 3503 1008 3558 iaciat
1020 3504 1184 3578 interroge-

391 3585 443 3640 los.
460 3590 556 3643 lmen.

595 3678 765 3736 aristote
783 3680 935 3737 lxxxvii
949 3680 989 3738 ⁴¹⁸.

511 3789 632 3832 insanin
655 3793 690 3831 no
718 3794 911 3835 osnosrouast
934 3795 1072 3834 assarna.

394 3871 519 3928 Clericus
529 3876 559 3928 in
575 3874 684 3929 duobus
699 3876 828 3932 Ecclesiis
842 3877 994 3933 obstrictus
1008 3884 1188 3936 sacramento

426 3943 585 4014 religionis.
595 3947 688 4015 inquo
703 3947 799 4001 dehent
814 3948 950 4002 inuuere?
965 3951 1086 4020 Expedit
1097 3967 1186 4021 prop-

429 4017 473 4068 ter
486 4017 583 4083 piures
597 4031 698 4070 roaros
719 4033 785 4071 curn
801 4019 916 4074 Comeli
935 4034 1083 4076 remouere
1101 4038 1187 4095 quam

427 4085 659 4141 eudaemonem
674 4103 813 4142 remeare.

428 4173 595 4236 brissanus,
611 4189 707 4228 servus
730 4176 858 4232 Ecclesiae
876 4178 1089 4240 Cantauriensis,
1105 4197 1186 4235 rere·

392 4261 478 4316 rendo
492 4262 583 4314 abbati
598 4271 624 4317 et
644 4263 731 4318 amico
754 4281 803 4320 suo
827 4265 996 4322 Genonrosi
1011 4266 1042 4296 ‘¹‘
1060 4269 1185 4325 saturem,

427 4348 544 4418 Quidam
566 4353 726 4419 monachus,
741 4354 811 4410 sicut
824 4356 860 4410 ab
884 4357 930 4411 illo
952 4358 1044 4423 didici,
1058 4359 1186 4430 alligatus

392 4438 520 4494 Ecclesia
534 4447 634 4497 vestrae
649 4457 698 4512 per
716 4447 862 4514 quamdam
886 4445 1084 4515 professionem
1104 4463 1183 4518 quarn

392 4526 420 4581 in
435 4527 530 4582 babitu
545 4529 667 4586 clericati
681 4533 759 4586 vohis
773 4534 846 4596 lecit,
863 4542 891 4589 et
904 4535 1030 4590 similiter
1043 4545 1184 4591 monaste-

391 4615 431 4671 rio
444 4618 538 4674 Sancti
555 4619 635 4685 Petri,
648 4621 719 4690 quod
734 4621 843 4676 Cariroti
855 4624 934 4678 situm
945 4631 996 4691 est,
1008 4625 1053 4678 uhi
1066 4624 1185 4680 habitum

1238 2085 1309 2133 trem
1323 2092 1382 2133 esse
1396 2078 1557 2149 probaretis.
1574 2079 1680 2135 valete.

1430 2201 1604 2260 bristout
1622 2201 1836 2260 cxxxvltlffl.

1326 2314 1449 2355 inserui
1464 2314 1500 2355 so
1515 2316 1659 2358 nsnnrenrr
1674 2316 1769 2357 assant
1783 2316 1945 2357 inchoans.

1240 2406 1310 2477 Quid
1330 2407 1506 2478 responderit
1523 2422 1598 2479 papo
1617 2406 1654 2462 od
1672 2408 1835 2463 consultum
1858 2408 1893 2464 de
1915 2408 2043 2465 sacerdo·

1276 2480 1381 2534 tiorum
1398 2478 1560 2544 collutioue,
1586 2479 1711 2551 qnodque
1730 2480 1880 2535 ducaturus
1895 2496 1976 2552 papoe
1998 2481 2042 2536 rit

1279 2551 1442 2618 pariturus.

1275 2654 1331 2710 Suo
1359 2652 1510 2709 reverendo
1531 2652 1644 2709 domino
1667 2655 1793 2711 Henaton
1809 2655 1868 2728 regi
1887 2655 2043 2726 Anglomm

1240 2744 1393 2799 inescans
1409 2742 1610 2797 &cluanensis
1624 2744 1856 2816 archiepiscopus,
1876 2742 1957 2800 fidele
1978 2760 2042 2800 ser-

1241 2832 1336 2889 vitium
1349 2846 1410 2887 cum
1426 2832 1606 2887 orationibus.

1278 2929 1409 2999 Quamvis
1425 2946 1473 3001 per
1488 2930 1655 2985 Wilielmum
1667 2930 1701 2986 de
1716 2930 1880 2988 warelwast
1887 2931 1918 2964 ‘¹'
1932 2946 2042 3003 cogno-

1242 3019 1328 3077 scatis
1351 3020 1416 3091 quid
1441 3021 1536 3075 Romo
1559 3020 1716 3087 fecerimus,
1737 3028 1826 3076 tameo
1850 3022 1923 3091 quod
1942 3022 1975 3077 sd
1995 3038 2041 3077 mo

1242 3108 1367 3180 pertinet.
1394 3107 1512 3162 breviter
1534 3110 1689 3164 ostendam.
1709 3108 1822 3163 Romam
1842 3110 1912 3175 reni,
1931 3125 2040 3165 causon

1243 3214 1294 3267 pro
1309 3212 1363 3268 qua
1376 3212 1504 3252 renerum
1520 3197 1630 3252 domino
1645 3214 1723 3270 papae
1739 3199 1865 3268 exposui.
1891 3200 2044 3270 Respondit

1243 3302 1273 3341 se
1288 3302 1456 3356 nequaquam
1476 3286 1545 3341 velle
1560 3285 1702 3341 dissentire
1724 3301 1742 3340 α
1762 3288 1871 3343 statutis
1884 3296 2043 3343 antemo-

1200 3370 1302 3434 Crum
1325 3389 1445 3440 suorum,
1461 3383 1487 3429 et
1511 3377 1621 3445 iusuper
1645 3375 1773 3446 praecepit
1797 3377 1860 3431 mihi
1886 3385 1913 3431 ut
1937 3377 2042 3432 nullam

1243 3463 1325 3532 399
1344 3463 1473 3518 haberem
1488 3464 1706 3518 cornmuoioueni
1719 3479 1782 3520 cnm
1796 3465 1850 3519 illis
1861 3465 1948 3536 quide
1959 3480 2042 3520 manu

1240 3563 1330 3607 restra
1344 3549 1375 3580 ‘¹'
1391 3552 1558 3606 investituras
1579 3557 1741 3622 acceperunt
1762 3553 1953 3620 Ecclesiarnm,
1979 3560 2043 3624 post

1242 3641 1323 3710 hujus
1338 3640 1529 3711 prohibitionis
1544 3640 1675 3708 notitiam,
1692 3643 1742 3696 nisi
1766 3641 1950 3712 poenitentiam
1969 3659 2042 3716 age-

1241 3738 1310 3798 rent,
1336 3737 1361 3783 ot
1382 3731 1440 3784 sine
1462 3745 1511 3800 spe
1536 3729 1750 3800 recuperationis
1774 3731 1846 3800 quod
1875 3739 2042 3802 acceperant

1241 3817 1409 3883 desererent,
1432 3833 1520 3888 nequo
1535 3833 1596 3873 curn
1619 3818 1755 3888 episcopis
1776 3818 1826 3892 qui
1853 3820 1918 3875 tales
1941 3833 2042 3876 consc-

1240 3914 1357 3976 crarunt,
1376 3905 1427 3960 nisi
1441 3905 1475 3960 ad
1498 3905 1658 3977 apostolice
1682 3907 1754 3962 senis
1767 3907 1901 3977 judicium
1925 3925 1954 3964 se
1968 3923 2042 3980 prae·

1241 4001 1379 4049 scaterent
1405 3992 1446 4048 “⁰.
1473 3995 1575 4049 Horum
1601 3996 1722 4051 omnium
1753 3996 1830 4051 testis
1859 4005 1946 4066 potest
1979 4013 2042 4053 csse

1239 4083 1385 4154 praedictus
1393 4083 1559 4144 Willelmus,
1571 4083 1594 4137 si
1607 4085 1675 4140 vult.
1686 4082 1737 4152 Qui
1749 4083 1919 4154 Willelmus,
1930 4085 2042 4155 quondo

1241 4173 1276 4227 ab
1291 4172 1412 4226 invicem
1428 4171 1614 4236 discessimus,
1624 4187 1657 4226 ex
1669 4183 1759 4227 restra
1775 4181 1852 4242 parte
1867 4189 2041 4229 commemo·

1240 4277 1302 4316 rans
1317 4275 1437 4316 amorem
1453 4267 1478 4314 ct
1493 4259 1688 4332 benignitatem
1699 4277 1780 4330 quarn
1796 4275 1904 4332 semper
1915 4277 1981 4334 erga
1996 4279 2041 4319 ine

1241 4349 1381 4419 habuistis,
1394 4349 1532 4404 submovit
1542 4349 1904 4422 masicutarchiepiscopum
1921 4359 2041 4407 vestrum

1240 4447 1268 4494 ut
1283 4437 1364 4492 telern
1381 4453 1424 4492 me
1439 4436 1559 4492 lacerem
1575 4443 1710 4508 quatenus
1725 4438 1767 4494 sio
1783 4446 1913 4496 intrarem
1929 4440 1956 4494 in
1979 4443 2041 4495 An·-

1239 4528 1333 4601 glism,
1350 4528 1432 4582 uteie
1447 4541 1508 4580 esse
1522 4541 1630 4597 possem
1648 4527 1789 4582 vobiscum
1814 4527 1883 4584 sicut
1896 4529 1946 4584 luit
1960 4536 2040 4584 ente·

1239 4631 1333 4672 cessor
1347 4629 1422 4670 meus
1447 4630 1507 4670 cunr
1530 4624 1606 4686 patre
1630 4622 1732 4681 vestro,
1749 4625 1775 4671 et
1799 4631 1847 4672 vos
1872 4633 1917 4672 me
1941 4618 2040 4674 eodem

391 4707 516 4762 monachi
530 4712 680 4779 assumpsit
696 4725 747 4781 per
761 4711 842 4766 aliern
858 4711 1064 4781 professionem,
1081 4715 1146 4768 dicit
1155 4729 1187 4770 se
1200 4726 1227 4786 D
1241 4704 1345 4760 000000
1361 4712 1387 4760 θῑ
1401 4703 1524 4758 0000000
1537 4704 1698 4768 0000000000·
1712 4720 1766 4776 (100
1780 4713 1857 4774 lille?
1871 4710 1962 4761 008001·
1985 4723 2039 4762 00·

391 4793 546 4850 nullatenus
560 4813 642 4866 posse
666 4798 769 4855 babere
784 4800 945 4854 solutionem
968 4801 1079 4855 archis
1102 4817 1190 4872 neque
1241 4801 1405 4848 leceswtem
1431 4807 1519 4847 mrum
1535 4792 1670 4847 00000000·
1697 4791 1726 4846 in
1742 4793 1841 4864 quibus
1856 4795 1939 4850 vertis
1957 4794 2039 4850 intel·

392 4883 427 4936 ah
453 4885 550 4938 abbate
573 4885 743 4951 carnotensi,
759 4895 789 4943 ut
810 4890 853 4942 vel
868 4887 895 4942 in
910 4889 1070 4944 Caruotensi
1090 4905 1187 4944 moos·
1239 4882 1293 4939 lexi
1307 4881 1371 4952 ‘quio
1383 4880 1434 4935 nisi
1449 4897 1493 4935 me
1509 4881 1589 4936 talem
1611 4881 1743 4949 00000010,
1760 4882 1877 4938 reditum
1901 4899 1927 4937 m
1946 4898 1990 4938 um
2010 4883 2041 4939 in

392 4972 474 5026 sterio
489 4970 531 5027 vel
552 4971 578 5027 in
594 4983 684 5029 restro
698 4976 816 5031 animam
831 4992 909 5031 sunm
932 4977 1037 5044 salven
1059 4980 1129 5047 qu0d
1145 4977 1187 5033 fa.
1237 4969 1694 5043 AngliamnonvelletisDeamore
1705 4970 1816 5041 quidem
1832 4979 1860 5026 et
1868 4971 2039 5043 benignitate

344 5124 347 5129 ¹
392 5076 454 5117 cere
467 5061 563 5133 nequit
576 5063 627 5117 uisi
640 5070 718 5118 suta
741 5065 820 5120 robis
832 5073 878 5121 aut
899 5066 935 5122 ab
959 5067 1058 5124 abbate
1081 5068 1187 5122 Cerno·
1237 5068 1339 5140 gretias
1357 5082 1421 5141 apo.
1438 5067 1495 5138 (st)
1510 5067 1544 5124 Ut
1558 5077 1649 5122 eutem
1672 5067 1709 5123 ita
1730 5068 1782 5123 sim
1803 5067 1944 5126 vobiscum
1967 5071 2043 5126 sicut

1043 5164 1160 5218 vhltllli
1179 5163 1383 5219 LECTIONES.

426 5226 517 5282 0’ίαν
529 5243 601 5282 onoc
614 5237 641 5284 et
654 5245 765 5298 semper
777 5247 829 5288 mr.
845 5249 896 5288 ros
909 5249 1029 5303 semper.
1045 5233 1166 5290 ‘tamen
1180 5252 1234 5290 mr.
1251 5235 1368 5290 omittit.
1385 5233 1487 5290 ‘¹'Gcm
1502 5234 1597 5290 eodem
1612 5250 1663 5291 ms.
1681 5235 1795 5291 colluto.
1811 5234 1973 5292 mliorianu
1984 5253 2038 5292 ms.

392 5297 703 5372 blomanoae.‘¹¹lncoepi.
717 5304 882 5370 pervenirem
898 5321 950 5360 mr.
961 5307 1059 5375 incoepi
1075 5307 1135 5373 ipse
1150 5303 1435 5375 pervenirem.‘¹'hlihi
1454 5305 1577 5375 loquerer
1592 5321 1644 5362 mr.
1661 5321 1695 5360 m·
1706 5321 1766 5362 cum
1784 5308 1949 5379 loqueretur.
1960 5307 1992 5338 ‘¹⁴
2007 5309 2042 5364 Et

394 5378 456 5442 post
471 5385 523 5424 mr.
540 5379 568 5425 ut
583 5382 654 5442 post.
677 5371 781 5428 ‘¹⁸Cum
796 5375 890 5430 codem
905 5391 957 5431 mr.
974 5379 1089 5433 colluto.
1111 5374 1289 5432 ‘¹⁶nnselmus
1303 5376 1519 5446 archiepiscopus
1533 5376 1635 5432 Cant...
1652 5377 1801 5434 Gerontino
1822 5393 1876 5434 ms.
1898 5379 2041 5435 huselmus

393 5457 490 5496 sersus
498 5442 625 5500 Ecclesiae
633 5446 856 5501 cantuariensis..
863 5487 868 5499 .
875 5446 1037 5503 Gerootani.
1044 5446 1187 5505 ‘Ucottntn
1197 5463 1261 5504 cum
1271 5449 1328 5504 eodo
1336 5463 1366 5502 m
1377 5450 1460 5502 meet
1468 5463 1532 5504 cum
1542 5448 1654 5505 iidntcri
1664 5447 1789 5506 Historia
1799 5449 2040 5507 honoramenta.

392 5510 426 5542 ‘¹⁸
440 5514 479 5568 De
493 5514 670 5572 Warehmest
685 5532 739 5572 mr.
755 5523 783 5574 ct
799 5518 879 5573 lidm.
894 5520 927 5572 de
950 5518 1125 5575 Waretrrast.
1139 5517 1254 5574 ‘¹⁰llanu
1270 5529 1360 5574 vestm
1383 5519 1461 5574 lidm.
1486 5533 1568 5573 mersu
1589 5527 1644 5576 tue.
1656 5517 1930 5592 ι’Ἷίνρνωαααίανενίί
1951 5521 2035 5578 lidus.

390 5590 593 5656 praesentarent.

989 5658 1137 5717 JOllNNlS
1157 5659 1297 5718 rtcnttot
1316 5659 1435 5716 NOTAE.

429 5757 486 5828 (et)
500 5757 638 5813 Utuutcm
648 5755 785 5812 nobiscum
796 5755 933 5812 siniricttt
943 5762 1188 5814 antecessormcus
1242 5758 1396 5824 sacerdotii,
1413 5759 1508 5834 virgae,
1524 5765 1571 5814 aut
1585 5757 1676 5812 annuli
1692 5755 1821 5828 pontificii
1837 5757 1902 5814 dats
1917 5765 2039 5830 potestas

394 5831 450 5898 lull
462 5843 527 5882 cum
541 5831 624 5897 putre
639 5831 740 5890 uestro,
752 5831 911 5898 focerenon
921 5844 1042 5899 possum.
1054 5829 1188 5901 Girginus
1242 5844 1257 5882 s
1274 5829 1343 5885 laico
1358 5830 1488 5902 principe,
1505 5831 1552 5884 sed
1568 5838 1595 5884 et
1610 5831 1765 5899 homagium
1781 5835 1821 5894 tut
1835 5831 1916 5912 vulgo
1930 5831 2039 5913 loquar)

395 5901 464 5952 toret
480 5900 554 5953 hisce
569 5897 657 5952 rerhis
672 5899 835 5953 extricandis
847 5898 1101 5954 necessariustlnm
1116 5901 1187 5954 euim
1242 5899 1331 5956 eidem
1345 5900 1456 5964 iactum,
1472 5902 1517 5956 rel
1532 5900 1677 5972 quodpiam
1691 5901 1852 5971 obsequium
1864 5901 1987 5970 eiusdem
2000 5918 2039 5957 rer

395 5968 446 6022 suh
461 5967 545 6024 finem
556 5967 630 6024 illius
640 5970 747 6025 saecuha
755 5970 893 6027 millesimi
903 5977 1047 6029 vocaretur
1055 5970 1187 6039 Simonis,
1241 5973 1339 6044 gratie,
1354 5972 1492 6032 videbitur
1506 5970 1733 6029 baairancushso
1745 5988 1833 6045 purus
1847 5972 1966 6043 macule,
1982 5973 2038 6029 imo
