4750 6725
317 516 377 571 629
818 522 881 579 tto.
899 521 947 579 DE
966 520 996 578 S.
1015 516 1168 576 ANSELHI
1186 516 1490 576 statuttoottttotts
1935 529 1986 583 tito

316 640 463 699 tnr.liode
472 641 670 715 scriptumest:
681 644 839 719 Fnlpeltunt
847 647 924 720 jotti
937 646 1014 703 doct
1026 645 1077 714 rol,
1089 644 1122 701 in
1139 644 1164 703 Α
1178 642 1280 699 Radius
1293 642 1394 717 quippe
1408 643 1548 702 oculorum
1563 651 1728 714 nostrorum,
1748 647 1777 705 in
1792 648 1979 709 sublevatione

315 735 474 803 cormpectu
492 734 543 789 Dei
565 734 676 803 (tlottlt.
697 749 760 803 1111,
775 736 831 804 te).
860 734 997 805 Amplius,
1026 748 1124 805 corpus
1176 730 1380 803 palpebrarum.
1396 750 1483 805 usque
1510 734 1544 791 ad
1572 736 1672 792 coelum
1696 736 1836 811 pertingit,
1851 747 1880 797 et
1907 740 1978 797 ictus

316 818 465 875 (lbi-istim
489 821 605 878 claritati
630 822 696 879 solis
723 822 873 893 praelucere
903 824 996 880 uesdo
1026 838 1124 894 quem·
1179 819 1395 878 earum“⁸totus
1419 823 1446 879 in
1473 832 1559 879 semet
1581 838 1614 880 ac
1631 825 1739 897 integer
1753 828 1979 899 reditdmplius,

315 923 405 979 qoam
428 924 510 979 posse
535 910 691 981 ambigere.
722 912 792 968 Huic
815 921 905 967 autem
929 911 1040 981 similes,
1056 919 1124 967 teste
1178 916 1282 965 constat
1305 910 1412 981 quidem
1434 912 1538 967 animas
1562 922 1729 982 sanctorum,
1746 932 1807 988 quae
1823 917 1881 987 jum
1896 918 1981 975 coele·

314 996 468 1066 Apostolc,
484 998 592 1064 erimus,
609 999 655 1070 qui
669 1000 724 1055 ait:
738 1000 910 1072 lletcrmoltil
921 1000 1125 1072 corpasbomi-
1177 997 1229 1052 stia
1244 1004 1344 1062 tenent,
1362 1000 1477 1056 necdum
1500 1001 1580 1072 plena
1600 1002 1730 1057 felicitate
1753 1004 1815 1072 frui,
1838 1005 1925 1062 donec
1938 1006 1982 1061 in·

318 1085 415 1141 litotis
428 1090 544 1154 costroe,
560 1088 768 1160 confiqorotom
782 1091 891 1162 corpori
905 1090 1049 1145 claritatis
1063 1104 1123 1145 rute
1177 1086 1401 1156 corruptibilitate
1426 1105 1568 1160 corporum
1589 1106 1699 1147 suorum
1716 1091 1869 1162 potiantur:
1899 1110 1980 1165 quam

317 1173 409 1243 (etit.
421 1176 601 1245 rrr,2l).llaec
613 1176 912 1235 automfflaucton'tate
933 1177 1121 1249 comprobata,
1176 1188 1238 1229 com
1252 1174 1358 1247 adeptae
1374 1176 1480 1243 tuerint,
1505 1193 1560 1234 non
1574 1178 1627 1235 erit
1650 1179 1723 1249 quod
1743 1180 1859 1251 amplius
1884 1182 1978 1238 uelint.

316 1262 343 1317 si
368 1261 431 1334 quis
445 1263 527 1319 etiam
551 1265 615 1320 velit
634 1265 687 1321 sibi
710 1266 813 1323 ratione
835 1266 1021 1337 comprobari,
1038 1266 1121 1322 credo
1176 1262 1241 1319 Haec
1257 1262 1348 1334 itaque
1362 1279 1489 1336 corpora,
1505 1266 1528 1321 si
1539 1282 1586 1321 eas
1600 1284 1618 1322 a
1632 1283 1681 1323 sua
1696 1267 1838 1324 velocitate
1850 1268 1981 1340 aliquota.

316 1350 388 1407 nulli
403 1350 503 1409 debere
517 1352 678 1410 incredibile
691 1354 779 1411 videri
790 1355 878 1425 justos
892 1354 1120 1427 pulchritudinem
1176 1366 1225 1404 nus
1237 1350 1372 1408 tardiores
1386 1362 1434 1408 aut
1447 1354 1589 1426 gratiores
1603 1354 1711 1411 efficere
1726 1357 1859 1414 deberent
1867 1378 1874 1425 ;
1895 1358 1978 1414 rumi-

315 1437 386 1495 S⁰¹i⁸
400 1439 428 1495 1¹¹
441 1439 568 1509 illailla·
584 1442 630 1497 ubi
643 1442 758 1499 mortiflo
771 1444 825 1501 l¹⁰0
842 1444 1040 1513 absorbebitur,
1057 1457 1119 1506 tun·
1175 1454 1236 1493 runt
1265 1455 1358 1495 eorum
1383 1443 1474 1511 potius
1503 1444 1666 1499 consortium
1691 1444 1870 1502 abhorrerent
1894 1463 1975 1519 quam

316 1528 461 1585 tummodo
488 1529 588 1597 sortiri,
604 1548 666 1587 curn
694 1548 761 1589 vera
780 1532 905 1590 dicantur
926 1543 953 1590 et
974 1535 1029 1592 siut
1047 1546 1119 1594 tem·
1174 1532 1344 1598 tppssietefll·
1360 1530 1447 1603 ¹85¹ur
1459 1546 1502 1599 0⁸·
1519 1548 1602 1605 quam
1622 1532 1750 1602 distintis,
1767 1533 1909 1591 lel⁰⁰i¹ttltt
1925 1536 1978 1593 d0·

313 1616 395 1686 plum
416 1618 538 1674 etsedes
566 1619 717 1693 betunen
740 1638 873 1695 numnam
897 1623 926 1679 iu
954 1624 1048 1682 divine
1067 1643 1119 1697 pu.
1174 1616 1274 1672 labitur
1287 1618 1369 1675 horno
1394 1629 1589 1687 coaetaneum
1611 1620 1646 1677 ad
1674 1636 1765 1677 veram
1791 1623 1873 1678 vitam
1895 1624 1978 1681 inerit

313 1705 384 1777 gina
404 1704 440 1761 du
461 1707 520 1762 nolu
542 1706 595 1763 istu
618 1709 719 1765 visibili
743 1709 916 1769 meminimus
934 1712 990 1787 lugi
1003 1713 1045 1770 ⁴⁴¹,
1061 1717 1119 1774 Hac
1173 1706 1329 1763 translatus.
1344 1708 1431 1764 Malus
1445 1724 1512 1765 vero
1526 1717 1604 1766 taum
1618 1725 1762 1781 poenarum
1776 1710 1897 1783 pondere
1915 1728 1977 1783 pre-

312 1792 400 1865 figitur
413 1793 460 1849 tuli
479 1803 506 1851 ut
526 1804 598 1851 tauta
614 1798 817 1868 pulchritudine
830 1802 918 1872 justus
932 1802 1062 1859 nudtnniu
1088 1806 1117 1863 si
1172 1800 1270 1858 metur,
1288 1802 1316 1850 ut
1331 1812 1380 1853 uec
1394 1798 1493 1867 pedem
1509 1798 1632 1872 quidem,
1645 1798 1687 1855 rei
1703 1814 1807 1862 manus.
1817 1800 1860 1855 rel
1875 1800 1977 1872 aliquid

312 1897 382 1937 veno
392 1880 508 1953 injustus
522 1883 614 1953 tuerit,
630 1903 708 1944 coeno
723 1897 750 1945 et
758 1890 833 1945 omni
847 1889 982 1947 cadavere
996 1892 1118 1950 foetidior
1170 1882 1216 1936 ⁸¹¹1
1230 1882 1352 1954 ⁰⁰¹9&ss
1367 1886 1451 1955 POSSii
1466 1902 1585 1942 ffl0l'et0·
1597 1886 1674 1944 Ussdt
1690 1896 1716 1943 θῑ
1730 1886 1799 1943 illud
1812 1888 1841 1942 5¹¹
1855 1888 1977 1960 Blande*

313 1970 376 2037 erit,
391 1971 522 2043 omnique
538 1972 652 2047 iuligine
667 1976 781 2047 turpior.
800 1978 841 2033 lbi
856 1994 922 2051 ergo
938 1981 1116 2050 pulchritudi·
1129 1967 1341 2055 3¹5⁰²115ti⁰²5⁸
1356 1976 1487 2033 mammii
1497 1980 1525 2031 ⁰²
1537 1976 1652 2047 pedidus
1667 1976 1738 2047 ejus,
1753 1973 1899 2033 ’niumm
1910 1992 1974 2033 earn

313 2074 379 2113 nem
393 2059 546 2129 perfectam
561 2070 607 2118 aut
627 2080 764 2121 summam
789 2067 901 2123 babebit
915 2068 1118 2139 turpitudinem.
1172 2056 1204 2113 Μ
1220 2060 1350 2117 tenebrat
1364 2064 1519 2121 extolloret
1536 2064 1643 2123 (Matilo
1653 2080 1725 2131 ΗΠ,
1742 2064 1795 2128 13)-

635 2153 746 2211 CAPUT
759 2155 802 2210 Ll.
1483 2152 1595 2209 CAPUT
1613 2153 1671 2209 Ltl.

485 2240 528 2297 De
538 2242 670 2313 cpititcte
680 2249 707 2299 et
721 2243 944 2317 ponderositate,
1337 2239 1372 2296 lle
1385 2238 1559 2311 fortitudine
1572 2246 1602 2297 et
1614 2241 1822 2299 imbecillitate.

353 2324 481 2382 Secunde
504 2344 569 2399 pars
588 2330 763 2387 beatitudinis
786 2341 827 2389 est
847 2334 972 2407 agilium
1000 2336 1116 2393 niuniu
1207 2329 1299 2385 Tertiu
1314 2342 1378 2399 pars
1392 2328 1567 2383 beatitudinis
1582 2328 1839 2395 tortitudodicitur;
1852 2332 1970 2388 miseria

310 2428 388 2478 uero,
406 2425 527 2486 econtra,
543 2419 746 2488 ponderosisas.
768 2422 824 2477 ilas
845 2438 910 2479 rero
934 2440 984 2479 nec
1004 2426 1116 2481 omnino
1170 2432 1247 2484 tem,
1268 2416 1453 2485 ifflbsstillilssir
1475 2418 1570 2490 quaeei
1594 2417 1753 2489 0ltlt⁰¹¹il¹¹t·
1775 2418 1829 2475 Sed
1850 2436 1911 2491 quae
1929 2429 1969 2477 0⁵1

309 2502 480 2559 haberenec
502 2521 596 2561 rursus
616 2507 658 2562 his
677 2509 758 2565 homo
773 2519 860 2581 potest
884 2512 992 2583 penitus
1006 2513 1050 2568 bic
1065 2530 1113 2569 ca·
1169 2506 1310 2562 hominum
1339 2505 1470 2562 fortitudo
1494 2505 1522 2560 in
1550 2506 1603 2562 ¹¹00
1636 2507 1700 2573 tiit·
1717 2523 1830 2579 quorum
1859 2507 1968 2579 plenam

311 2605 385 2646 rere.
398 2591 470 2647 Nam
490 2602 590 2665 quantu
604 2605 646 2652 est
660 2596 779 2653 hominis
798 2598 916 2670 agilitas,
933 2618 1014 2672 quum
1029 2603 1113 2658 mini.
1166 2594 1258 2651 navim
1282 2594 1393 2650 ecltinus
1409 2593 1515 2649 inmari
1530 2596 1668 2650 retentati
1696 2595 1767 2664 Quia
1782 2603 1872 2651 tomen
1886 2598 1967 2654 homo

305 2694 368 2733 mus
377 2696 521 2750 passerum
531 2694 651 2755 superat,
672 2685 737 2758 quia
758 2696 848 2743 tamen
857 2687 888 2717 “⁸
904 2705 1013 2763 quoquo
1028 2692 1111 2749 modu
1165 2682 1312 2738 imbecillia
1346 2682 1471 2753 quondum
1505 2698 1633 2754 superare
1669 2685 1751 2755 valet,
1776 2700 1826 2741 nec
1854 2686 1966 2743 omniuo

304 2782 418 2825 morere
434 2785 464 2827 se
470 2779 569 2841 potest,
578 2788 629 2830 nee
638 2791 751 2831 snmmae
759 2776 957 2847 ponderositati
968 2777 1110 2850 subjuunti
1164 2771 1345 2827 imbecillitati
1360 2771 1489 2840 subjacet.
1505 2772 1599 2843 ltaque
1618 2788 1667 2828 nec
1689 2771 1875 2830 tortitudinem
1901 2791 1965 2847 per·

304 2855 333 2909 io
349 2856 442 2913 tuturo
456 2866 547 2915 auom
561 2869 608 2917 aut
621 2862 742 2933 perfecte
756 2864 837 2937 agilis
846 2866 905 2934 erit,
923 2874 968 2922 aut
982 2866 1022 2924 siu
1035 2884 1109 2939 pun.
1164 2860 1275 2927 fectum,
1285 2876 1335 2916 nec
1345 2876 1480 2915 summam
1491 2860 1534 2915 bic
1543 2860 1854 2919 babetimbecillitatem.
1863 2862 1965 2919 Verum

304 2942 418 3001 derasus
432 2955 502 3003 utse
516 2949 629 3007 omnino
644 2966 755 3007 movere
773 2955 933 3025 nonpossit.
950 2955 1046 3012 Sedio
1060 2956 1108 3013 illa
1163 2948 1330 3022 pmstobottt
1356 2948 1460 3005 viribus
1475 2948 1630 3021 quicunque
1664 2950 1788 3021 supernis
1817 2954 1965 3009 meruerint

304 3034 386 3089 beata
406 3034 460 3091 rita
475 3036 616 3108 velocitas,
632 3056 694 3111 quae
715 3041 915 3111 pulchritudine
936 3059 991 3099 nou
1015 3045 1106 3102 minus
1161 3035 1267 3094 civibus
1297 3036 1437 3105 associari,
1466 3037 1494 3091 in
1518 3043 1632 3105 tontum,
1668 3044 1698 3092 ut
1724 3036 1882 3095 nullatenus
1909 3040 1965 3095 illis

303 3131 424 3191 amiur,
453 3134 527 3181 tanta
553 3142 607 3183 nos
630 3128 800 3185 comitabitur
819 3138 848 3186 ut
868 3131 935 3203 ipsis
956 3131 1107 3205 angelis⁴“
1162 3126 1310 3199 quidquem
1334 3125 1468 3181 obsistere
1496 3124 1596 3191 valeat,
1613 3126 1656 3181 vel
1685 3127 1709 3181 si
1734 3127 1870 3184 movendo
1894 3130 1959 3201 quin

302 3210 355 3267 Dei
380 3228 460 3283 oeque
483 3215 587 3272 celeres
608 3215 695 3273 simos
716 3216 807 3285 loturi,
824 3219 869 3290 qoi
884 3237 900 3275 a
914 3220 985 3277 eoelo
999 3223 1035 3277 ad
1050 3231 1105 3277 ter·
1160 3224 1205 3272 aut
1219 3214 1366 3272 eredendo
1376 3213 1511 3270 solverint
1525 3230 1541 3269 a
1553 3228 1604 3269 suo
1618 3221 1696 3283 statu,
1712 3214 1777 3285 quin
1787 3215 1860 3272 illico
1871 3218 1960 3273 cedut.

301 3314 360 3353 ram
376 3298 417 3369 “⁸,
433 3309 469 3372 et,
485 3318 645 3373 econverso,
668 3306 740 3363 dicto
759 3307 840 3364 citius
860 3308 1024 3367 dilabuutur.
1038 3309 1105 3381 Quae
1159 3306 1216 3361 Nec
1239 3304 1267 3359 in
1289 3318 1322 3361 eo
1346 3302 1418 3375 quod
1439 3301 1555 3359 dicimus
1569 3302 1668 3374 mojori
1680 3302 1842 3361 laborabunt
1856 3312 1954 3364 conatu

301 3387 438 3459 celeritas,
454 3399 544 3447 utrum
567 3393 603 3449 sit
620 3393 648 3449 in
672 3395 788 3468 cogetis,
810 3396 834 3452 si
857 3397 967 3468 probari
993 3415 1105 3456 necesse
1159 3409 1240 3465 quarn
1265 3409 1315 3449 ¹¹0⁸
1333 3389 1458 3448 modain
1477 3391 1619 3450 0⁰Ul⁰i⁰¹¹¹
1638 3400 1791 3449 ¹¹⁰⁵⁸i⁰¹¹¹¹¹1¹
1807 3401 1889 3451 ⁰¹⁰1&
1904 3397 1957 3464 Ne,

300 3484 385 3546 esset,
401 3478 519 3550 exempli
533 3481 630 3554 gratia,
647 3481 699 3538 dici
719 3494 813 3556 posset
830 3485 980 3555 bominem,
996 3487 1105 3545 mortali
1158 3497 1262 3556 queso,
1277 3480 1425 3538 similitudo
1448 3481 1495 3536 illa
1515 3479 1675 3552 angelorum
1698 3488 1789 3538 nostro
1804 3483 1912 3539 excidat
1925 3485 1960 3540 ab

300 3565 394 3621 adhuc
416 3583 499 3626 carne
521 3579 674 3642 gravatum,
690 3588 755 3628 mox
776 3589 793 3628 a
806 3573 891 3630 tuden
905 3573 933 3629 in
948 3575 1104 3633 chaldeam
1156 3571 1250 3627 animo
1264 3585 1343 3641 quam
1359 3567 1484 3640 adepturi
1497 3568 1529 3598 ⁴⁸·
1543 3585 1636 3625 sumus
1651 3569 1678 3624 io
1699 3569 1797 3634 tuturo,
1814 3580 1957 3642 quatenns,

301 3669 353 3724 per
366 3655 495 3728 angelum
509 3657 640 3730 delutum,
655 3659 771 3733 indeque
788 3662 886 3719 tradito
900 3662 1017 3735 prandio
1032 3665 1105 3737 quod
1157 3660 1180 3716 si
1195 3659 1222 3714 in
1240 3659 1292 3715 hac
1314 3657 1473 3714 tortitudine
1495 3663 1542 3713 aut
1556 3657 1583 3712 in
1603 3656 1645 3712 liis
1666 3673 1726 3730 quae
1740 3657 1838 3714 dicturi
1853 3676 1956 3729 sumus,

298 3743 454 3814 deferebat,
469 3745 531 3802 sine
542 3764 619 3804 mora
630 3748 759 3807 relatum.
771 3750 914 3824 Ergocum
924 3751 983 3807 istis
993 3753 1104 3810 omnino
1157 3748 1313 3819 exemplum
1323 3745 1356 3777 ‘⁸¹
1371 3761 1425 3802 nou
1435 3745 1560 3814 occurrit,
1570 3745 1615 3801 vel
1627 3745 1695 3816 ipsu,
1705 3761 1755 3818 per
1765 3762 1845 3818 quam
1857 3747 1962 3822 augelis

297 3847 351 3902 pur
365 3831 497 3890 velocitas
516 3836 597 3893 nobis
618 3836 671 3894 erit
693 3839 799 3910 quibus,
815 3839 888 3897 sicut
902 3839 1037 3912 promissa
1051 3849 1102 3914 est,
1157 3835 1375 3909 adaequubimur,
1408 3835 1443 3891 ad
1480 3849 1513 3891 ea
1540 3833 1749 3909 comprobanda
1776 3835 1875 3906 prosit.
1914 3837 1961 3894 Sic

296 3935 393 3976 eornm
419 3923 560 3994 equalitas
587 3925 676 3983 inerit.
698 3928 848 4000 Apostolus
868 3929 962 3996 etinrn,
978 3929 1025 4003 qui
1040 3946 1103 3987 cor·
1157 3926 1240 3998 igitur
1251 3923 1284 3954 “¹
1310 3925 1339 3980 in
1367 3923 1466 3996 quibus
1493 3923 1608 3996 ungulos
1626 3922 1719 3981 valere
1740 3931 1846 3980 constal
1866 3933 1959 3982 nostra

294 4024 366 4078 poro
388 4020 494 4082 norbo,
512 4022 722 4086 quantacunque
750 4015 873 4074 loeomm
900 4018 1105 4091 intercapedine
1157 4015 1334 4071 nibilominus
1360 4012 1492 4070 fortitudo
1519 4011 1624 4077 valeal;
1645 4012 1783 4070 neminem
1805 4021 1898 4070 autem
1912 4015 1958 4086 qui

295 4106 423 4168 separata
447 4102 623 4158 membratim
652 4103 756 4160 luerint
781 4105 840 4161 sive
863 4104 995 4179 dispersa,
1008 4108 1037 4163 in
1050 4107 1104 4164 ictu
1155 4104 1187 4135 ‘⁸'
1198 4103 1304 4160 dubitet
1326 4110 1392 4174 puta
1425 4101 1540 4158 existere
1576 4102 1689 4175 angelos
1722 4117 1756 4158 ea
1783 4117 1836 4175 qua
1864 4101 1960 4162 volunt

294 4184 368 4240 oculi
383 4189 480 4245 asserit
494 4199 689 4262 resurrectura,
703 4194 773 4249 satis
786 4194 874 4250 innuit
887 4211 967 4266 quam
979 4196 1105 4254 velocita·
1156 4193 1233 4266 fungi
1260 4189 1426 4248 tortitudine.
1451 4191 1519 4246 tium
1537 4189 1620 4263 igitur
1633 4190 1737 4246 similes
1753 4191 1795 4248 eis
1812 4191 1954 4262 luerimos,

294 4281 349 4328 tem
378 4276 474 4334 cadom
496 4294 614 4352 corporo
634 4279 860 4353 incorruptibilia
885 4284 938 4340 sint
961 4283 1098 4341 habitura.
1156 4296 1295 4352 nunquam
1322 4277 1516 4338 imbecilliores
1530 4277 1584 4334 illis
1613 4280 1724 4335 erimus.
1752 4279 1807 4335 Sed
1833 4279 1957 4336 fortassis

294 4361 483 4437 corruptibile
498 4367 599 4439 quippe
614 4370 675 4434 troc,
690 4369 760 4427 sicut
780 4369 840 4442 ipse
853 4375 982 4441 testatur,
1002 4373 1102 4431 induet
1156 4377 1260 4442 quaeret
1274 4367 1371 4442 aliquis
1386 4386 1393 4424 :
1410 4367 1480 4437 Quid
1500 4365 1579 4424 nobis
1593 4369 1657 4422 tunc
1671 4367 1718 4422 illa
1732 4365 1867 4424 fortitudo
1879 4383 1953 4438 prae-

289 4450 580 4526 incorruptioncm,et
594 4458 718 4515 mortale
727 4459 780 4514 troc
786 4459 887 4516 induet
896 4462 1103 4518 immortalita-
1154 4459 1246 4524 stabit,
1261 4472 1321 4514 cum
1336 4455 1451 4530 singulis
1465 4463 1519 4512 tam
1534 4453 1735 4524 convenienter,
1748 4462 1778 4510 nt
1791 4455 1954 4513 couvenien-

293 4540 455 4612 ternttcor.
465 4560 513 4611 nr,
527 4545 584 4615 5³).
601 4546 687 4617 Hujus
709 4563 816 4620 quoque
832 4547 987 4605 velocitatis
1004 4565 1101 4606 exeni-
1154 4546 1206 4602 tius
1221 4553 1367 4613 nequeant,
1381 4543 1482 4617 ubique
1495 4542 1644 4616 dispositis,
1659 4541 1724 4598 nihil
1744 4543 1951 4614 immutandum,

290 4631 367 4702 plum
396 4630 423 4685 io
447 4632 523 4687 rudio
551 4633 618 4690 solis
638 4635 703 4692 licet
724 4635 834 4706 intueri,
856 4637 901 4710 qui
925 4637 1014 4693 statim
1038 4646 1096 4695 orto
1153 4635 1220 4691 nibil
1243 4633 1412 4702 vertendum,
1435 4633 1502 4688 nibil
1522 4632 1692 4688 statuendum
1712 4632 1747 4687 sit
1768 4632 1798 4687 in
1813 4647 1868 4704 quo
1882 4631 1953 4688 vires

289 4719 349 4776 sole
372 4719 399 4774 in
423 4721 507 4793 plaga
529 4721 653 4780 orientali
678 4724 810 4798 pertingit
834 4741 920 4799 usque
944 4725 977 4782 ad
1000 4727 1096 4784 ultima
1111 4701 1136 4763 ⁰
1150 4740 1214 4781 suas
1240 4723 1304 4794 quis
1327 4737 1454 4780 exercere
1474 4721 1584 4792 possiti
1608 4717 1662 4790 Qui
1684 4722 1741 4778 haec
1762 4719 1827 4776 dicit
1854 4719 1952 4790 paucis

291 4807 650 4882 ptagaeffloeoidemotisut
661 4812 689 4866 io
705 4827 738 4868 eo
753 4814 955 4886 perpendemus
969 4829 1023 4872 oon
1036 4831 1097 4872 esse
1150 4811 1291 4869 nobiscum
1306 4809 1370 4882 quid
1388 4810 1416 4867 in
1436 4809 1589 4880 husjusmodi
1611 4807 1711 4865 babeat
1734 4821 1800 4864 usus
1816 4807 1951 4863 humanus

292 4897 462 4969 impossibile
476 4901 549 4970 quod
564 4901 702 4957 denostra
712 4901 830 4959 dicimus
841 4903 1094 4974 tutnrarelocitate,
1149 4901 1280 4971 attendat,
1300 4907 1327 4958 et
1340 4899 1444 4957 ridebit
1459 4899 1522 4970 quis
1539 4913 1594 4954 non
1613 4912 1722 4969 semper
1743 4895 1870 4953 omnibus
1893 4911 1952 4968 que

293 4986 442 5058 praesertim
456 5003 518 5045 curu
532 4989 616 5046 rebus
641 4988 769 5047 animatis
791 4991 878 5048 solent
898 4991 986 5049 inesse
1009 4992 1097 5064 major
1148 4991 1282 5048 babemus
1309 4997 1336 5046 et
1357 5005 1419 5061 quac
1433 4986 1603 5058 nosbabere
1617 5001 1672 5042 uon
1687 4999 1783 5060 pamm
1797 4983 1951 5059 gandemus

293 5074 424 5132 velocitas
438 5093 520 5149 quarn
537 5077 706 5135 inanimatis.
723 5080 791 5136 ilinc
805 5078 928 5136 etiam“'
938 5081 1015 5138 radio
1029 5082 1096 5138 solis
1149 5088 1210 5136 actu
1224 5079 1340 5146 utimur,
1355 5077 1435 5147 sicut,
1457 5075 1534 5133 verbi
1555 5073 1653 5149 gralia,
1669 5073 1728 5146 ipso
1743 5072 1801 5130 tiso
1816 5081 1951 5144 potestate

293 5161 384 5220 simile
412 5165 569 5237 exemplum
599 5166 750 5224 velocitatis
785 5168 922 5226 babemus
949 5168 1093 5229 innubis.
1148 5167 1240 5242 alique
1253 5165 1444 5224 nonnullarum
1459 5163 1572 5220 scientia
1586 5162 1825 5232 rerum,etmultis
1840 5162 1950 5220 inbono

955 5293 1073 5352 VARIAE
1091 5291 1300 5352 LECTIONES.

329 5385 361 5414 “⁰
377 5385 483 5457 Corpus
504 5387 604 5444 Christi
623 5405 692 5448 attat.
715 5391 781 5447 l'ict.
798 5391 844 5445 lb.
899 5389 930 5419 “¹
945 5391 1008 5447 llaec
1026 5401 1116 5448 autem
1135 5407 1188 5448 rna.
1208 5392 1276 5448 Vict.
1292 5393 1322 5446 et
1344 5389 1420 5447 Edit.
1438 5389 1494 5446 Col.
1519 5389 1577 5445 baec
1599 5398 1701 5445 autam.
1731 5387 1951 5473 '‘t’tnrenlmus

292 5457 568 5586 tritecto·
583 5460 642 5588 tol
658 5461 845 5588 trelius
872 5458 1948 5589 l·tuitiontttlrttutlttnt..tiltentona

294 5599 361 5653 iluic
377 5599 458 5653 etiam
470 5615 536 5656 mcc.
553 5572 721 5658 binoctium.
759 5572 790 5630 “3
802 5603 837 5657 tit
848 5571 903 5658 ictu
918 5574 1097 5660 enrnm'mcc.
1116 5609 1145 5661 ct
1155 5603 1229 5662 Edit.
1249 5547 1348 5659 elidant
1361 5571 1434 5659 ictus
1446 5571 1559 5657 earnm..
1583 5599 1614 5631 ‘⁴’
1626 5603 1658 5658 Et
1670 5599 1787 5672 pedibus
1801 5545 1947 5669 gjffiaemn.

297 5671 345 5725 tito
359 5685 412 5724 mr.
435 5671 502 5726 Vici.
518 5675 546 5728 et
557 5672 632 5729 lidii.
649 5673 707 5730 Col.
720 5679 746 5729 et
760 5671 890 5744 pedibus,
901 5674 1007 5732 mittite.
1017 5675 1049 5704 ⁴⁸⁰
1063 5675 1151 5744 Quom
1166 5673 1281 5730 habituri
1296 5690 1350 5730 mr.
1359 5677 1387 5731 et
1401 5672 1475 5730 Edit.
1494 5671 1643 5744 Cuiquam
1659 5671 1792 5754 adepturi.
1806 5669 1837 5700 ‘⁸¹
1849 5672 1949 5754 Sumus

299 5741 454 5823 exemplum
469 5758 526 5799 mr.
548 5741 614 5799 liet.
632 5748 661 5801 et
675 5744 750 5801 Edit.
769 5743 826 5800 Col.
842 5759 936 5800 sumus
950 5744 984 5801 ad
1000 5747 1164 5818 exemptum.
1202 5743 1235 5774 ¹¹¹
1249 5743 1276 5801 Si
1291 5743 1374 5818 igitur
1386 5759 1439 5801 nrt.
1459 5745 1527 5802 l'ict.
1544 5747 1576 5799 to
1589 5743 1627 5801 sic
1642 5744 1741 5818 ignom.
1762 5739 1793 5771 ‘⁵⁸
1808 5740 1948 5798 Fortitudo

299 5811 404 5868 valebat
417 5812 567 5885 neminem,
583 5814 706 5888 quimus.
722 5818 750 5873 ot
764 5815 839 5874 solt.
858 5815 915 5875 Cot.
929 5815 1058 5875 tortitudo
1072 5817 1178 5882 talem
1195 5817 1329 5874 neminem
1345 5823 1446 5885 cutem,
1462 5815 1518 5890 qui.
