4750 6725
385 557 437 610 339
907 536 1067 598 saonam
1083 534 1363 596 crtNTbaattsrtsts
1376 538 1536 597 MONACHI
1999 543 2057 596 360

391 675 571 750 prohibeatis.
584 674 641 730 Nos
654 685 719 728 vero
739 667 907 742 presbyteris
924 665 1024 722 uostris
1047 663 1091 736 qui
1121 670 1198 720 extra
1211 666 1238 725 A
1253 665 1343 722 debut.
1363 666 1414 722 llic
1429 666 1475 723 toti
1490 663 1697 723 Northmanniae
1707 674 1787 739 etque
1796 665 1927 734 Francia,
1934 681 1985 740 pro
1993 683 2059 722 suae

395 766 516 824 (lantiam
528 761 663 820 constituti
678 767 740 816 sunt
757 757 869 814 omuino
895 755 1073 826 praecipimus
1099 769 1134 808 ue
1160 753 1196 807 ad
1250 753 1407 810 excellentis
1418 754 1566 812 moctimtis
1580 754 1686 821 merito,
1699 763 1788 824 notus,
1802 757 1899 811 clamas
1921 763 1949 812 et
1971 771 2061 812 scoc-

394 862 513 912 vestram
541 851 583 908 vel
611 849 727 920 alicujus
748 845 874 918 episcopi
907 844 1038 916 synodum
1077 841 1197 913 amplius
1250 851 1322 914 ptus,
1337 857 1447 915 magnae
1461 844 1543 899 fame
1562 859 1670 915 quoque
1684 843 1712 898 in
1727 844 1827 916 anglia
1840 843 2000 912 habebatur,
2022 859 2063 900 ac

394 950 468 1012 eant,
483 957 535 998 nec
549 939 627 998 uobis
642 953 694 993 nec
708 934 847 1008 aliquibus
865 932 999 988 ministris
1027 930 1124 987 vestris
1146 945 1197 1000 pro
1251 931 1311 1003 regi
1325 933 1452 1002 prefato.
1467 947 1553 988 necne
1572 931 1722 989 lanfranco
1751 933 1959 1004 archiepiscopo
1986 949 2061 988 sao-

397 1032 517 1104 qualibet
531 1029 612 1098 culpa
627 1024 824 1096 respondeant.
845 1022 899 1078 Nos
909 1020 981 1077 enim
993 1035 1056 1076 cum
1070 1019 1105 1074 ad
1119 1018 1199 1074 villas
1252 1020 1372 1076 ctissime
1386 1020 1570 1076 familiaritate
1583 1020 1770 1091 copulabatur.
1787 1021 1837 1076 llic
1864 1037 1927 1076 curu
1945 1037 2063 1077 nonun-

393 1130 500 1178 nostras
511 1117 676 1180 venerimus,
689 1112 786 1186 quales
802 1111 853 1182 ipsi
877 1111 921 1166 vel
950 1111 979 1164 in
1007 1108 1131 1164 moribus
1153 1089 1198 1162 ve¹
1253 1125 1335 1180 quam
1349 1125 1400 1179 pro
1416 1107 1531 1164 dirersis
1546 1108 1674 1166 Ecclesiae
1686 1117 1713 1165 et
1733 1109 1852 1165 aliorum
1877 1109 1994 1181 negotiis
2020 1109 2062 1164 nd

393 1210 421 1265 in
446 1208 500 1264 suis
515 1203 620 1263 ordinis
651 1201 764 1258 scientia
786 1201 849 1266 siut,
878 1196 1010 1271 pastorali
1038 1197 1198 1253 auctoritate
1252 1197 1358 1254 curiam
1371 1197 1447 1271 regis
1460 1197 1578 1266 veniret,
1594 1213 1641 1252 rer
1655 1197 1862 1268 ipse,deposita
1876 1197 2064 1270 feritate,qua

394 1297 530 1368 vestigare
551 1293 683 1350 debemus
712 1289 785 1361 (tt).
817 1287 940 1345 chrisma
967 1293 1094 1342 tamena
1121 1283 1199 1341 vobis
1252 1285 1499 1341 multiavidcbatur
1511 1294 1638 1342 saevuset
1651 1284 1842 1352 formidabilis,
1857 1286 1896 1342 ita
1915 1283 1998 1343 fiebat
2015 1287 2062 1341 in·

394 1384 542 1457 accipiant,
557 1390 583 1438 et
607 1397 640 1437 ea
669 1393 730 1452 quae
757 1377 905 1449 antiquitus
933 1376 1056 1430 instituta
1082 1381 1143 1429 sunt
1169 1372 1199 1428 in
1252 1374 1342 1430 cliuus
1355 1380 1383 1430 et
1397 1374 1522 1442 affabilis,
1537 1381 1576 1442 ut,
1591 1374 1650 1445 ipso
1663 1383 1810 1446 prasente,
1832 1373 1945 1430 omnino
1972 1390 2060 1447 quam

393 1471 552 1532 chrismatis
567 1468 726 1540 acceptione
740 1465 906 1537 persolvant.
922 1464 998 1522 Sicut
1019 1476 1137 1534 namque
1166 1475 1200 1517 ea
1252 1478 1315 1518 esse
1328 1462 1446 1530 solebat,
1461 1462 1630 1534 stupentibus
1643 1463 1758 1529 cunctis,
1774 1461 1852 1518 fieret
1867 1462 1947 1518 alius
1975 1463 2061 1519 llunc

395 1574 456 1631 quae
472 1553 619 1626 antiquitus
633 1568 720 1624 usque
731 1550 765 1606 ad
779 1557 871 1608 nostra
894 1555 1018 1620 tempora
1037 1555 1198 1602 autecesso—
1252 1550 1344 1622 itaquo
1354 1559 1381 1607 et
1394 1551 1576 1607 lanfrancum
1591 1550 1804 1608 videlicetviros
1820 1551 1915 1607 divina
1929 1551 2060 1608 simulet

394 1663 438 1704 res
452 1645 536 1704 nostri
551 1643 704 1699 habuerunt
717 1638 811 1696 solerti
825 1636 971 1710 vigilantia
989 1635 1114 1706 cupimus
1139 1633 1199 1689 illi·
1252 1637 1371 1696 humane
1384 1640 1529 1712 prudentia
1542 1640 1632 1710 fultos,
1649 1656 1706 1711 prae
1720 1657 1750 1696 se
1764 1641 1858 1713 magni
1871 1655 1980 1712 semper
2001 1643 2058 1695 ha-

396 1735 461 1792 bata
475 1731 636 1794 cusiodife;
658 1729 694 1786 ild
708 1727 768 1783 allis
782 1725 990 1798 debitattliqua,
1010 1723 1084 1797 quod
1105 1722 1197 1779 obsiti
1253 1727 1345 1798 bebai,
1364 1735 1449 1785 eleos
1461 1729 1490 1783 in
1503 1729 1631 1785 omnihus
1645 1744 1707 1800 quae
1721 1728 1784 1805 sihi,
1814 1735 1944 1799 quantum
1971 1727 2058 1785 officii

395 1823 573 1895 usurpatione
589 1821 730 1891 denegare
744 1815 883 1872 uolumus.
902 1837 913 1864 r
1253 1833 1351 1874 eorum
1364 1817 1512 1884 referebat,
1527 1818 1637 1890 epeoda
1650 1826 1736 1887 erant,
1752 1816 1865 1874 dulciori
1880 1835 1936 1890 pree
1945 1817 2060 1874 ceteris

431 1913 472 1968 hd
487 1913 545 1968 haec
560 1923 614 1982 qua
633 1906 781 1980 sagacitate
795 1906 858 1977 (hoc
872 1902 944 1960 enim
958 1902 1038 1976 paulo
1049 1909 1111 1958 ante
1137 1917 1199 1957 me·
1254 1906 1344 1963 studio
1360 1906 1496 1962 audiebat.
1513 1907 1592 1963 Unde
1610 1915 1639 1962 et
1652 1906 1768 1965 consilio
1788 1922 1883 1963 eorum
1911 1907 1946 1962 ab
1969 1907 2059 1962 animi

397 2008 533 2060 moratum
548 1995 642 2072 paucis
659 1995 791 2066 replicare
806 1993 904 2050 absere
920 2006 974 2048 non
985 1993 1197 2063 esseputamus),
1213 2020 1240 2081 B
1254 1997 1297 2053 eui
1311 1997 1457 2052 severitate
1471 1996 1499 2051 in
1514 1994 1647 2068 quosdam
1662 1995 1809 2067 plurimum
1824 2001 1853 2052 et
1866 1996 2063 2068 flaepedeseen.

399 2107 461 2164 qua,
477 2090 601 2159 inquam,
630 2084 779 2158 sagacitate
805 2081 990 2139 memorabilia
1016 2080 1098 2136 Pater
1124 2080 1200 2134 Lan·
1257 2085 1349 2154 debat,
1362 2092 1389 2140 et
1403 2091 1535 2157 quatenus
1549 2085 1577 2140 in
1587 2099 1637 2141 sua
1652 2084 1838 2142 dominatione
1855 2084 1891 2140 ad
1905 2084 2064 2141 observan-

402 2182 515 2238 fltssffls
528 2174 600 2248 apud
616 2189 710 2246 “80⁰¹
725 2170 915 2228 Wfflhelmfflss
930 2169 1018 2242 ⁰80?st
1031 2174 1060 2224 ul
1082 2184 1132 2239 pel·
1159 2168 1203 2222 io·
1257 2173 1321 2229 tiam
1335 2172 1475 2246 religionis
1488 2173 1655 2230 monasteria
1668 2181 1823 2247 surgerent,
1838 2173 1960 2230 studiose
1986 2189 2062 2245 ope·

396 2267 570 2341 spirationem
597 2262 693 2337 gratim
722 2260 772 2317 Dei
783 2260 818 2316 ad
832 2261 894 2327 hoc,
910 2274 943 2316 eo
957 2258 1125 2324 imminente,
1141 2271 1203 2328 per-
1256 2277 1316 2318 rem
1330 2261 1423 2318 dehet,
1435 2260 1503 2331 Qua>
1517 2261 1615 2334 religio
1628 2277 1663 2318 ne
1672 2270 1736 2317 nate
1745 2259 1883 2330 deficeret,
1894 2262 2066 2333 procumbat

398 2357 553 2424 duceretur,
569 2360 599 2408 ut
613 2350 788 2424 quamplures
804 2356 889 2404 terras
903 2345 1049 2403 nominata
1069 2343 1204 2402 Ecclesia
1257 2350 1442 2408 Eeeleeiemm
1457 2365 1555 2422 pacem
1575 2363 1684 2422 queque
1697 2350 1791 2415 tuem
1821 2358 1849 2406 et
1875 2350 1915 2406 eie
1943 2367 2004 2422 quae
2030 2352 2066 2406 in

399 2442 587 2503 Cautuariensi
603 2438 720 2497 diversis
735 2436 825 2495 causis
838 2451 871 2493 ac
886 2435 1036 2494 'violentiis
1064 2434 1204 2490 hominum
1257 2438 1507 2496 ususeervientium
1521 2437 1762 2509 Deoprofioereut,
1779 2438 1807 2494 in
1835 2437 1927 2508 terrie,
1949 2439 1977 2494 in
2007 2438 2066 2495 de-

400 2533 518 2600 ablatas,
529 2544 579 2601 pm
594 2527 785 2598 redemptione
799 2526 900 2582 animae
915 2540 972 2580 sura
986 2524 1147 2590 restitueret,
1177 2531 1205 2578 et
1257 2527 1344 2594 rimis,
1360 2527 1389 2582 in
1400 2527 1465 2583 aliis
1476 2527 1637 2594 redditibus,
1652 2543 1686 2582 ex
1700 2543 1753 2583 suo
1763 2527 1869 2601 largiri.
1888 2528 1946 2584 flac
1969 2535 2067 2584 tamen

399 2622 504 2680 referre
519 2620 631 2692 longum
645 2624 673 2673 et
686 2614 817 2671 aestimavi
844 2629 899 2671 non
926 2612 1122 2670 necesarium.
1152 2613 1204 2668 Ea·
1257 2616 1448 2674 benevolentia
1466 2632 1549 2689 super
1562 2615 1703 2673 Ecclesiae
1728 2615 1935 2672 Northmanniae
1958 2617 2065 2688 respi-

400 2709 526 2767 rumdem
554 2706 629 2764 enim
657 2714 790 2761 terrarum
814 2711 842 2758 et
862 2717 992 2758 numerus
1026 2707 1053 2758 et
1091 2701 1204 2757 nomina
1256 2706 1361 2762 eiehet.

400 2800 491 2858 eidem
514 2795 647 2854 Ecclesiae
662 2792 801 2850 notissima
816 2798 879 2847 sunt
892 2805 899 2858 ;
914 2798 941 2847 et
954 2787 1076 2846 redditus
1096 2789 1204 2846 illarum
1292 2795 1344 2852 llic
1356 2811 1423 2869 ergo
1431 2794 1610 2852 willhelmus
1618 2795 1658 2867 (o)
1668 2810 1731 2852 cum
1743 2794 1873 2852 vicesimo
1882 2794 2063 2867 primoregni

401 2905 434 2944 ex
450 2883 588 2960 quihushi
602 2882 648 2956 qui
673 2881 723 2938 sub
751 2879 862 2938 domiuo
883 2878 936 2952 ipsi
960 2878 1022 2937 loco
1049 2879 1204 2936 deserviunt
1256 2883 1299 2938 sni
1313 2899 1385 2940 anno
1406 2883 1564 2940 infirmitate
1585 2899 1638 2954 qna
1666 2887 1694 2940 et
1716 2892 1839 2940 mortuus
1857 2890 1908 2950 est,
1930 2882 2063 2940 detentus

402 2980 601 3042 sustentantur,
617 2985 667 3045 pro
690 2977 795 3028 aterna
823 2967 883 3038 ejus
911 2967 1007 3036 salute,
1036 2966 1121 3024 oculis
1138 2966 1204 3038 justi
1257 2972 1329 3043 apud
1343 2973 1546 3046 llothomagnm
1559 2973 1671 3042 fuisset,
1685 2980 1755 3029 etse
1769 2972 1873 3029 meritis
1881 2987 1914 3027 ae
1925 2971 2062 3028 interces-

401 3063 510 3138 judicis,
528 3062 572 3118 die
586 3067 721 3130 noctuque
735 3055 934 3114 consideranda
950 3055 985 3111 ab
1007 3055 1110 3112 eisdem
1137 3055 1204 3127 ipsis
1257 3061 1379 3118 sionibus
1393 3061 1515 3118 anselmi
1528 3061 1694 3119 omnimedis
1708 3060 1901 3119 commendere
1910 3059 2064 3147 disposuiq-

401 3158 615 3228 praesenltttttttt'.
635 3147 707 3218 Quid
720 3147 817 3218 itaque
830 3145 865 3202 de
879 3145 940 3200 aliis
964 3143 1048 3216 ipsius
1071 3143 1203 3200 Ecclesia)
1257 3157 1307 3220 set,
1323 3165 1386 3206 eum
1399 3151 1435 3207 od
1449 3166 1480 3206 se
1489 3148 1525 3206 de
1538 3152 1625 3208 Becco
1640 3151 1734 3207 venire
1747 3157 1775 3206 et
1788 3165 1844 3206 non
1870 3149 1954 3223 louge
1979 3163 1997 3206 ι
2024 3165 2060 3206 se

402 3241 482 3299 terris
492 3255 553 3312 quae
568 3238 596 3293 in
611 3235 708 3294 cadem
720 3251 771 3308 qua
785 3233 849 3290 olim
864 3233 961 3289 ablate
987 3241 1050 3288 sunt
1069 3231 1202 3305 direptio-
1257 3238 1322 3295 fecit
1331 3238 1474 3308 hospitari.
1491 3239 1591 3294 Verum
1601 3253 1663 3294 oum
1677 3238 1703 3294 ei
1714 3238 1750 3293 de
1763 3236 1851 3294 salute
1878 3236 1975 3294 anima
2002 3253 2063 3294 suae

401 3330 444 3388 nis
459 3327 559 3401 injuria
573 3329 743 3399 permanent,
753 3320 953 3380 successorihus
967 3321 1034 3377 tanti
1048 3321 1203 3393 provisoris
1217 3371 1242 3436 c
1255 3326 1330 3401 loqui
1347 3325 1479 3397 differret,
1495 3343 1528 3385 eo
1552 3326 1625 3401 quod
1646 3325 1833 3384 infirmitatem
1852 3342 1928 3383 suam
1945 3326 2064 3398 paulum

401 3434 544 3477 seruorum
558 3416 608 3472 Dei
622 3413 779 3471 faciendum
794 3411 838 3481 sit,
855 3410 955 3467 fructus
983 3426 1064 3483 quem
1088 3410 1138 3466 iste
1165 3426 1203 3467 ex
1256 3417 1370 3492 levigari
1395 3418 1519 3486 sentiret,
1546 3416 1660 3489 contigit
1682 3415 1769 3488 ipsius
1795 3415 1926 3488 principis
1960 3430 2065 3487 corpus

404 3509 446 3565 his
461 3503 645 3578 quaerestituit
659 3507 822 3559 consecutus
836 3507 878 3555 est
904 3498 1014 3557 docebit
1041 3514 1098 3569 eos,
1124 3499 1204 3571 juxte
1256 3515 1331 3563 tanta
1344 3506 1524 3564 invalitudine
1538 3506 1667 3578 deprimi,
1693 3515 1723 3561 ut
1747 3505 1829 3563 curiae
1856 3503 2065 3576 inquietudines

404 3598 477 3672 quod
491 3594 531 3651 sui
547 3609 638 3651 curam
653 3589 802 3647 habebunt.
819 3590 858 3645 Re
878 3588 977 3645 etenim
999 3604 1064 3645 vera
1091 3591 1119 3644 et
1141 3588 1204 3645 illas
1256 3596 1336 3653 nullo
1351 3596 1489 3653 sustinere
1501 3599 1584 3666 pacto
1605 3594 1718 3652 valeret,
1746 3592 1873 3650 Transito
1899 3592 1983 3667 igitur
2007 3592 2066 3649 Se-

406 3685 578 3753 restituisset,
594 3682 618 3738 ai
638 3682 802 3752 ultraquam
830 3677 898 3733 vixit
921 3676 1059 3750 aliquanto
1082 3686 1205 3748 tempore
1257 3701 1357 3757 quana,
1372 3682 1505 3741 decubuit
1519 3683 1630 3740 leetoin
1644 3681 1907 3739 Ermentrudisvitln
1930 3682 1978 3751 (t),
2000 3697 2066 3752 quae

406 3772 611 3848 supervixisset.
625 3771 655 3825 ln
669 3770 722 3825 hoc
732 3768 832 3841 quippe
855 3766 936 3822 illum
964 3781 1052 3839 gnara
1074 3766 1205 3839 principis
1257 3782 1297 3829 est
1313 3780 1404 3829 eontra
1418 3773 1623 3846 Rothomegum
1651 3771 1681 3827 in
1708 3770 1792 3827 altera
1819 3770 1940 3827 fluminis
1967 3777 2060 3839 parte,

406 3863 553 3923 lanfranci
568 3859 712 3933 prudentia
727 3858 852 3924 duxerat,
864 3866 891 3913 et
903 3856 1018 3929 praefixo
1033 3858 1149 3915 termino
1176 3858 1206 3914 id
1259 3862 1398 3933 Quidquid
1412 3869 1469 3917 tum
1484 3860 1643 3917 deliciamm
1656 3858 1716 3933 regi
1736 3858 1845 3915 infinno
1871 3858 2060 3925 deferebatur,

406 3970 437 4011 se
465 3954 598 4007 factumm
625 3947 818 4019 spoponderat.
839 3947 938 4001 l'emm
966 3948 1031 4001 dum
1050 3947 1207 4017 sponsionis
1258 3950 1334 4007 abeo
1348 3949 1459 4005 illarum
1482 3950 1616 4005 medietas
1635 3949 1765 4005 hoselmo
1792 3946 1940 4003 infirmanti
1961 3946 2061 4003 mitte-

404 4057 464 4099 suae
481 4036 577 4095 effectu
592 4036 671 4107 potiri
686 4050 740 4089 non
756 4033 863 4101 meruit,
892 4042 994 4105 quanto
1019 4034 1107 4091 studio
1134 4034 1204 4107 quis,
1258 4039 1347 4095 hatur.
1366 4040 1560 4095 Verumtamen
1574 4053 1702 4093 neeeum
1725 4036 1842 4109 emplius
1868 4036 1897 4089 in
1924 4038 1976 4091 trae
2003 4034 2061 4089 vita

406 4128 471 4185 dum
486 4132 583 4199 potest,
598 4115 680 4179 bo'nis
695 4122 818 4177 insistere
833 4120 940 4190 debeat,
952 4122 1080 4194 exemplo
1090 4124 1206 4194 suiprae·
1258 4128 1363 4197 videre,
1378 4143 1429 4184 nec
1442 4126 1468 4183 ei
1482 4136 1511 4183 ut
1532 4134 1716 4198 proposuerat
1734 4124 1882 4198 quidquam
1898 4124 1932 4179 de
1965 4124 2064 4180 anima

404 4216 519 4275 monuit.
535 4214 600 4270 Hac
629 4219 655 4268 et
684 4209 851 4281 hujusmodi,
877 4226 937 4281 quaa
963 4209 1099 4283 gloriosus
1125 4212 1207 4269 Pater
1240 4216 1390 4288 ,sualoqui
1404 4216 1564 4288 promemit.
1578 4216 1664 4271 Tanta
1677 4215 1750 4271 enim
1765 4212 2064 4284 infirmitesoocupavit

406 4305 572 4363 hanfmucus
590 4299 735 4374 magnifice
750 4306 876 4371 operatus
889 4306 939 4367 est,
950 4298 973 4354 si
996 4299 1139 4372 quisquam
1167 4301 1206 4357 uti
1258 4312 1415 4377 utrumque,
1430 4312 1460 4362 ut
1470 4320 1521 4361 nec
1534 4303 1681 4361 ansehnua
1695 4303 1731 4359 ad
1744 4318 1837 4375 regem
1852 4300 2061 4370 Willhelmum,

404 4402 466 4453 sunt
485 4390 639 4450 describere
653 4387 735 4457 volet,
751 4388 864 4459 copiosa
876 4388 989 4445 materia
1002 4396 1052 4459 est,
1075 4390 1110 4446 ad
1138 4404 1207 4462 opus
1258 4408 1312 4449 nec
1325 4393 1500 4450 willhelmus
1513 4402 1606 4465 posset
1618 4391 1760 4465 pervenire
1774 4391 1809 4447 ad
1818 4390 1945 4447 abbatem
1959 4389 2064 4447 husel-

404 4483 509 4559 qraude
525 4479 668 4537 sufficiens.
685 4478 745 4549 Ego
759 4484 849 4533 autem
866 4477 1073 4549 quiaprohabili
1084 4486 1110 4535 et
1129 4478 1208 4536 firma
1260 4497 1344 4537 muro.
1356 4482 1390 4538 Et
1403 4481 1512 4553 quidem
1526 4480 1700 4539 willhelmus
1722 4480 1761 4536 ita
1787 4488 1909 4538 mortuus
1925 4486 1976 4547 cst,
2004 4494 2064 4535 non

403 4572 523 4641 ratione,
539 4570 608 4627 sieut
619 4566 690 4640 cepi,
706 4566 732 4621 in
748 4566 802 4621 alia
817 4566 921 4629 ducor‚·
938 4572 1042 4622 tautum
1056 4568 1145 4623 adhuc
1172 4568 1207 4625 de
1260 4578 1351 4627 tamen
1382 4578 1412 4626 ut
1424 4571 1533 4641 dicitur,
1559 4570 1731 4627 inconfessus
1745 4568 1792 4641 (ὡς
1814 4578 1895 4639 atquc
1916 4566 2063 4623 anselmus

405 4678 438 4719 eo
452 4658 572 4717 breviter
587 4657 659 4726 dico,
675 4654 765 4727 ipsum
780 4670 877 4711 rerem
890 4670 1019 4726 magnum
1046 4662 1073 4711 et
1100 4656 1209 4729 insupe·
1261 4659 1397 4733 evestigio
1411 4662 1453 4715 est
1467 4658 1503 4715 ab
1530 4658 1688 4715 infirmitate
1710 4658 1855 4725 relevatus,
1878 4656 2065 4728 pristinaeque

406 4751 524 4808 rabilem
539 4746 671 4804 Ecclesiae
686 4743 785 4799 Christi
799 4742 974 4800 defensorem
989 4749 1016 4799 et
1031 4744 1105 4815 pium
1124 4734 1340 4804 totiustnluti
1354 4756 1417 4819 post
1443 4747 1581 4805 modicum
1602 4746 1760 4804 redonatus.
1790 4745 1843 4815 Qui
1869 4752 1959 4801 antem
1981 4744 2061 4816 regio

406 4839 513 4914 hnqliae
527 4836 688 4908 principem,
705 4848 737 4891 ao
750 4832 777 4888 in
792 4840 920 4905 quantum
935 4832 988 4887 sihi
1003 4832 1076 4889 licuit
1097 4834 1205 4891 bonurn
1259 4836 1349 4893 funeri
1361 4835 1545 4904 interfuerint,
1560 4852 1648 4908 quave
1662 4850 1764 4908 pompa
1776 4848 1874 4906 corpus
1888 4834 1947 4904 ejus
1966 4832 2061 4889 Cedo-

406 4938 548 5001 pestorem
562 4925 666 4981 cunctis
677 4923 705 4978 in
732 4937 764 4979 ea
787 4920 1005 4991 consistentibus,
1035 4922 1100 4977 dum
1127 4923 1204 4990 vixit,
1258 4940 1334 4981 mum
1347 4925 1467 4981 delatum
1479 4924 1514 4981 sit
1529 4940 1685 4997 ;quamque
1698 4924 1794 4990 libera,
1809 4921 1865 4980 imo
1875 4938 1956 4995 quam
1966 4921 2062 4978 servili

405 5018 501 5075 fuisse.
1258 5012 1394 5070 calumnia
1407 5012 1435 5069 in
1448 5012 1563 5071 ecclesie
1577 5010 1651 5069 beati
1666 5010 1798 5084 Stephani
1811 5010 1947 5083 sepultum
1962 5008 2005 5076 sit,
2031 5019 2061 5065 et

444 5104 496 5161 Per
509 5101 582 5159 idem
595 5110 701 5174 tempus
715 5110 774 5159 erat
784 5098 1068 5174 quidamabbasBcoci
1096 5102 1207 5159 nomine
1259 5101 1326 5159 dicti
1334 5101 1480 5175 lugendum
1494 5109 1521 5158 et
1534 5100 1626 5157 auditu
1642 5100 1759 5157 fatemur
1782 5114 1844 5155 esse
1862 5099 2058 5155 miserendum.

407 5192 562 5259 haselmus,
579 5190 623 5246 vir
635 5190 761 5263 equidem
775 5190 864 5247 bonus
878 5198 905 5246 et
918 5189 1033 5245 scientia
1060 5190 1206 5247 litterarum
1260 5188 1326 5259 Quae
1339 5189 1412 5246 enim
1430 5188 1551 5248 coemtio
1566 5190 1645 5247 sortis
1662 5189 1788 5247 humana
1808 5203 1863 5243 non
1884 5195 1994 5246 moveat
2021 5187 2060 5243 ad

409 5278 554 5354 magnifice
564 5278 682 5350 pollens.
694 5277 915 5349 Contemplativae
938 5277 999 5335 vitae
1022 5285 1093 5335 totus
1115 5279 1207 5337 inten-
1258 5278 1397 5352 pietatem,
1412 5294 1475 5336 cum
1487 5278 1608 5336 auditum
1628 5277 1709 5335 fuerit
1721 5292 1816 5349 regem
1829 5275 1911 5333 istum
1920 5276 1967 5347 qui
1976 5283 2061 5333 tantae

1045 5368 1262 5425 llENSCHENlI
1282 5367 1408 5425 Now.

445 5460 1209 5594 (⁰ss“flue-¹¹¹5?⁰h‘e¹¹¹³·‘¹1⁹0¹{}³⁰,¹d⁰⁷⁵⁰²⁰ria⁰⁰r⁰f⁸¹¹¹⁸
1262 5466 1560 5549 nuent,quod,oppido
1574 5465 1692 5549 quodam
1720 5466 1749 5521 in
1777 5464 1889 5548 Francia
1915 5463 2062 5535 occupatio

410 5544 1111 5683 tiullilllalllllll...,t.l‚⁰lllattll
1128 5539 1208 5680 alif:
1261 5538 1674 5666 lllttftttattttlt
1690 5546 1717 5593 ⁰²
1805 5538 1848 5593 ¹¹¹⁵
1861 5538 1931 5593 ‘¹⁰⁰⁵
1950 5540 2062 5593 Μ

408 5685 477 5743 rior.
1296 5680 1435 5735 ‘llistoriu
1462 5680 1646 5748 Nororum,a
1670 5686 1749 5752 parte
1771 5678 1917 5751 posteriori
1945 5678 2008 5735 libri
2039 5694 2061 5747 r,

446 5754 482 5827 (c)
497 5747 807 5831 SimeonDuaclmeusis
820 5749 868 5817 ait,
884 5747 957 5821 quod
978 5748 1155 5807 Willhelmus
1182 5753 1205 5817 l,
1260 5757 1347 5806 exstcu
1373 5750 1446 5823 apud
1470 5751 1607 5821 bolland,
1636 5752 1710 5808 Acta
1736 5759 1905 5819 sanctorum,
1935 5759 2002 5807 torn.
2023 5751 2060 5818 ll,

410 5842 460 5883 rex
472 5823 610 5897 angliam
630 5820 732 5878 caelesti
741 5829 839 5877 vratroo
850 5890 855 5901 ⁸
867 5818 986 5875 munitus
1003 5842 1013 5867 r
1035 5821 1205 5877 excesserit:
1261 5821 1359 5893 April,
1373 5838 1402 5893 p.
1415 5822 1839 5891 893,iuhssuuaro,subtitulo:
1860 5824 1923 5879 Vita
1947 5827 1975 5879 S.
1998 5822 2063 5877 Aa·

411 5896 521 5956 interim
535 5903 590 5950 tam
605 5892 663 5964 ipsc
678 5906 759 5963 quam
776 5898 857 5950 ceteri
886 5905 981 5961 regem
1003 5890 1128 5960 punitum
1148 5892 1209 5947 insi·
1262 5894 1345 5949 setmi
1359 5893 1386 5947 in
1401 5892 1570 5963 pontificatu.
1590 5894 1676 5951 Notas
1697 5894 1935 5951 indemutuamur.
1964 5893 2060 5949 Entrs.
