4750 6725
298 673 349 731 sta
849 665 1014 728 fliscontt
1027 667 1212 728 Novottutt.
1227 695 1263 711 -
1276 668 1340 727 alb.
1356 665 1389 728 Va
1894 675 1946 738 tlt

328 800 544 874 Veniensitaque
559 800 643 856 irater
657 795 716 868 ipse
731 796 758 851 in
776 794 908 864 scotiam,
936 811 1000 852 mox
1028 802 1087 851 ter·
1102 795 1131 858 Α
1145 811 1196 851 nec
1218 810 1268 866 pro
1295 802 1351 851 tota
1366 794 1457 852 Scotia
1471 798 1623 871 abnegaret
1646 815 1676 858 se
1698 816 1757 861 esse
1785 813 1946 871 monachum

292 893 330 948 tio
345 890 392 947 die
414 891 551 946 adrentus
574 889 615 945 sui
630 887 688 956 illo,
718 886 765 956 qui
793 885 842 940 tuit
871 885 929 940 dies
943 884 1095 941 festivitatis
1149 883 1382 955 cantuariensem,
1411 886 1517 944 turbato
1544 887 1638 958 spiritu
1668 908 1676 946 ι
1709 895 1822 963 aNihil,
1851 899 1948 975 inquit,

290 979 552 1054 gloriosissimorum
567 976 750 1048 apostolorum
767 973 837 1030 Petri
853 981 880 1029 et
895 972 981 1041 Pauli,
998 989 1094 1028 susce·
1148 973 1262 1028 lecimus
1275 989 1293 1028 a
1307 973 1452 1029 crntuaria
1465 983 1590 1046 petentes
1606 979 1686 1036 nobie
1701 982 1871 1057 episcopum.
1883 992 1949 1048 1131

288 1070 338 1142 pit,
355 1069 473 1142 eligente
487 1084 547 1124 eum
562 1067 651 1122 clareo
666 1072 693 1120 et
704 1063 808 1134 populo
824 1071 914 1127 terrae,
940 1070 967 1116 et
994 1077 1095 1118 couce-
1147 1062 1200 1117 hoc
1227 1061 1319 1132 igitur,
1350 1062 1440 1117 cordis
1456 1064 1496 1118 sui
1521 1081 1635 1122 rancore
1660 1068 1949 1144 devinctus,eumdem

288 1160 371 1217 dente
396 1173 475 1230 rege,
504 1153 692 1228 pontificatum
717 1151 803 1208 sancti
829 1150 946 1205 Andreae
979 1150 1092 1219 apostoli
1150 1149 1235 1206 virum
1251 1151 1277 1205 in
1293 1151 1384 1205 uiuitis
1397 1153 1479 1222 coepit
1495 1153 1619 1226 fatigare,
1635 1159 1729 1215 multis
1755 1163 1863 1235 injuriis
1876 1169 1947 1226 clam

289 1245 551 1304 chenrimuntensis.
565 1242 633 1313 Quae
647 1258 692 1298 res
707 1241 746 1297 ita
761 1241 923 1310 disponente
950 1238 1010 1294 Deo
1033 1247 1093 1294 acta
1147 1247 1173 1294 et
1186 1239 1280 1309 palam
1294 1239 1442 1310 exagitare,
1459 1257 1520 1296 euru
1535 1242 1667 1314 dignitate
1688 1262 1719 1304 ae
1732 1266 1822 1308 rerum
1837 1257 1948 1326 episeo-

287 1345 329 1394 est
344 1346 374 1393 ut
387 1351 437 1392 nec
450 1333 528 1407 virga
537 1330 677 1404 pastorali,
693 1329 735 1386 rel
752 1328 882 1385 annulos
910 1342 977 1400 rege
1012 1326 1091 1383 inve·
1146 1327 1251 1398 palium
1277 1337 1411 1398 proventu
1426 1328 1593 1400 despoliare.
1625 1334 1686 1390 Non
1700 1337 1783 1410 igitur
1796 1358 1858 1398 eum
1872 1355 1947 1402 recto

287 1427 368 1482 stitus
379 1423 470 1492 luerit,
486 1437 536 1478 nec
550 1419 701 1478 hominium
717 1417 742 1474 ai
757 1416 862 1473 iecerit.
889 1416 978 1472 laetns
1000 1415 1092 1487 itaque
1146 1415 1225 1472 oculo
1235 1417 1439 1488 aspicere,'uou
1454 1418 1537 1474 verba
1552 1421 1609 1489 ejus
1623 1422 1666 1478 rel
1680 1426 1761 1482 etiam
1776 1429 1810 1486 de
1821 1431 1948 1504 Deopro·

289 1515 352 1572 dies
366 1512 537 1578 babitusest,
550 1517 631 1580 atque
645 1507 674 1564 iu
687 1506 796 1562 laudem
817 1505 866 1561 Dei
890 1503 1016 1560 alacriter
1041 1519 1092 1559 ex·
1146 1503 1212 1574 luta,
1227 1509 1335 1576 poterat
1349 1505 1484 1574 patienter
1497 1508 1610 1572 aridire;
1627 1529 1737 1583 quaeres
1751 1517 1849 1592 vulgus
1862 1520 1947 1581 latere

290 1619 406 1676 pensus.
422 1603 453 1657 ln
467 1599 583 1656 crastiua
598 1604 688 1654 autem
703 1612 763 1666 rex,
779 1612 840 1651 cum
856 1595 943 1650 electo
969 1593 1004 1648 de
1023 1609 1091 1649 con·
1146 1607 1201 1648 uon
1227 1593 1324 1665 potuit.
1340 1593 1472 1650 Rumores
1485 1594 1666 1666 itaquesnulti
1679 1604 1769 1660 exorti
1792 1616 1864 1678 sunt,
1878 1626 1945 1681 par-

289 1693 446 1750 secrationa
460 1690 533 1746 illius
547 1687 675 1744 secretius
685 1701 779 1758 egena
794 1692 821 1740 et
844 1683 935 1739 modis
967 1681 1093 1738 omnibus
1147 1690 1186 1738 tes
1199 1680 1363 1738 diversaris
1377 1682 1485 1739 diversa
1500 1685 1645 1742 trahentes.
1662 1688 1741 1758 Quod
1769 1694 1871 1753 electus
1893 1701 1945 1756 ad-

285 1798 385 1840 euma
408 1777 536 1852 pontifice
562 1773 729 1833 Eboracensi
750 1771 905 1829 consecravi
931 1771 1091 1840 exhorrens,
1146 1779 1265 1838 vertens,
1280 1778 1307 1826 et
1334 1787 1414 1827 suum
1442 1789 1501 1829 esse
1523 1774 1552 1829 in
1579 1776 1678 1833 talibus
1692 1779 1731 1851 (ut
1745 1783 1946 1854 prelibavimus

284 1871 343 1938 ubi,
360 1887 393 1927 eo
406 1871 532 1937 docente,
552 1861 857 1934 accepitauetoritatem
872 1858 1004 1917 Ecclesia
1018 1857 1091 1914 Can·
1146 1874 1201 1915 nou
1225 1858 1292 1914 utile
1320 1875 1381 1914 esse
1394 1860 1575 1931 perpendens,
1598 1880 1646 1936 per
1657 1865 1837 1929 internuntios
1864 1893 1945 1932 man-

288 1957 444 2028 tuarieusis,
460 1971 494 2012 ex
516 1955 628 2024 antiquo
658 1952 705 2008 toti
732 1949 877 2006 Britannias
904 1947 1091 2019 praeeminere
1151 1947 1226 2006 derit
1240 1947 1266 2003 ei
1281 1947 1341 2004 haec
1357 1962 1363 2002 :
1382 1970 1393 1996 ι
1410 1947 1481 2018 Quia
1495 1950 1574 2007 video
1589 1959 1683 2010 teuon
1697 1972 1767 2028 esse,
1782 1968 1812 2017 ut
1826 1963 1946 2021 mihim.

286 2056 313 2106 et
328 2048 445 2116 idcireo,
460 2046 520 2116 ipso
534 2043 709 2114 disponente,
722 2055 751 2094 se
768 2037 919 2094 cantuariae
943 2036 1093 2106 episcopa·
1146 2035 1264 2106 pedirct,
1295 2052 1422 2093 screnum
1451 2053 1520 2112 erga
1548 2056 1601 2110 me,
1618 2044 1735 2100 necscio
1750 2064 1832 2118 quare
1849 2052 1946 2112 hoquq

286 2137 342 2194 lem
366 2133 585 2192 benedictionem
632 2129 702 2188 velle
738 2127 886 2200 requirere,
916 2125 1091 2182 conturbatus
1104 2143 1131 2203 Β
1145 2140 1189 2180 me
1198 2125 1394 2195 promeruisse,
1409 2141 1471 2183 cum
1481 2136 1586 2184 certum
1601 2131 1734 2190 habeatur
1746 2153 1791 2194 me
1806 2156 1863 2196 non
1873 2144 1944 2200 nut-

283 2227 378 2284 animo
390 2238 505 2296 surgens
516 2220 637 2278 discessit
650 2218 683 2273 ab
702 2233 744 2273 eo.
760 2215 876 2272 Nolebat
890 2212 963 2270 euim
994 2214 1090 2268 Eccle—
1145 2219 1211 2283 tum,
1222 2213 1368 2284 teoffenso,
1379 2214 1624 2275 inchristiauitatis
1633 2225 1802 2283 correctione
1815 2227 1844 2284 in
1857 2247 1943 2306 regno

285 2316 356 2371 siam
372 2311 593 2369 cantuariensem
616 2305 742 2364 anteferri
769 2303 900 2360 Ecclesia
927 2299 1017 2356 Sancti
1031 2302 1089 2354 du·
1143 2310 1188 2358 tuo
1216 2302 1398 2374 profuturum,
1421 2318 1489 2376 rogo
1522 2313 1549 2359 ut
1578 2315 1623 2363 tuo
1650 2309 1746 2369 iuvere
1772 2329 1944 2394 prosecutus,

281 2405 357 2460 dress
372 2400 524 2460 deScotia.
542 2399 650 2454 Vocans
663 2395 753 2465 itaque
766 2391 955 2448 willhelmum
991 2404 1089 2445 mona·
1143 2392 1315 2448 cantuariam
1338 2392 1379 2448 ira
1415 2407 1460 2448 me
1500 2393 1583 2463 siuas,
1621 2406 1752 2468 quatenus
1788 2408 1930 2464 eonsilium

282 2490 469 2550 ehumSancti
485 2485 619 2544 lidrnundi
635 2484 690 2557 qui,
706 2491 768 2553 post
799 2479 977 2552 Thurgodum
999 2476 1088 2533 eidem
1143 2479 1216 2552 quod
1244 2480 1310 2534 mibi
1334 2481 1370 2535 sit
1398 2481 1545 2553 agendum,
1574 2483 1639 2540 inde
1654 2489 1798 2561 requiram,
1814 2462 1943 2555 erbam]

287 2577 459 2652 episcopatui
494 2575 667 2649 praepositus,
695 2586 765 2642 pene
793 2569 869 2623 illum
898 2567 1086 2636 evacuaverat,
1140 2568 1287 2624 dictionem
1312 2567 1495 2639 pontificalem
1511 2570 1546 2626 ad
1566 2572 1696 2631 honorem
1722 2578 1771 2634 Dei
1786 2589 1811 2637 et
1834 2586 1941 2643 exalte-

282 2669 418 2747 pvaacepit
432 2674 461 2722 ut
479 2680 555 2721 more
575 2663 658 2719 solito
672 2661 699 2715 in
727 2659 883 2729 episcopatu
906 2663 935 2711 s'e
963 2654 1084 2722 haberet,
1140 2657 1243 2713 tionem
1258 2656 1336 2728 regni
1351 2657 1493 2713 Scotorum
1508 2659 1570 2714 inde
1582 2663 1742 2734 suspiciam.
1761 2687 1773 2719 a
1789 2670 1941 2732 Nonsede-

282 2757 437 2831 exspoliato
451 2755 557 2811 noviter
569 2751 706 2808 investito.
722 2747 837 2818 Expleta
852 2752 942 2801 autem
953 2751 1015 2814 post
1027 2743 1086 2798 haec
1139 2752 1203 2800 runt
1217 2746 1275 2801 bac
1289 2745 1379 2800 animo
1389 2746 1460 2817 ejus,
1471 2753 1499 2801 et
1512 2748 1634 2820 petitioni
1643 2751 1715 2809 illius
1729 2772 1758 2810 se
1768 2774 1941 2832 nequaqnam

280 2846 504 2916 menseintegro,
527 2849 553 2898 et
582 2840 624 2896 his
651 2855 714 2911 quae
728 2838 896 2908 supererant
921 2832 978 2903 jam
1008 2830 1087 2886 terris
1138 2849 1281 2888 assensum
1300 2833 1474 2903 praebiturum
1510 2840 1687 2907 asseveravit,
1716 2853 1871 2904 contestans
1893 2867 1941 2909 re.

282 2938 458 3010 episcopatus
473 2930 593 2987 funditus
606 2926 753 2994 evacuatis,
765 2939 814 2996 pro
842 2931 905 2980 voto
930 2919 1084 2992 principum
1137 2938 1223 2994 gnum
1238 2920 1340 2978 Scotire
1354 2920 1543 2979 Centauricusi
1558 2925 1685 2985 Ecclesia
1706 2930 1774 2988 nibil
1787 2935 1941 3009 subjectio-

279 3025 359 3102 regni
375 3039 424 3080 rex
438 3019 687 3090 Alexanderipsum
702 3015 817 3072 electum
827 3009 963 3076 convenit,
984 3007 1085 3079 vixque
1139 3008 1308 3081 nis'debere,
1324 3016 1352 3065 et
1365 3009 1454 3083 ipsum
1464 3011 1542 3068 abca
1555 3014 1663 3085 penitus
1677 3016 1824 3078 immunem
1839 3026 1941 3087 lactum

282 3123 318 3179 ab
335 3136 369 3177 eo
384 3113 499 3175 obtinuit
513 3119 541 3168 ot
555 3108 630 3182 quod
644 3121 708 3178 sper
733 3102 858 3160 inimicos
885 3113 948 3154 sues
976 3095 1084 3154 exerei·
1138 3097 1190 3153 sibi
1206 3098 1298 3154 datum
1309 3113 1381 3154 esse.
1391 3098 1440 3155 cui
1449 3115 1510 3155 cum
1525 3100 1572 3157 ille
1587 3104 1638 3160 boe
1652 3121 1681 3162 sc
1695 3115 1807 3167 eatenus
1822 3117 1939 3176 nmeisaq

283 3221 343 3268 tum
358 3209 459 3264 docere
474 3201 644 3273 disponebat,
661 3195 764 3266 virgam
780 3187 942 3262 pastoralem
966 3186 1085 3256 desuper
1137 3186 1323 3259 responderet,
1354 3186 1508 3258 prasertim
1535 3204 1598 3247 eum
1631 3193 1747 3264 epistola
1773 3215 1823 3272 pro
1846 3219 1875 3260 se
1903 3207 1940 3264 ab

281 3303 379 3367 altare,
393 3292 469 3369 quasi
484 3292 520 3347 de
532 3303 614 3343 manu
629 3281 738 3340 bomini
751 3279 910 3351 susciperet,
939 3280 968 3332 ct
994 3274 1032 3328 itn
1055 3272 1083 3326 in
1137 3274 1345 3348 archiepiscopo
1373 3275 1415 3332 iili
1428 3275 1535 3335 directa
1549 3278 1620 3336 iuter
1634 3282 1854 3348 aliacoatineret
1870 3309 1934 3350 eum

280 3398 339 3447 toto
352 3400 437 3459 regno
449 3396 521 3439 curre
534 3376 687 3433 animarum
701 3370 890 3439 omnium,pro
904 3378 996 3437 posse,
1006 3362 1083 3418 deiu-
1136 3363 1172 3420 sd
1199 3365 1253 3421 hoe
1280 3364 1400 3422 Quam
1410 3366 1562 3425 destinasse
1574 3377 1604 3426 ut
1614 3369 1731 3431 disceret
1743 3384 1832 3436 utrum
1842 3385 1938 3453 petitio

279 3494 347 3551 ceps
360 3467 595 3531 intenderet.l’ost
608 3464 668 3518 baec
681 3460 717 3517 ad
731 3457 877 3515 ecclesiam
902 3451 995 3509 Sancti
1022 3452 1120 3563 Aac
1136 3467 1218 3526 quam
1231 3453 1261 3508 in
1274 3452 1403 3527 eligendo
1416 3470 1479 3511 eum
1493 3458 1640 3531 suggessit,
1668 3462 1704 3517 ad
1732 3465 1863 3526 honorem
1888 3473 1938 3531 nei

278 3566 354 3625 d'reae
367 3542 452 3629 veuit,
477 3565 504 3614 et
531 3557 689 3612 occurrente
716 3546 741 3605 ei
764 3544 869 3619 regina,
897 3546 1080 3613 susceptusa
1135 3550 1161 3598 et
1175 3549 1277 3597 sanctae
1290 3542 1394 3608 matris,
1422 3542 1624 3601 Cantuarieusis
1651 3548 1778 3609 videlicet
1791 3556 1935 3632 Ecclesia,

276 3650 447 3715 scholasticis
457 3654 483 3704 et
502 3644 591 3718 plebe,
607 3636 742 3712 pontificis
754 3635 814 3692 loco
830 3631 972 3690 suecessit.
1133 3636 1277 3701 spectaret,
1288 3644 1345 3685 non
1358 3632 1388 3685 nt
1402 3628 1536 3702 dignitate
1551 3633 1610 3703 jam
1624 3635 1779 3711 quingentis
1806 3646 1885 3704 annis
1899 3651 1936 3707 ab

312 3747 388 3801 Inter
420 3740 480 3795 hae
505 3745 624 3802 eousque
650 3728 815 3783 thurstanus
838 3720 1019 3777 Eboracensis
1052 3718 1081 3774 in
1133 3734 1166 3774 ea
1177 3718 1337 3775 inconcusse
1350 3733 1484 3790 possessa
1499 3719 1560 3789 ipse
1568 3724 1695 3792 perseia
1709 3729 1959 3795 nutritumhliumr

276 3827 474 3909 ,rausmarr'nis
494 3818 619 3894 partibus
631 3813 799 3881 morabatur,
827 3815 855 3868 et
868 3825 951 3881 supra
974 3821 1081 3863 memo·
1133 3815 1290 3873 evacuaret,
1304 3806 1461 3879 indignatus
1472 3806 1587 3864 nimium
1603 3811 1724 3882 quotidie
1741 3832 1813 3875 nova
1831 3822 1933 3892 placitu

276 3933 337 3980 rato
350 3918 460 3993 negotio
475 3932 524 3971 suo
542 3911 658 3969 viriliter
685 3905 825 3971 insudans,
858 3901 892 3957 ad
919 3900 971 3955 boc
998 3897 1081 3953 etiam
1134 3894 1348 3968 inistonegotio
1361 3895 1430 3951 inire
1453 3896 1558 3953 nescire
1580 3898 1691 3967 iuravit.
1718 3905 1760 3959 Ad
1788 3908 1849 3966 haec
1875 3913 1931 3986 ille,

278 4027 379 4086 regem
393 4006 545 4080 bogiorum
575 3995 748 4073 provocavit,
776 3998 909 4066 quatenus
936 3996 963 4045 et
987 3986 1081 4058 ponti·
1134 3989 1231 4039 vocato
1249 3983 1278 4038 in
1291 3982 1433 4039 consilium
1447 3986 1783 4065 suumtoanneepiscopo
1797 3996 1956 4060 clumbe--

279 4100 327 4157 fici
342 4096 547 4155 cantuariorum
562 4087 645 4145 semel
661 4092 687 4141 et
701 4083 761 4155 regi
776 4080 919 4137 Scotorum
947 4084 986 4134 ter
1013 4074 1082 4131 scri·
1135 4071 1222 4140 nensi,
1251 4078 1279 4127 et
1305 4070 1413 4128 duobus
1440 4074 1580 4131 monachis
1604 4076 1843 4143 cantuariensibus
1866 4106 1954 4163 quos·

281 4189 336 4263 ptis
349 4186 502 4251 mandaret,
528 4173 679 4235 nearrtille
704 4170 821 4228 electum
849 4166 940 4223 Sancti
967 4164 1082 4220 hadrae
1135 4167 1200 4217 tone
1213 4161 1445 4231 temporissecum
1470 4162 1599 4233 babebat,
1631 4167 1781 4229 sciscitatus
1805 4184 1845 4233 est
1872 4181 1938 4252 quid

280 4280 462 4339 consecraret,
478 4278 525 4326 nut
543 4265 659 4322 isteulla
677 4260 782 4317 ratione
814 4254 916 4311 sacrari
941 4254 1082 4326 permitte·
1135 4249 1164 4304 in
1191 4250 1238 4305 tali
1266 4266 1317 4306 suo
1342 4251 1453 4324 negotio
1479 4251 1531 4307 sibi
1558 4254 1654 4311 melius
1676 4258 1853 4321 decernerent
1878 4268 1937 4328 fore

280 4375 331 4424 ret.
352 4362 420 4433 Quae
435 4376 480 4416 res
494 4356 641 4413 multorum
654 4352 761 4407 animos
774 4344 929 4405 vulneravit
938 4351 963 4399 et
983 4344 1011 4398 in
1037 4342 1082 4398 di·
1136 4338 1287 4411 agendum.
1306 4339 1383 4395 Tuae
1395 4337 1436 4393 illi
1451 4355 1544 4411 regern
1556 4342 1697 4415 adeuntes,
1707 4356 1840 4409 etstatum
1853 4356 1937 4414 animi

284 4469 368 4513 versa
380 4448 513 4517 distraxit,
529 4453 555 4502 et
569 4444 696 4509 electum,
712 4454 748 4495 ne
776 4432 969 4491 christianitati
995 4433 1082 4489 corri-
1136 4427 1196 4498 ejus
1208 4442 1291 4498 super
1304 4426 1363 4483 viro
1378 4426 1484 4499 plenius
1498 4428 1659 4499 ediscentes,
1676 4435 1753 4506 quasi
1767 4454 1822 4495 non
1836 4442 1871 4499 ab
1891 4460 1935 4515 ao,

280 4542 381 4617 gendae
393 4539 459 4613 jure
478 4532 623 4609 pontificali
644 4528 805 4594 intenderet,
825 4539 879 4581 non
898 4536 990 4595 parum
1001 4521 1083 4577 debi-
1136 4516 1186 4573 sed
1200 4515 1360 4589 simpliciter
1372 4529 1390 4569 a
1404 4530 1433 4571 se
1447 4516 1551 4572 consilii
1564 4534 1670 4575 summa
1689 4526 1818 4597 prodiret,
1842 4530 1940 4592 intule-

282 4630 380 4688 litarit.
396 4625 515 4686 lindebi
531 4622 628 4694 quibus
640 4616 716 4676 cordi
737 4622 795 4671 crat
823 4613 878 4669 suis
900 4610 1083 4681 voluptatibus
1136 4612 1198 4661 runt
1208 4603 1311 4659 bomini
1321 4602 1380 4659 baeo
1395 4622 1402 4657 :
1420 4624 1433 4655 ι
1450 4603 1480 4659 Si
1493 4610 1523 4659 ut
1535 4602 1607 4660 tilius
1619 4608 1696 4678 pacis
1710 4610 1737 4666 in
1751 4629 1821 4684 paee
1846 4619 1938 4679 viam

281 4720 371 4793 magis
389 4731 471 4791 quam
485 4713 536 4770 liei
562 4706 727 4783 jussionibus
755 4703 945 4772 obtemperare
964 4700 1081 4755 roborati
1135 4693 1221 4765 cupis,
1242 4692 1378 4749 aliaseam
1391 4694 1506 4766 require.
1522 4694 1582 4764 llic,
1598 4696 1664 4752 dum
1695 4698 1746 4757 iste
1773 4711 1936 4784 regnaverit,

280 4816 354 4879 suut,
371 4814 397 4864 et
411 4803 540 4880 quoniam
554 4813 663 4856 suenum
677 4808 782 4851 morum
797 4790 991 4847 correctionem
1024 4789 1082 4844 lor·
1136 4780 1557 4855 nullatibietpacicommunio
1572 4785 1924 4856 env.1tovimush0ninem

282 4894 498 4964 midabant,1am
512 4888 599 4947 securi
617 4882 775 4941 irridebant.
800 4878 871 4949 Quid
901 4878 977 4949 plura
991 4877 1006 4931 ‘i
1024 4878 1081 4932 Rex
1095 4861 1122 4924 D
1136 4873 1197 4943 lpse
1210 4871 1239 4927 in
1251 4887 1336 4945 regno
1349 4887 1398 4927 suo
1412 4870 1469 4928 vult
1482 4888 1541 4928 esse
1555 4874 1647 4930 omnia
1657 4876 1741 4947 solus,
1775 4897 1828 4940 nee
1850 4860 1937 4945 susti:

283 4988 343 5061 ipse
367 4984 401 5041 ad
430 4981 504 5053 regis
530 4972 770 5050 Anglarumjussa
792 4982 952 5041 pavescens,
981 4980 1017 5021 ex
1032 4966 1085 5021 boc
1138 4959 1213 5015 nebit
1236 4966 1266 5014 ut
1305 4960 1408 5031 quevis
1436 4967 1556 5030 potestas
1589 4961 1648 5019 sine
1674 4966 1734 5036 ejus
1761 4968 1937 5042 dispositione

283 5075 423 5133 hominem
440 5068 555 5126 minoris
582 5064 654 5137 apud
679 5078 709 5118 se
723 5056 948 5116 honorishahere
972 5062 999 5110 et
1019 5070 1084 5110 sen·
1138 5043 1661 5117 quidquamiaaliquonegodopossiv,
1694 5049 1937 5118 lameuacerbatua

285 5162 338 5221 sim
368 5176 421 5218 sua
447 5156 530 5229 coepit
556 5152 728 5210 imminuere.
756 5145 837 5216 Quod
853 5145 912 5215 ipse
927 5143 1082 5211 advertens,
1138 5140 1338 5199 esifflssimic
1353 5132 1589 5206 einesstiiquttre,
1612 5152 1752 5211 uunquam
1781 5144 1828 5200 tibi
1856 5150 1936 5221 plene

284 5268 368 5325 seque
396 5247 546 5315 modicum,
575 5258 607 5299 eo
622 5238 673 5295 sibi
687 5236 814 5305 adverso,
830 5233 979 5289 secuudum
996 5230 1083 5287 Deum
1137 5222 1335 5288 reconciliatur,
1373 5220 1478 5276 etiamsi
1505 5222 1603 5279 uiderit
1631 5242 1723 5298 quare.
1752 5230 1937 5301 Quamobrem

284 5344 312 5398 in
327 5353 413 5413 regno
430 5334 503 5391 illius
516 5329 648 5406 proficere
662 5324 816 5383 certissime
830 5322 931 5390 sciens,
943 5319 1084 5392 proposuit
1138 5320 1183 5369 aut
1197 5310 1320 5383 linquere
1333 5318 1360 5366 te
1374 5316 1472 5366 cuncte
1484 5312 1592 5369 noveris
1604 5323 1740 5388 oportere,
1762 5328 1808 5377 nut
1834 5341 1936 5401 perpe-

285 5426 457 5488 Caotuariam
472 5423 522 5492 ire,
536 5428 563 5477 et
575 5418 640 5474 iude
653 5414 718 5488 quid
732 5412 783 5469 sibi
799 5410 969 5483 potissimum
996 5405 1083 5463 intuli
1138 5409 1184 5459 tuo
1198 5400 1271 5457 inter
1284 5399 1483 5468 Scotos,e0rum
1496 5416 1563 5457 usus
1576 5405 1726 5476 sequendo,
1738 5415 1937 5475 eonemqntm„

285 5533 369 5577 causa
396 5508 615 5587 ioretagendum
637 5502 781 5563 eonsilium
809 5514 910 5572 quaere.
939 5496 1018 5566 Quod
1045 5496 1083 5552 uti
1137 5498 1190 5547 tue
1216 5488 1330 5545 alutem
1356 5488 1385 5543 in
1411 5489 1562 5561 opprobrio
1575 5490 1659 5549 vitem
1681 5494 1792 5558 ducere.
1819 5501 1938 5573 Quodsi

285 5607 343 5681 regi
360 5602 486 5673 innotuit,
514 5598 584 5656 dixit
612 5610 674 5652 eum
694 5588 729 5649 ab
758 5587 880 5647 Ecclesia
894 5584 1083 5643 Cantauriensi
1137 5578 1279 5636 discedere
1294 5577 1389 5646 maris,
1413 5585 1441 5633 et
1453 5577 1584 5634 munium
1623 5598 1703 5654 quem
1730 5601 1843 5649 amana
1865 5592 1940 5655 iltius

283 5696 391 5770 penitus
405 5691 570 5759 absolutum,
585 5700 637 5743 nec
654 5683 765 5741 omnino
779 5676 883 5750 aliquid
895 5677 923 5731 in
936 5690 970 5731 ea
994 5674 1083 5747 parti·
1137 5666 1291 5741 suscepisti,
1306 5674 1334 5723 ct
1347 5667 1471 5722 baculum
1499 5683 1579 5740 quem
1607 5669 1728 5744 desuper
1744 5676 1830 5736 altare
1841 5680 1936 5753 tulisti,

285 5783 388 5857 cipium
417 5781 530 5850 habere,
545 5774 669 5848 sequela
686 5770 743 5829 vita
769 5784 817 5824 sua
840 5778 1001 5823 consensum
1027 5778 1084 5819 uon
1137 5756 1177 5814 illi
1190 5754 1300 5830 cogeris
1312 5754 1463 5813 restituere.
1492 5755 1620 5830 Alioquin
1647 5766 1746 5818 terram
1766 5781 1854 5838 auam,
1883 5770 1952 5829 nisi*

284 5874 473 5945 praebiturmn,
498 5876 528 5924 ut
545 5864 693 5938 episcopus
707 5857 806 5918 smtiae
821 5852 984 5911 subderetur
997 5851 1084 5925 ponti·
1136 5861 1198 5904 earu
1212 5844 1380 5902 usnmotsre
1391 5843 1516 5916 potueris
1543 5860 1599 5904 non
1617 5848 1778 5922 egredieris.
1799 5877 1812 5904 s
1827 5853 1937 5918 Adam

284 5960 330 6021 fici
345 5958 562 6021 cantuariorum.
593 5952 772 6029 Quibuscum
786 5948 845 6024 ipse
859 5942 984 6016 referret,
1009 5940 1083 6017 quod
1138 5942 1241 6013 quanta
1265 5933 1347 6008 dicta,
1362 5942 1463 6010 quanta
1483 5932 1589 6007 objecta
1615 5937 1681 6013 sint,
1703 5938 1935 6011 desciuisse
