4750 6725
212 597 214 622 ’
317 651 362 710 aaa
851 641 1403 712 sacrosanctorum-cmiv.

1906 661 1960 718 toa

347 807 357 830 ι
376 780 512 838 paschatis
527 781 681 856 episcopus,
698 797 795 838 servus
810 798 953 838 servorum
971 781 1029 849 bei,
1061 795 1108 834 ve·
1123 775 1152 835 Α
1166 779 1284 836 archivis
1300 781 1428 837 Ecclesiae
1444 780 1487 839 cui
1502 781 1668 853 praesidebat
1681 785 1874 854 servabantur,
1891 787 1962 844 sicut

313 871 425 930 nerabili
439 871 516 926 fratri
532 871 695 928 Willhelmo
725 870 941 943 bothontagensi
967 869 1108 941 episcopo,

314 960 428 1016 salutem
443 967 469 1015 et
485 960 665 1030 apostolicam
680 959 909 1016 benedictionem.

345 1049 445 1105 «Licet
463 1055 617 1106 causatus·
641 1051 767 1120 qualitas,
795 1071 806 1098 n
833 1056 888 1104 etc.
922 1047 984 1107 ttae
1004 1049 1035 1104 ia
1057 1049 1112 1102 Pa·

313 1137 453 1193 schalill.

348 1226 420 1282 hlisit
433 1241 541 1300 quoque
555 1227 684 1283 dominus
699 1242 769 1300 papa
786 1226 930 1300 epistolam
958 1227 1027 1282 hanc
1056 1227 1114 1280 hn-

314 1316 425 1372 selmo:

350 1429 362 1451 ι
382 1405 525 1462 Paschalis
541 1407 698 1480 episcopus,
710 1422 806 1464 servus
821 1419 962 1461 servorum
981 1403 1041 1472 bei,
1070 1419 1114 1458 re·

314 1493 430 1550 nerabili
444 1494 519 1550 fratri
534 1497 665 1552 anselmo
680 1495 865 1552 cantuariensi
876 1495 1014 1567 episcopo,
1041 1492 1115 1549 salu-

315 1591 366 1640 tern
383 1591 409 1639 et
420 1584 595 1656 apostolicam
610 1585 841 1642 benedictionem.

351 1695 362 1720 a
382 1671 462 1742 Quod
478 1673 587 1746 Anglici
604 1673 676 1746 regis
691 1689 748 1742 cor,
764 1695 778 1722 n
794 1679 847 1729 etc.
869 1671 938 1728 Vide
947 1671 1014 1728 ibid.

346 1761 396 1817 liis
423 1761 519 1821 diebus
545 1763 619 1818 venit
646 1761 847 1835 bothomagum
874 1760 1050 1817 boemundus
1066 1759 1114 1831 (a),

310 1867 382 1907 unus
397 1851 433 1907 de
447 1851 670 1908 nominatissimis
684 1849 937 1923 Hierosolymitanae
953 1850 1002 1907 via
1011 1849 1118 1920 princi-

1166 869 1311 938 astruebat,
1323 872 1452 943 scriptum
1468 873 1578 942 reperit.
1604 896 1615 922 n
1643 875 1675 928 bt
1702 873 1762 930 heo
1786 873 1844 930 illc.
1877 875 1967 948 Super

1167 958 1266 1028 quihus
1281 961 1425 1016 huselmus
1449 962 1595 1017 admodum
1611 962 1788 1032 exhilaratus,
1812 963 1879 1020 actis
1903 980 1967 1020 oum

1166 1047 1293 1118 pontifice
1307 1049 1561 1122 Rothomagensiet
1575 1052 1732 1106 boemundo
1756 1068 1790 1107 ac
1811 1052 1968 1126 Hierosoly·

1166 1137 1276 1191 mitanis
1291 1152 1353 1210 quae
1366 1138 1529 1194 videbantur
1543 1140 1660 1212 agenda,
1675 1140 1792 1198 beccum
1812 1142 1968 1199 revertitur.

1168 1227 1206 1280 hc
1220 1225 1320 1293 crines,
1334 1227 1472 1299 dequibus
1486 1229 1628 1299 praedictus
1636 1228 1716 1284 miles
1727 1228 1833 1286 locutus
1861 1225 1963 1300 loerai,

1169 1314 1296 1385 quoniam
1307 1315 1426 1384 carnoti,
1441 1314 1487 1371 ubi
1505 1316 1605 1372 familia
1619 1324 1645 1372 et
1660 1332 1729 1390 pene
1758 1325 1815 1374 tola
1840 1319 1967 1390 supellex

1170 1403 1319 1459 boemundi
1341 1404 1457 1459 reditum
1473 1405 1530 1476 ejus
1545 1406 1762 1477 praestolabatur,
1771 1415 1967 1478 remanserant,

1170 1492 1244 1547 missi
1274 1493 1308 1547 ab
1334 1493 1538 1565 archiepiscopo
1567 1496 1790 1568 Rothomagensi,
1819 1504 1844 1553 et
1871 1497 1971 1554 abbate

1171 1581 1298 1637 beccensi
1309 1582 1344 1654 (s)
1355 1581 1476 1654 religiosi
1491 1583 1595 1639 ordinis
1609 1583 1660 1638 vivi
1673 1593 1738 1639 sunt
1747 1585 1793 1655 qui
1802 1584 1864 1641 illos
1877 1585 1970 1642 deser-

1171 1670 1297 1725 resilit
1324 1670 1494 1727 factumest.
1524 1671 1814 1745 hppropinquantihus
1839 1673 1880 1730 cis
1919 1675 1965 1747 qui

1172 1759 1437 1833 quosbotbomagus
1450 1761 1551 1817 babere
1577 1761 1694 1817 debebat
1720 1763 1901 1834 apportabant
1918 1764 1972 1836 ipsi

1172 1847 1273 1904 civitati
1300 1848 1433 1919 adjunctis
1445 1849 1497 1904 sibi
1511 1849 1646 1905 canonicis
1661 1857 1687 1905 et
1700 1850 1774 1906 omni
1788 1849 1861 1907 clero
1871 1852 1970 1909 civita·

311 1941 400 2012 pibus,
417 1939 521 1996 hahens
536 1939 564 1995 in
586 1940 713 1997 comitatu
740 1956 789 1996 suo
812 1939 958 2010 quemdam
981 1937 1110 1994 bomanae
1123 1919 1151 1980 Β
1165 1935 1210 2004 lis,
1225 1952 1286 1993 cum
1300 1937 1442 1994 monachis
1457 1938 1548 1994 Sancti
1563 1938 1697 2008 andoeni,
1712 1954 1744 1994 ac
1759 1938 1839 1995 totius
1863 1941 1960 2012 populi

311 2028 443 2086 Ecclesiae
458 2029 637 2098 cardinalem,
653 2029 762 2086 nomine
790 2029 944 2084 bcunonem
971 2027 1019 2099 (b).
1045 2027 1114 2083 Huic

310 2115 1113 2192 eratmagistevmilitum,llgyrus(c)nominc,tirstrenuus,

311 2215 336 2264 et
351 2223 406 2262 non
423 2207 551 2280 ignobilis
560 2207 638 2264 lamae
646 2208 717 2262 inter
726 2222 799 2263 suos.
812 2205 914 2270 llic,ah
925 2204 1115 2261 adolescentia

311 2311 359 2352 sua
374 2303 455 2352 notus
466 2297 606 2364 llnselmo,
618 2297 702 2351 multa
718 2295 804 2351 luerat
816 2295 873 2365 ejus
888 2293 1018 2350 beneficia
1046 2309 1114 2351 cou-

312 2391 438 2442 secutus.
454 2384 631 2440 Familiariter
641 2384 803 2454 itaquecum
814 2399 846 2437 eo
861 2399 946 2454 agens
956 2381 1026 2437 inter
1050 2383 1114 2453 plu-

316 2473 384 2528 rima
400 2489 461 2544 quae
472 2473 524 2546 ipsi
541 2473 574 2528 de
590 2473 723 2545 superatis
738 2471 825 2540 bellis,
841 2471 997 2526 deurhihus
1016 2471 1112 2542 captis,

311 2563 345 2618 dc
359 2563 414 2618 situ
428 2563 553 2619 locorum
568 2562 682 2634 aliisque
693 2561 829 2616 nonnullis
858 2575 919 2632 quae
946 2559 974 2614 in
998 2559 1115 2632 expedi-

310 2653 390 2707 tione
406 2648 651 2721 bierosolymitaaa
661 2653 804 2722 acceperat
819 2648 976 2705 delectabili
1005 2649 1115 2704 allocu-

313 2739 389 2796 tione
404 2739 543 2795 disseruit.
555 2738 636 2809 Quod
650 2739 749 2794 multas
760 2745 914 2793 sanctorum
927 2736 1058 2809 reliquias
1068 2738 1116 2793 ha·

309 2829 399 2894 beret,
412 2843 520 2901 quoque
534 2827 617 2884 modo
632 2843 678 2883 cas
693 2827 807 2898 adeptus
835 2826 915 2882 luerit
940 2825 1055 2896 apernit.
1084 2829 1115 2882 ln

310 2917 423 2988 quihus,
438 2917 494 2972 imo
508 2931 592 2989 super
605 2915 730 2972 omnihus
745 2919 815 2986 quas·
836 2913 961 2984 babebat,
976 2917 1116 2988 praecipuo

309 3005 446 3078 gloriatus
463 3005 544 3061 estde
556 3004 663 3077 capillis
677 3003 765 3060 beata
776 3004 869 3060 matris
880 3003 928 3058 bei
940 3005 1039 3074 llariae,
1052 3020 1116 3076 qno·

306 3111 370 3150 rum
386 3093 493 3165 aliquos
507 3093 559 3148 sibi
574 3094 653 3150 datos
667 3092 773 3150 ferebat
797 3109 813 3148 a
840 3093 997 3164 patriarcha
1017 3094 1114 3150 Antio·

307 3185 400 3240 cheno
413 3183 463 3254 (d),
480 3183 525 3238 ubi
537 3181 728 3256 magistratum
743 3181 858 3238 militum
887 3181 944 3252 ipsc
969 3182 1020 3237 sub
1047 3182 1114 3238 boc-

1168 2025 1312 2081 innumera
1326 2026 1510 2097 multitudine,
1534 2027 1655 2098 pontilex
1685 2028 1767 2099 longa
1793 2029 1969 2100 processione

1169 2114 1286 2171 devotus
1301 2116 1426 2184 occurrit,
1438 2124 1464 2171 et
1479 2125 1579 2188 quanto
1590 2116 1676 2188 potuit
1688 2118 1792 2173 honore
1819 2126 1963 2189 susceptos

1172 2204 1200 2259 in
1214 2205 1357 2260 ecclesiam
1372 2206 1467 2260 detulit
1482 2209 1508 2260 et
1518 2205 1656 2261 sacratiori
1670 2206 1732 2263 loco
1746 2207 1876 2278 reposuit.
1893 2206 1971 2278 Qua·

1171 2301 1330 2349 tuurautem
1342 2309 1375 2348 ex
1390 2295 1443 2348 illis
1456 2294 1571 2350 beccum
1588 2294 1669 2349 delati
1684 2303 1755 2360 sunt,
1767 2311 1882 2365 quorum
1906 2297 1974 2354 duos

1171 2383 1222 2454 ipsi
1237 2383 1298 2439 loco
1314 2382 1436 2439 residuos
1444 2383 1586 2438 huselmus
1600 2390 1752 2440 reverenter
1771 2383 1822 2438 sibi
1849 2385 1968 2456 excepit.

1172 2472 1302 2544 blihique,
1331 2479 1424 2543 utpote
1451 2472 1497 2542 qni
1523 2472 1636 2543 capellae
1662 2471 1734 2526 illius
1761 2481 1852 2528 custos
1893 2489 1970 2530 eram

1171 2568 1252 2630 atque
1266 2560 1425 2631 dispositor,
1441 2560 1636 2616 custodiendos
1661 2561 1873 2628 commendavit,
1899 2562 1974 2633 quod

1169 2665 1254 2718 usque
1269 2647 1349 2704 bodie
1377 2647 1457 2704 iacio.
1488 2647 1561 2716 Quid
1588 2647 1681 2721 itaque
1710 2648 1745 2704 de
1769 2648 1826 2704 istis
1850 2650 1968 2706 aliorum

1169 2753 1264 2792 sensus
1278 2736 1378 2792 habeat
1397 2735 1501 2792 nescio.
1530 2737 1590 2808 Ego
1619 2744 1709 2792 tamen
1736 2737 1886 2795 certissime
1913 2739 1971 2796 scio

1170 2825 1313 2882 dominum
1328 2832 1354 2880 et
1367 2824 1546 2881 reverendum
1561 2825 1670 2881 Patrem
1692 2826 1851 2882 hnsalmum
1875 2841 1924 2883 eos
1941 2828 1971 2882 in

1170 2931 1271 2988 magna
1284 2930 1391 2986 semper
1413 2912 1589 2970 veneratione
1617 2913 1754 2984 habuisse,
1784 2923 1812 2970 et
1837 2916 1973 2986 meipsum

1169 3006 1249 3061 sacro
1264 3011 1291 3059 el
1304 3004 1401 3077 grandi
1417 3003 1602 3075 experimento
1615 3003 1732 3059 sensisse
1746 3018 1877 3077 magnum
1903 3004 1970 3076 quid

1169 3101 1196 3150 ct
1219 3093 1321 3148 mundo
1349 3092 1572 3164 amplectendum
1588 3092 1699 3166 insigne
1720 3092 1870 3150 sanctitatis
1913 3093 1968 3150 illis

1171 3183 1271 3238 inesse.
1288 3182 1329 3236 be
1344 3181 1386 3235 his
1401 3181 1448 3237 ita.

309 3272 416 3328 mundo
430 3272 539 3345 agebat.
551 3271 584 3328 bt
594 3271 694 3327 adhaeo
703 3270 791 3326 intulit
804 3287 811 3325 ι
825 3293 836 3319 ι
854 3271 908 3326 llos
926 3271 1048 3343 capillos,
1073 3271 1149 3338 lac
1200 3273 1293 3341 ltaque
1305 3267 1460 3327 Willelmns
1470 3269 1519 3342 (p),
1533 3270 1579 3325 ubi
1594 3270 1629 3325 ad
1643 3286 1737 3343 regem
1751 3271 1779 3325 in
1793 3271 1893 3343 huglia
1917 3287 1965 3330 ve·

308 3368 381 3431 teor,
393 3361 532 3433 suscipere
540 3378 621 3416 ansus
630 3376 685 3415 non
696 3358 845 3429 inissem,si
862 3376 905 3415 me
916 3375 993 3417 amor
1018 3359 1113 3431 patriae
1168 3362 1217 3431 nit,
1233 3368 1260 3416 ct
1275 3359 1300 3415 ei
1315 3376 1376 3431 quac
1390 3358 1424 3415 de
1437 3357 1548 3432 negotio
1558 3358 1617 3430 ejas
1631 3359 1666 3416 ad
1681 3361 1832 3417 bomnnum
1860 3361 1966 3432 pontiti·

308 3452 392 3508 istius
404 3451 431 3506 iu
446 3458 586 3523 quauatus
601 3449 640 3503 lui
653 3457 680 3505 et
694 3449 823 3505 educatus
838 3448 872 3505 ad
896 3450 948 3505 hoo
974 3465 1028 3505 nou
1055 3450 1111 3505 ani·
1168 3466 1228 3508 cem
1239 3456 1300 3505 acta
1314 3447 1420 3504 lucrant
1433 3448 1663 3517 enarravit,lactus
1678 3447 1725 3505 ille
1740 3449 1774 3504 ad
1783 3449 1884 3518 audita,
1897 3450 1970 3508 illico

309 3546 425 3596 mosset.
436 3537 588 3611 Sperabam
598 3539 670 3593 enim
686 3554 730 3594 me
745 3538 798 3593 huc
812 3538 975 3610 quandoque
996 3555 1112 3609 pervcn-
1167 3539 1328 3595 Anselmum
1342 3538 1375 3591 ad
1391 3538 1540 3593 Ecclesiam
1554 3552 1632 3591 suam
1654 3538 1741 3592 redire
1767 3552 1818 3609 per
1840 3540 1969 3595 eumdem

310 3636 413 3697 turum,
426 3636 452 3684 et
472 3627 536 3700 ipsis
559 3626 630 3683 hanc
653 3640 741 3682 meam
766 3626 880 3695 patriam
898 3626 1112 3683 sublimaturum.
1168 3627 1357 3683 willhelmum
1370 3624 1519 3697 postulavit
1534 3625 1595 3696 ;qui
1608 3624 1894 3693 Willhelmus,adnos
1908 3636 1971 3699 post

309 3715 536 3789 Quoniamigitur
545 3714 653 3787 illaspe,
663 3722 824 3788 protegente
833 3714 959 3785 bomine,
969 3715 1114 3773 fraudatus
1167 3730 1270 3789 paucos
1284 3714 1342 3769 dies
1351 3729 1486 3783 reversus,
1510 3714 1670 3770 llnselmntn
1696 3712 1831 3768 iulirmum
1855 3714 1967 3786 invenit,

309 3803 1114 3876 nonaum,duosexipsishuicbetelesiaequaetotiusNorth·
1168 3814 1195 3861 et
1208 3804 1288 3861 valde
1302 3802 1478 3861 conturbatus
1501 3807 1551 3858 est.
1571 3802 1638 3857 brat
1661 3801 1733 3857 enim
1761 3803 1902 3873 tuncjam
1927 3806 1964 3861 ad

308 3892 429 3951 mauniae
440 3892 621 3965 principatum
631 3891 734 3947 obtinet
748 3890 965 3961 Christianitatis,
978 3893 1043 3948 dare
1053 3893 1114 3949 dis·
1166 3893 1320 3949 libertatem
1331 3890 1459 3948 Ecclesia·
1469 3891 1519 3947 Dei
1534 3906 1584 3948 cor
1594 3889 1711 3956 hahens,
1723 3899 1759 3960 et,
1780 3890 1807 3945 in
1832 3899 1967 3964 quantum

307 3984 389 4057 posui
400 4002 408 4051 ;
420 3982 614 4039 duosahbatiae
628 3981 700 4037 Beati
711 3981 794 4051 Petri,
804 3988 830 4036 ct
859 3981 950 4037 Sancti
970 3981 1106 4053 hudoeni,
1167 3991 1283 4056 poterat,
1298 3982 1535 4053 solliciteuperam
1551 3980 1619 4036 daus
1631 3988 1659 4036 ut
1671 3979 1821 4036 Anselmus
1834 3997 1892 4038 suaa
1904 3982 1964 4039 sedi

306 4070 556 4131 duosmonasterio
573 4070 695 4143 ejusdem
712 4069 829 4142 Virginis
844 4070 994 4143 virginum,
1011 4071 1039 4126 in
1054 4089 1108 4144 quo
1163 4073 1274 4145 inpane
1298 4078 1324 4127 et
1348 4072 1451 4127 honore
1474 4069 1669 4127 restitueretur.
1699 4070 1811 4126 Timeas
1836 4086 1904 4143 erqo
1930 4088 1965 4128 ne

307 4162 360 4219 sub
373 4169 418 4218 tuo
430 4160 581 4234 patrocinio
597 4158 632 4215 ad
646 4166 753 4216 etatem
764 4158 1029 4231 hominisprovcctus
1038 4179 1108 4231 sum,
1164 4162 1257 4217 virum
1273 4160 1325 4217 loci
1340 4176 1371 4216 ao
1386 4160 1498 4215 fratrum
1509 4175 1588 4215 amor
1601 4175 1657 4216 non
1670 4159 1760 4215 miuus
1774 4174 1855 4231 quam
1869 4176 1965 4234 eaque

307 4261 333 4309 et
348 4250 490 4307 duostibi.
506 4248 658 4304 Duodecim
673 4248 746 4304 enim
772 4264 885 4304 numero
915 4249 949 4305 dc
973 4249 1027 4305 illis
1042 4250 1109 4307 mihi
1165 4250 1330 4325 gravabatur
1355 4249 1479 4321 corporis
1501 4248 1656 4305 invaletudo
1676 4247 1711 4303 ab
1738 4248 1832 4305 itinere
1860 4251 1966 4324 angliae

307 4336 441 4412 praelatus
456 4334 602 4406 episcopus
610 4334 693 4403 dedit,
715 4340 871 4390 contestans
894 4332 963 4403 illos,
991 4334 1026 4389 ab
1053 4336 1112 4407 ipsa
1165 4339 1337 4412 praepediret,
1347 4337 1435 4393 modis
1448 4337 1547 4408 quibus
1561 4344 1675 4409 poterat,
1686 4344 1741 4393 tam
1754 4352 1804 4408 per
1825 4354 1855 4394 se
1884 4355 1965 4409 quam

308 4426 423 4484 domina
437 4423 546 4480 sibimet
560 4422 669 4479 avulsos
679 4422 726 4493 (a),
743 4436 804 4478 cum
816 4423 895 4494 juxta
922 4438 1029 4479 crucem
1051 4424 1112 4480 Filii
1167 4436 1194 4485 et
1204 4444 1252 4500 per
1265 4443 1317 4483 nos
1332 4426 1377 4499 qui
1392 4442 1484 4482 secum
1497 4441 1617 4492 eramus,
1630 4440 1712 4497 agere
1725 4426 1817 4496 ooepit,
1847 4427 1963 4497 qualiter

308 4517 352 4573 sui
368 4522 442 4571 stans
451 4512 558 4588 gladius
571 4512 689 4567 animam
720 4510 780 4583 ejus
806 4511 985 4584 pertransivit,
1014 4529 1113 4571 secun·
1166 4517 1254 4574 virum
1268 4514 1329 4572 loco
1352 4513 1490 4583 evelleret,
1516 4520 1542 4569 et
1564 4513 1592 4569 in
1619 4512 1671 4570 iter
1689 4513 1762 4585 quod
1786 4512 1964 4572 desiderabat

310 4606 379 4661 dum
393 4602 466 4675 quod
480 4601 507 4658 iu
515 4599 687 4672 antiquarum
698 4600 880 4657 monumentis
890 4599 1038 4657 litteramm
1051 4622 1113 4675 quae
1125 4632 1151 4698 D
1170 4610 1348 4680 promoveret.
1361 4602 1512 4659 Praemissis
1525 4602 1609 4675 igitur
1635 4601 1763 4675 precibus
1780 4600 1878 4673 quibus
1897 4617 1959 4661 eum

307 4708 420 4768 magnae
444 4690 611 4749 auctoritatis
639 4688 711 4765 apud
738 4689 800 4746 illos
825 4689 1003 4762 habebantur,
1029 4700 1055 4749 ot
1082 4695 1110 4751 in
1165 4701 1282 4767 exparte
1307 4691 1412 4750 domiui
1432 4691 1473 4747 sui
1495 4692 1571 4763 regis
1598 4689 1751 4765 angtorum
1774 4689 1957 4762 interpebavit

958 4870 1169 4931 nnttscttstttt
1183 4872 1298 4931 NOTAE.

343 5051 383 5121 (a)
398 5045 587 5116 Boemnndus,
602 5041 729 5119 princeps
757 5046 916 5118 Antiochia,
940 5046 1017 5106 duxit
1043 5048 1111 5106 Car·
1162 5047 1251 5108 stolici
1263 5046 1430 5121 capellanus,
1445 5044 1602 5105 valentinas
1615 5043 1742 5117 Francus,
1757 5054 1787 5105 ut
1810 5053 1853 5106 eat
1876 5045 1951 5123 apud

300 5122 361 5179 noti
377 5134 449 5177 auno
464 5122 533 5175 tlon
548 5126 608 5189 post
617 5118 716 5173 Pascha
725 5116 808 5174 liliam
823 5119 938 5191 Philippi
947 5120 1110 5194 reqisbran-
1163 5122 1275 5194 'l'yrium
1288 5122 1318 5178 in
1327 5120 1380 5178 line
1395 5118 1442 5176 lib.
1456 5134 1494 5175 vt.
1503 5120 1544 5174 hh
1557 5120 1683 5176 alterutro
1694 5128 1814 5193 acceptae
1827 5122 1950 5195 reliquiae

300 5190 606 5262 corum,Conatantiam
633 5188 745 5259 dictam,
770 5197 832 5247 ante
860 5194 972 5263 nuptam
1000 5192 1110 5266 llngoui
1163 5194 1281 5250 luerent·

300 5264 400 5325 comiti
415 5262 553 5320 Trecenei.
1198 5265 1238 5337 (a)
1250 5264 1384 5320 beccense
1399 5262 1594 5319 monasterium
1607 5259 1748 5335 intelligit,
1777 5271 1806 5318 ut
1829 5260 1900 5319 inira
1910 5262 1948 5318 li-

342 5335 378 5406 (b)
396 5336 450 5391 llio
463 5342 505 5389 est
519 5332 548 5389 S.
560 5330 659 5401 bruno,
674 5331 820 5403 opiscopus
833 5332 861 5389 Sl
883 5334 982 5403 nimus,
1008 5334 1108 5392 colitur
1162 5342 1237 5409 quet,
1252 5335 1281 5389 iu
1294 5349 1349 5407 quo
1362 5334 1480 5405 priorem
1491 5334 1619 5389 abbatem
1634 5334 1892 5407 Anselmuseperat.

301 5408 339 5463 18
353 5406 426 5475 lulli,
443 5404 559 5462 sednon
575 5402 681 5459 videtur
699 5402 845 5484 cardinalis
860 5350 955 5475 fuisse,
971 5407 1016 5463 vel
1037 5406 1106 5479 ipse,
1196 5407 1231 5477 (st
1245 5406 1320 5461 hicet
1333 5406 1385 5460 hoc
1398 5408 1429 5459 ul
1440 5420 1457 5459 a
1470 5405 1532 5460 rudi
1542 5404 1699 5477 posteritate
1720 5403 1878 5474 confictum,
1892 5422 1948 5462 uon

298 5476 348 5535 vel
361 5476 432 5533 alius
446 5492 479 5533 eo
492 5482 614 5546 tempore
629 5476 718 5529 bruno
741 5474 839 5532 dactus.
1160 5477 1301 5535 credamus
1317 5492 1325 5547 ς
1341 5476 1414 5547 ipsos
1428 5480 1518 5532 umen
1531 5475 1645 5548 capillos
1655 5490 1717 5532 cum
1732 5476 1947 5534 reverentiaho·

340 5551 377 5620 (a)
391 5548 497 5605 Nomen
514 5546 660 5603 tameubio
687 5544 794 5619 llgyrus
818 5560 872 5601 non
905 5544 997 5617 habet,
1034 5546 1107 5619 quod
1160 5562 1303 5603 novamus.

299 5619 398 5687 sciam,
414 5619 442 5674 in
457 5616 588 5674 Orientali
602 5616 727 5673 historia.
1198 5619 1235 5700 (p)
1250 5607 1418 5673 willielmus
1430 5616 1465 5673 de
1475 5615 1629 5676 hlontelorti
1642 5614 1687 5675 hic
1700 5615 1751 5673 luit
1775 5617 1886 5675 babenti
1909 5631 1952 5675 co·

339 5690 379 5761 (d)
396 5688 483 5761 Capta
496 5702 569 5745 anno
582 5690 650 5745 tosa
660 5687 812 5755 antiochia,
824 5685 936 5744 relictus
946 5695 988 5744 est
1003 5686 1030 5744 in
1059 5704 1107 5745 sua
1161 5689 1234 5745 mitis
1247 5688 1420 5744 dellelleuto
1439 5705 1477 5745 sae
1497 5704 1514 5744 e
1537 5688 1669 5745 nominati
1695 5688 1885 5756 consobrinus,
1910 5690 1947 5745 ad

297 5760 436 5845 dignitate
448 5760 569 5816 loannes
582 5759 746 5841 patriarcha,
758 5759 883 5840 egregius
897 5759 948 5815 sub
977 5758 1107 5816 Sarrace-
1161 5760 1223 5832 ipso
1253 5758 1383 5817 anselmo
1409 5775 1459 5831 per
1479 5705 1587 5816 {iberas
1612 5758 1793 5841 beccensibus
1807 5760 1948 5817 monachis

297 5832 505 5891 mrseoulessor
514 5830 577 5887 :sed
590 5833 644 5889 hoc
658 5838 727 5887 antra
741 5830 880 5886 biennium
895 5830 966 5887 ultro
981 5831 1105 5898 cedente,
1162 5830 1377 5901 commendatus,
1392 5838 1422 5888 nt
1435 5830 1460 5889 ei
1481 5830 1632 5904 praelationi
1659 5830 1817 5902 aptissimus
1839 5844 1947 5903 :quam

296 5904 416 5979 quodse
432 5902 570 5961 hominem
594 5902 717 5961 Graecum
745 5901 851 5958 videret
878 5915 934 5958 non
962 5904 1107 5961 commoda
1161 5902 1342 5976 tenuitusque
1356 5902 1504 5959 manuum
1518 5903 1598 5961 ttat.
1613 5900 1945 5961 Pleravideiulieustria

295 5992 423 6055 praeesse
439 5974 552 6047 Latinis,
568 5972 669 6033 electus
690 5979 731 6031 est
753 5973 916 6045 Barnardus,
939 5972 1023 6051 legati
1041 5988 1107 6051 apo·
1161 5974 1209 6051 pia
1221 5973 1314 6033 arturi
1327 5972 1364 6033 da
1377 5974 1516 6034 bonsticr.
