<?xml version="1.0" encoding="UTF-8"?>
<!DOCTYPE html PUBLIC "-//W3C//DTD XHTML 1.0 Transitional//EN"
    "http://www.w3.org/TR/xhtml1/DTD/xhtml1-transitional.dtd">
<html xmlns="http://www.w3.org/1999/xhtml" xml:lang="en" lang="en">
 <head>
  <title>
</title>
<meta http-equiv="Content-Type" content="text/html;charset=utf-8" />
  <meta name='ocr-system' content='tesseract 3.04.00' />
  <meta name='ocr-capabilities' content='ocr_page ocr_carea ocr_par ocr_line ocrx_word'/>
</head>
<body>
  <div class='ocr_page' id='page_1' title='image "./patrologiaecurs91unkngoog_0035.png"; bbox 0 0 4750 6725; ppageno 0'>
   <div class='ocr_carea' id='block_1_1' title="bbox 305 626 1979 702">
    <p class='ocr_par' dir='ltr' id='par_1_1' title="bbox 305 626 1979 702">
     <span class='ocr_line' id='line_1_1' title="bbox 305 626 1979 702; baseline 0.013 -23"><span class='ocrx_word' id='word_1_1' title='bbox 305 626 343 680; x_wconf 86' lang='lat' dir='ltr'><strong>til</strong></span> <span class='ocrx_word' id='word_1_2' title='bbox 952 629 1018 686; x_wconf 80' lang='lat' dir='ltr'><strong>Liri.</strong></span> <span class='ocrx_word' id='word_1_3' title='bbox 1039 627 1087 696; x_wconf 82' lang='lat'><strong>111,</strong></span> <span class='ocrx_word' id='word_1_4' title='bbox 1108 631 1219 689; x_wconf 84' lang='lat' dir='ltr'><strong>EPIST.</strong></span> <span class='ocrx_word' id='word_1_5' title='bbox 1238 636 1342 695; x_wconf 85' lang='lat' dir='ltr'><strong>xxxi.</strong></span> <span class='ocrx_word' id='word_1_6' title='bbox 1944 646 1979 702; x_wconf 64' lang='grc' dir='ltr'><strong>ΕΞ</strong></span> 
     </span>
    </p>
   </div>
   <div class='ocr_carea' id='block_1_2' title="bbox 305 751 1981 840">
    <p class='ocr_par' dir='ltr' id='par_1_2' title="bbox 305 751 1981 840">
     <span class='ocr_line' id='line_1_2' title="bbox 305 751 1981 840; baseline 0.011 -34"><span class='ocrx_word' id='word_1_7' title='bbox 305 751 446 808; x_wconf 84' lang='lat' dir='ltr'><strong>cessibus</strong></span> <span class='ocrx_word' id='word_1_8' title='bbox 460 752 595 808; x_wconf 88' lang='lat' dir='ltr'><strong>debemus</strong></span> <span class='ocrx_word' id='word_1_9' title='bbox 614 767 726 820; x_wconf 82' lang='lat' dir='ltr'><strong>carere,</strong></span> <span class='ocrx_word' id='word_1_10' title='bbox 757 762 858 826; x_wconf 84' lang='lat' dir='ltr'><strong>quanto</strong></span> <span class='ocrx_word' id='word_1_11' title='bbox 883 771 931 812; x_wconf 87' lang='lat' dir='ltr'><strong>eoa</strong></span> <span class='ocrx_word' id='word_1_12' title='bbox 959 757 1128 827; x_wconf 80' lang='lat' dir='ltr'><strong>frequentius</strong></span> <span class='ocrx_word' id='word_1_13' title='bbox 1142 756 1170 816; x_wconf 86' lang='grc' dir='ltr'><strong>Α</strong></span> <span class='ocrx_word' id='word_1_14' title='bbox 1184 768 1230 814; x_wconf 85' lang='grc' dir='ltr'><strong>ιιι</strong></span> <span class='ocrx_word' id='word_1_15' title='bbox 1245 759 1369 826; x_wconf 86' lang='lat' dir='ltr'><strong>lectione,</strong></span> <span class='ocrx_word' id='word_1_16' title='bbox 1385 762 1577 831; x_wconf 88' lang='lat' dir='ltr'><strong>autoratione,</strong></span> <span class='ocrx_word' id='word_1_17' title='bbox 1608 769 1656 822; x_wconf 89' lang='lat' dir='ltr'><strong>aut</strong></span> <span class='ocrx_word' id='word_1_18' title='bbox 1669 763 1791 838; x_wconf 87' lang='lat' dir='ltr'><strong>psalmis,</strong></span> <span class='ocrx_word' id='word_1_19' title='bbox 1815 774 1861 826; x_wconf 85' lang='lat' dir='ltr'><strong>aut</strong></span> <span class='ocrx_word' id='word_1_20' title='bbox 1889 769 1981 840; x_wconf 85' lang='lat' dir='ltr'><strong>aliqua</strong></span> 
     </span>
    </p>
   </div>
   <div class='ocr_carea' id='block_1_3' title="bbox 307 841 1123 1004">
    <p class='ocr_par' dir='ltr' id='par_1_3' title="bbox 307 841 1123 1004">
     <span class='ocr_line' id='line_1_3' title="bbox 307 841 1122 916; baseline 0.002 -18"><span class='ocrx_word' id='word_1_21' title='bbox 307 841 517 912; x_wconf 68' lang='lat' dir='ltr'><strong>coffnoecimns</strong></span> <span class='ocrx_word' id='word_1_22' title='bbox 531 857 562 898; x_wconf 89' lang='lat' dir='ltr'><strong>se</strong></span> <span class='ocrx_word' id='word_1_23' title='bbox 578 843 659 898; x_wconf 90' lang='lat' dir='ltr'><strong>nohis</strong></span> <span class='ocrx_word' id='word_1_24' title='bbox 670 843 809 912; x_wconf 76' lang='lat' dir='ltr'>ingerere,</span> <span class='ocrx_word' id='word_1_25' title='bbox 826 851 853 900; x_wconf 89' lang='lat' dir='ltr'><strong>et</strong></span> <span class='ocrx_word' id='word_1_26' title='bbox 880 851 984 916; x_wconf 88' lang='lat' dir='ltr'><strong>quanto</strong></span> <span class='ocrx_word' id='word_1_27' title='bbox 998 846 1122 901; x_wconf 85' lang='lat' dir='ltr'><strong>callidius</strong></span> 
     </span>
     <span class='ocr_line' id='line_1_4' title="bbox 307 927 1123 1004; baseline 0.006 -22"><span class='ocrx_word' id='word_1_28' title='bbox 307 927 453 998; x_wconf 75' lang='lat' dir='ltr'>deceptor</span> <span class='ocrx_word' id='word_1_29' title='bbox 465 938 559 985; x_wconf 89' lang='lat' dir='ltr'><strong>noster</strong></span> <span class='ocrx_word' id='word_1_30' title='bbox 574 929 674 985; x_wconf 86' lang='lat' dir='ltr'><strong>nnllam</strong></span> <span class='ocrx_word' id='word_1_31' title='bbox 691 931 718 985; x_wconf 94' lang='lat' dir='ltr'><strong>iii</strong></span> <span class='ocrx_word' id='word_1_32' title='bbox 735 931 775 986; x_wconf 87' lang='lat' dir='ltr'><strong>eis</strong></span> <span class='ocrx_word' id='word_1_33' title='bbox 791 947 851 988; x_wconf 83' lang='lat' dir='ltr'><strong>esse</strong></span> <span class='ocrx_word' id='word_1_34' title='bbox 863 933 981 1004; x_wconf 80' lang='lat' dir='ltr'><strong>culpam,</strong></span> <span class='ocrx_word' id='word_1_35' title='bbox 998 941 1043 988; x_wconf 89' lang='lat' dir='ltr'><strong>aut</strong></span> <span class='ocrx_word' id='word_1_36' title='bbox 1053 949 1123 989; x_wconf 88' lang='lat' dir='ltr'><strong>cori·</strong></span> 
     </span>
    </p>
   </div>
   <div class='ocr_carea' id='block_1_4' title="bbox 308 1018 1128 1713">
    <p class='ocr_par' dir='ltr' id='par_1_4' title="bbox 308 1018 1128 1713">
     <span class='ocr_line' id='line_1_5' title="bbox 308 1018 1122 1092; baseline 0.007 -22"><span class='ocrx_word' id='word_1_37' title='bbox 308 1019 510 1080; x_wconf 81' lang='lat' dir='ltr'><strong>temnendam,</strong></span> <span class='ocrx_word' id='word_1_38' title='bbox 535 1018 558 1072; x_wconf 87' lang='lat' dir='ltr'><strong>si</strong></span> <span class='ocrx_word' id='word_1_39' title='bbox 577 1023 694 1091; x_wconf 85' lang='lat' dir='ltr'><strong>quaest,</strong></span> <span class='ocrx_word' id='word_1_40' title='bbox 722 1019 814 1075; x_wconf 89' lang='lat' dir='ltr'><strong>nititur</strong></span> <span class='ocrx_word' id='word_1_41' title='bbox 837 1021 917 1076; x_wconf 92' lang='lat' dir='ltr'><strong>nobis</strong></span> <span class='ocrx_word' id='word_1_42' title='bbox 944 1021 1122 1092; x_wconf 88' lang='lat' dir='ltr'><strong>persuadere.</strong></span> 
     </span>
     <span class='ocr_line' id='line_1_6' title="bbox 308 1105 1123 1181; baseline 0.006 -22"><span class='ocrx_word' id='word_1_43' title='bbox 308 1105 401 1174; x_wconf 88' lang='lat' dir='ltr'><strong>Quod</strong></span> <span class='ocrx_word' id='word_1_44' title='bbox 416 1106 574 1162; x_wconf 83' lang='lat' dir='ltr'><strong>nouaclum</strong></span> <span class='ocrx_word' id='word_1_45' title='bbox 593 1107 621 1162; x_wconf 91' lang='lat' dir='ltr'><strong>iri</strong></span> <span class='ocrx_word' id='word_1_46' title='bbox 635 1107 966 1181; x_wconf 81' lang='lat' dir='ltr'><strong>exterioribnaoperibus,</strong></span> <span class='ocrx_word' id='word_1_47' title='bbox 981 1111 1123 1166; x_wconf 89' lang='lat' dir='ltr'><strong>sedetiam</strong></span> 
     </span>
     <span class='ocr_line' id='line_1_7' title="bbox 309 1193 1125 1268; baseline 0.007 -21"><span class='ocrx_word' id='word_1_48' title='bbox 309 1193 342 1247; x_wconf 90' lang='lat' dir='ltr'><strong>in</strong></span> <span class='ocrx_word' id='word_1_49' title='bbox 359 1193 470 1250; x_wconf 88' lang='lat' dir='ltr'><strong>intimis</strong></span> <span class='ocrx_word' id='word_1_50' title='bbox 492 1195 703 1267; x_wconf 87' lang='lat' dir='ltr'><strong>cogitationibus</strong></span> <span class='ocrx_word' id='word_1_51' title='bbox 717 1195 827 1252; x_wconf 90' lang='lat' dir='ltr'><strong>debetis</strong></span> <span class='ocrx_word' id='word_1_52' title='bbox 851 1214 972 1268; x_wconf 86' lang='lat' dir='ltr'><strong>servare,</strong></span> <span class='ocrx_word' id='word_1_53' title='bbox 1001 1215 1052 1255; x_wconf 91' lang='lat' dir='ltr'><strong>nec</strong></span> <span class='ocrx_word' id='word_1_54' title='bbox 1070 1199 1125 1253; x_wconf 91' lang='lat' dir='ltr'><strong>mi-</strong></span> 
     </span>
     <span class='ocr_line' id='line_1_8' title="bbox 311 1283 1125 1360; baseline 0.006 -24"><span class='ocrx_word' id='word_1_55' title='bbox 311 1298 374 1337; x_wconf 85' lang='lat' dir='ltr'><strong>nus</strong></span> <span class='ocrx_word' id='word_1_56' title='bbox 387 1283 446 1338; x_wconf 80' lang='lat' dir='ltr'><strong>beo</strong></span> <span class='ocrx_word' id='word_1_57' title='bbox 455 1283 604 1354; x_wconf 88' lang='lat' dir='ltr'><strong>displicere</strong></span> <span class='ocrx_word' id='word_1_58' title='bbox 618 1283 792 1340; x_wconf 74' lang='lat' dir='ltr'><strong>indecentem</strong></span> <span class='ocrx_word' id='word_1_59' title='bbox 818 1287 1013 1357; x_wconf 77' lang='lat' dir='ltr'><strong>cogitationem</strong></span> <span class='ocrx_word' id='word_1_60' title='bbox 1041 1301 1125 1360; x_wconf 86' lang='lat' dir='ltr'><strong>qnam</strong></span> 
     </span>
     <span class='ocr_line' id='line_1_9' title="bbox 312 1370 1121 1446; baseline 0.006 -21"><span class='ocrx_word' id='word_1_61' title='bbox 312 1370 481 1426; x_wconf 84' lang='lat' dir='ltr'><strong>bominibus</strong></span> <span class='ocrx_word' id='word_1_62' title='bbox 497 1372 699 1444; x_wconf 78' lang='lat' dir='ltr'>reprobandam</span> <span class='ocrx_word' id='word_1_63' title='bbox 714 1373 847 1430; x_wconf 89' lang='lat' dir='ltr'><strong>actionem</strong></span> <span class='ocrx_word' id='word_1_64' title='bbox 863 1375 970 1431; x_wconf 90' lang='lat' dir='ltr'><strong>debetis</strong></span> <span class='ocrx_word' id='word_1_65' title='bbox 982 1375 1121 1446; x_wconf 88' lang='lat' dir='ltr'><strong>judicare.</strong></span> 
     </span>
     <span class='ocr_line' id='line_1_10' title="bbox 313 1459 1125 1531; baseline 0.005 -16"><span class='ocrx_word' id='word_1_66' title='bbox 313 1459 448 1529; x_wconf 82' lang='lat' dir='ltr'><strong>Denique</strong></span> <span class='ocrx_word' id='word_1_67' title='bbox 472 1459 545 1516; x_wconf 84' lang='lat' dir='ltr'><strong>sicut</strong></span> <span class='ocrx_word' id='word_1_68' title='bbox 571 1476 681 1531; x_wconf 78' lang='lat' dir='ltr'><strong>aporiam</strong></span> <span class='ocrx_word' id='word_1_69' title='bbox 704 1461 856 1517; x_wconf 82' lang='lat' dir='ltr'><strong>cramalium</strong></span> <span class='ocrx_word' id='word_1_70' title='bbox 886 1463 1013 1518; x_wconf 82' lang='lat' dir='ltr'><strong>uitiorum</strong></span> <span class='ocrx_word' id='word_1_71' title='bbox 1049 1472 1125 1519; x_wconf 88' lang='lat' dir='ltr'><strong>exte·</strong></span> 
     </span>
     <span class='ocr_line' id='line_1_11' title="bbox 314 1548 1126 1624; baseline 0.006 -22"><span class='ocrx_word' id='word_1_72' title='bbox 314 1550 428 1604; x_wconf 87' lang='lat' dir='ltr'><strong>riorem</strong></span> <span class='ocrx_word' id='word_1_73' title='bbox 444 1548 593 1604; x_wconf 88' lang='lat' dir='ltr'><strong>loeditatem</strong></span> <span class='ocrx_word' id='word_1_74' title='bbox 620 1557 802 1620; x_wconf 73' lang='lat' dir='ltr'><strong>exsecrantes,</strong></span> <span class='ocrx_word' id='word_1_75' title='bbox 828 1568 878 1622; x_wconf 88' lang='lat' dir='ltr'><strong>per</strong></span> <span class='ocrx_word' id='word_1_76' title='bbox 902 1552 1126 1624; x_wconf 87' lang='lat' dir='ltr'><strong>pulchritudinem</strong></span> 
     </span>
     <span class='ocr_line' id='line_1_12' title="bbox 314 1636 1128 1713; baseline 0.007 -23"><span class='ocrx_word' id='word_1_77' title='bbox 314 1636 414 1690; x_wconf 80' lang='lat' dir='ltr'><strong>carnia</strong></span> <span class='ocrx_word' id='word_1_78' title='bbox 439 1645 468 1692; x_wconf 93' lang='lat' dir='ltr'><strong>et</strong></span> <span class='ocrx_word' id='word_1_79' title='bbox 483 1637 598 1692; x_wconf 87' lang='lat' dir='ltr'><strong>restium</strong></span> <span class='ocrx_word' id='word_1_80' title='bbox 614 1638 794 1710; x_wconf 76' lang='lat' dir='ltr'><strong>aptitudinem</strong></span> <span class='ocrx_word' id='word_1_81' title='bbox 810 1640 919 1696; x_wconf 79' lang='lat' dir='ltr'><strong>student</strong></span> <span class='ocrx_word' id='word_1_82' title='bbox 939 1641 1049 1713; x_wconf 87' lang='lat' dir='ltr'><strong>placere</strong></span> <span class='ocrx_word' id='word_1_83' title='bbox 1065 1659 1073 1706; x_wconf 86' lang='lat'>;</span> <span class='ocrx_word' id='word_1_84' title='bbox 1089 1642 1128 1696; x_wconf 90' lang='lat' dir='ltr'><strong>ita</strong></span> 
     </span>
    </p>
   </div>
   <div class='ocr_carea' id='block_1_5' title="bbox 316 1726 1129 1800">
    <p class='ocr_par' dir='ltr' id='par_1_5' title="bbox 316 1726 1129 1800">
     <span class='ocr_line' id='line_1_13' title="bbox 316 1726 1129 1800; baseline 0.01 -22"><span class='ocrx_word' id='word_1_85' title='bbox 316 1740 438 1796; x_wconf 77' lang='lat' dir='ltr'><strong>aporiare</strong></span> <span class='ocrx_word' id='word_1_86' title='bbox 463 1726 620 1796; x_wconf 87' lang='lat' dir='ltr'><strong>spirituales</strong></span> <span class='ocrx_word' id='word_1_87' title='bbox 649 1727 732 1800; x_wconf 87' lang='lat' dir='ltr'><strong>Regis</strong></span> <span class='ocrx_word' id='word_1_88' title='bbox 746 1743 846 1799; x_wconf 87' lang='lat' dir='ltr'><strong>regum</strong></span> <span class='ocrx_word' id='word_1_89' title='bbox 873 1729 933 1785; x_wconf 84' lang='lat' dir='ltr'><strong>Filii</strong></span> <span class='ocrx_word' id='word_1_90' title='bbox 947 1730 999 1784; x_wconf 92' lang='lat' dir='ltr'><strong>Dei</strong></span> <span class='ocrx_word' id='word_1_91' title='bbox 1023 1729 1129 1786; x_wconf 79' lang='lat' dir='ltr'><strong>tradita-</strong></span> 
     </span>
    </p>
   </div>
   <div class='ocr_carea' id='block_1_6' title="bbox 318 1813 1128 1977">
    <p class='ocr_par' dir='ltr' id='par_1_6' title="bbox 318 1813 1128 1977">
     <span class='ocr_line' id='line_1_14' title="bbox 318 1813 1127 1888; baseline 0.006 -20"><span class='ocrx_word' id='word_1_92' title='bbox 318 1819 380 1868; x_wconf 88' lang='lat' dir='ltr'><strong>tem</strong></span> <span class='ocrx_word' id='word_1_93' title='bbox 400 1813 558 1870; x_wconf 88' lang='lat' dir='ltr'><strong>interiorem</strong></span> <span class='ocrx_word' id='word_1_94' title='bbox 578 1815 755 1884; x_wconf 86' lang='lat' dir='ltr'><strong>detestantes,</strong></span> <span class='ocrx_word' id='word_1_95' title='bbox 785 1818 950 1887; x_wconf 84' lang='lat' dir='ltr'><strong>permeatis</strong></span> <span class='ocrx_word' id='word_1_96' title='bbox 978 1817 1127 1888; x_wconf 85' lang='lat' dir='ltr'><strong>pulchritu-</strong></span> 
     </span>
     <span class='ocr_line' id='line_1_15' title="bbox 318 1901 1128 1977; baseline 0.007 -21"><span class='ocrx_word' id='word_1_97' title='bbox 318 1901 419 1956; x_wconf 86' lang='lat' dir='ltr'><strong>dinem</strong></span> <span class='ocrx_word' id='word_1_98' title='bbox 435 1909 462 1958; x_wconf 88' lang='lat' dir='ltr'><strong>et</strong></span> <span class='ocrx_word' id='word_1_99' title='bbox 476 1911 636 1959; x_wconf 87' lang='lat' dir='ltr'><strong>ornamenta</strong></span> <span class='ocrx_word' id='word_1_100' title='bbox 650 1904 779 1960; x_wconf 82' lang='lat' dir='ltr'><strong>virtutum</strong></span> <span class='ocrx_word' id='word_1_101' title='bbox 801 1913 829 1960; x_wconf 92' lang='lat' dir='ltr'><strong>ut</strong></span> <span class='ocrx_word' id='word_1_102' title='bbox 845 1905 883 1960; x_wconf 90' lang='lat' dir='ltr'><strong>illi</strong></span> <span class='ocrx_word' id='word_1_103' title='bbox 910 1906 1035 1977; x_wconf 81' lang='lat' dir='ltr'><strong>placeant</strong></span> <span class='ocrx_word' id='word_1_104' title='bbox 1052 1923 1128 1964; x_wconf 89' lang='lat' dir='ltr'><strong>aerii-</strong></span> 
     </span>
    </p>
   </div>
   <div class='ocr_carea' id='block_1_7' title="bbox 327 1991 1130 2061">
    <p class='ocr_par' dir='ltr' id='par_1_7' title="bbox 327 1991 1130 2061">
     <span class='ocr_line' id='line_1_16' title="bbox 327 1991 1130 2061; baseline 0.005 -15"><span class='ocrx_word' id='word_1_105' title='bbox 327 2007 383 2061; x_wconf 87' lang='lat' dir='ltr'><strong>per</strong></span> <span class='ocrx_word' id='word_1_106' title='bbox 407 1991 512 2046; x_wconf 87' lang='lat' dir='ltr'><strong>debent</strong></span> <span class='ocrx_word' id='word_1_107' title='bbox 538 1992 663 2049; x_wconf 88' lang='lat' dir='ltr'><strong>studere.</strong></span> <span class='ocrx_word' id='word_1_108' title='bbox 683 1993 855 2050; x_wconf 87' lang='lat' dir='ltr'><strong>Pulcliritudo</strong></span> <span class='ocrx_word' id='word_1_109' title='bbox 883 2002 956 2051; x_wconf 91' lang='lat' dir='ltr'><strong>certe</strong></span> <span class='ocrx_word' id='word_1_110' title='bbox 979 1996 1079 2052; x_wconf 88' lang='lat' dir='ltr'><strong>mentis</strong></span> <span class='ocrx_word' id='word_1_111' title='bbox 1101 2000 1130 2052; x_wconf 89' lang='lat' dir='ltr'><strong>et</strong></span> 
     </span>
    </p>
   </div>
   <div class='ocr_carea' id='block_1_8' title="bbox 1175 849 1983 1878">
    <p class='ocr_par' dir='ltr' id='par_1_8' title="bbox 1175 849 1983 1878">
     <span class='ocr_line' id='line_1_17' title="bbox 1175 849 1978 927; baseline 0.007 -22"><span class='ocrx_word' id='word_1_112' title='bbox 1175 851 1234 906; x_wconf 90' lang='lat' dir='ltr'><strong>utili</strong></span> <span class='ocrx_word' id='word_1_113' title='bbox 1249 849 1413 922; x_wconf 84' lang='lat' dir='ltr'><strong>cogitatione</strong></span> <span class='ocrx_word' id='word_1_114' title='bbox 1428 850 1486 906; x_wconf 85' lang='lat' dir='ltr'><strong>sive</strong></span> <span class='ocrx_word' id='word_1_115' title='bbox 1500 853 1652 909; x_wconf 88' lang='lat' dir='ltr'><strong>intentione</strong></span> <span class='ocrx_word' id='word_1_116' title='bbox 1673 859 1708 908; x_wconf 81' lang='lat' dir='ltr'><strong>alt</strong></span> <span class='ocrx_word' id='word_1_117' title='bbox 1723 864 1895 927; x_wconf 90' lang='lat' dir='ltr'><strong>occupatum.</strong></span> <span class='ocrx_word' id='word_1_118' title='bbox 1911 857 1978 922; x_wconf 85' lang='lat' dir='ltr'><strong>Vos,</strong></span> 
     </span>
     <span class='ocr_line' id='line_1_18' title="bbox 1176 939 1983 1011; baseline 0.002 -16"><span class='ocrx_word' id='word_1_119' title='bbox 1176 939 1287 995; x_wconf 88' lang='lat' dir='ltr'><strong>domina</strong></span> <span class='ocrx_word' id='word_1_120' title='bbox 1316 939 1467 1004; x_wconf 83' lang='lat' dir='ltr'><strong>abbatissa,</strong></span> <span class='ocrx_word' id='word_1_121' title='bbox 1499 957 1596 1011; x_wconf 84' lang='lat' dir='ltr'><strong>precor</strong></span> <span class='ocrx_word' id='word_1_122' title='bbox 1624 951 1652 998; x_wconf 92' lang='lat' dir='ltr'><strong>ut</strong></span> <span class='ocrx_word' id='word_1_123' title='bbox 1675 952 1800 1011; x_wconf 83' lang='lat' dir='ltr'><strong>matrem,</strong></span> <span class='ocrx_word' id='word_1_124' title='bbox 1822 960 1924 1000; x_wconf 89' lang='lat' dir='ltr'><strong>moneo</strong></span> <span class='ocrx_word' id='word_1_125' title='bbox 1952 951 1983 999; x_wconf 91' lang='lat' dir='ltr'><strong>ut</strong></span> 
     </span>
     <span class='ocr_line' id='line_1_19' title="bbox 1177 1027 1976 1102; baseline 0.006 -19"><span class='ocrx_word' id='word_1_126' title='bbox 1177 1043 1311 1095; x_wconf 88' lang='lat' dir='ltr'><strong>sororem,</strong></span> <span class='ocrx_word' id='word_1_127' title='bbox 1322 1027 1415 1082; x_wconf 84' lang='lat' dir='ltr'><strong>hortor</strong></span> <span class='ocrx_word' id='word_1_128' title='bbox 1427 1038 1457 1082; x_wconf 89' lang='lat' dir='ltr'><strong>ut</strong></span> <span class='ocrx_word' id='word_1_129' title='bbox 1470 1031 1595 1094; x_wconf 83' lang='lat' dir='ltr'><strong>amicam,</strong></span> <span class='ocrx_word' id='word_1_130' title='bbox 1609 1033 1740 1102; x_wconf 77' lang='lat' dir='ltr'><strong>praecipio</strong></span> <span class='ocrx_word' id='word_1_131' title='bbox 1755 1043 1785 1087; x_wconf 89' lang='lat' dir='ltr'><strong>nt</strong></span> <span class='ocrx_word' id='word_1_132' title='bbox 1797 1032 1860 1089; x_wconf 85' lang='lat' dir='ltr'><strong>liliae</strong></span> <span class='ocrx_word' id='word_1_133' title='bbox 1869 1033 1976 1090; x_wconf 85' lang='lat' dir='ltr'><strong>cbaris-</strong></span> 
     </span>
     <span class='ocr_line' id='line_1_20' title="bbox 1178 1116 1980 1191; baseline 0.006 -20"><span class='ocrx_word' id='word_1_134' title='bbox 1178 1116 1264 1182; x_wconf 79' lang='lat' dir='ltr'><strong>simae,</strong></span> <span class='ocrx_word' id='word_1_135' title='bbox 1277 1125 1410 1186; x_wconf 88' lang='lat' dir='ltr'><strong>quatenus</strong></span> <span class='ocrx_word' id='word_1_136' title='bbox 1421 1117 1457 1172; x_wconf 83' lang='lat' dir='ltr'><strong>ll.</strong></span> <span class='ocrx_word' id='word_1_137' title='bbox 1476 1118 1533 1187; x_wconf 86' lang='lat' dir='ltr'><strong>(to)</strong></span> <span class='ocrx_word' id='word_1_138' title='bbox 1547 1118 1677 1191; x_wconf 91' lang='lat' dir='ltr'><strong>episcopo</strong></span> <span class='ocrx_word' id='word_1_139' title='bbox 1691 1120 1833 1177; x_wconf 90' lang='lat' dir='ltr'><strong>Osmundo</strong></span> <span class='ocrx_word' id='word_1_140' title='bbox 1846 1122 1919 1176; x_wconf 90' lang='lat' dir='ltr'><strong>omni</strong></span> <span class='ocrx_word' id='word_1_141' title='bbox 1931 1122 1980 1176; x_wconf 89' lang='lat' dir='ltr'><strong>be·</strong></span> 
     </span>
     <span class='ocr_line' id='line_1_21' title="bbox 1177 1205 1978 1278; baseline 0.005 -18"><span class='ocrx_word' id='word_1_142' title='bbox 1177 1205 1312 1276; x_wconf 76' lang='lat' dir='ltr'><strong>nignitate</strong></span> <span class='ocrx_word' id='word_1_143' title='bbox 1345 1213 1468 1260; x_wconf 86' lang='lat' dir='ltr'><strong>sanctam</strong></span> <span class='ocrx_word' id='word_1_144' title='bbox 1492 1215 1519 1261; x_wconf 89' lang='lat' dir='ltr'><strong>et</strong></span> <span class='ocrx_word' id='word_1_145' title='bbox 1546 1207 1604 1263; x_wconf 84' lang='lat' dir='ltr'><strong>Deo</strong></span> <span class='ocrx_word' id='word_1_146' title='bbox 1630 1209 1759 1278; x_wconf 84' lang='lat' dir='ltr'><strong>placitam</strong></span> <span class='ocrx_word' id='word_1_147' title='bbox 1783 1210 1978 1277; x_wconf 86' lang='lat' dir='ltr'><strong>obedientiam,</strong></span> 
     </span>
     <span class='ocr_line' id='line_1_22' title="bbox 1179 1292 1974 1364; baseline 0.004 -15"><span class='ocrx_word' id='word_1_148' title='bbox 1179 1292 1249 1349; x_wconf 87' lang='lat' dir='ltr'><strong>sicut</strong></span> <span class='ocrx_word' id='word_1_149' title='bbox 1262 1293 1352 1359; x_wconf 88' lang='lat' dir='ltr'><strong>decet,</strong></span> <span class='ocrx_word' id='word_1_150' title='bbox 1367 1293 1528 1362; x_wconf 86' lang='lat' dir='ltr'><strong>exhibeatis,</strong></span> <span class='ocrx_word' id='word_1_151' title='bbox 1545 1302 1572 1352; x_wconf 84' lang='lat' dir='ltr'><strong>et</strong></span> <span class='ocrx_word' id='word_1_152' title='bbox 1586 1298 1645 1364; x_wconf 76' lang='lat' dir='ltr'><strong>eiua</strong></span> <span class='ocrx_word' id='word_1_153' title='bbox 1655 1296 1828 1354; x_wconf 89' lang='lat' dir='ltr'><strong>dilectionem</strong></span> <span class='ocrx_word' id='word_1_154' title='bbox 1852 1307 1878 1354; x_wconf 92' lang='lat' dir='ltr'><strong>et</strong></span> <span class='ocrx_word' id='word_1_155' title='bbox 1889 1298 1974 1353; x_wconf 88' lang='lat' dir='ltr'><strong>lanii·</strong></span> 
     </span>
     <span class='ocr_line' id='line_1_23' title="bbox 1178 1381 1979 1453; baseline 0.005 -17"><span class='ocrx_word' id='word_1_156' title='bbox 1178 1381 1278 1436; x_wconf 89' lang='lat' dir='ltr'><strong>liarem</strong></span> <span class='ocrx_word' id='word_1_157' title='bbox 1292 1381 1437 1436; x_wconf 89' lang='lat' dir='ltr'><strong>amicitiam</strong></span> <span class='ocrx_word' id='word_1_158' title='bbox 1466 1389 1549 1453; x_wconf 89' lang='lat' dir='ltr'><strong>atque</strong></span> <span class='ocrx_word' id='word_1_159' title='bbox 1573 1383 1719 1438; x_wconf 89' lang='lat' dir='ltr'><strong>consilium</strong></span> <span class='ocrx_word' id='word_1_160' title='bbox 1743 1393 1770 1439; x_wconf 91' lang='lat' dir='ltr'><strong>et</strong></span> <span class='ocrx_word' id='word_1_161' title='bbox 1792 1385 1923 1440; x_wconf 83' lang='lat' dir='ltr'><strong>auxilium</strong></span> <span class='ocrx_word' id='word_1_162' title='bbox 1951 1385 1979 1439; x_wconf 93' lang='lat' dir='ltr'><strong>in</strong></span> 
     </span>
     <span class='ocr_line' id='line_1_24' title="bbox 1179 1469 1979 1544; baseline 0.004 -19"><span class='ocrx_word' id='word_1_163' title='bbox 1179 1469 1368 1541; x_wconf 86' lang='lat' dir='ltr'><strong>corporalibus</strong></span> <span class='ocrx_word' id='word_1_164' title='bbox 1382 1478 1408 1524; x_wconf 91' lang='lat' dir='ltr'><strong>et</strong></span> <span class='ocrx_word' id='word_1_165' title='bbox 1418 1470 1447 1524; x_wconf 90' lang='lat' dir='ltr'><strong>iu</strong></span> <span class='ocrx_word' id='word_1_166' title='bbox 1461 1470 1651 1541; x_wconf 84' lang='lat' dir='ltr'><strong>spiritualibus</strong></span> <span class='ocrx_word' id='word_1_167' title='bbox 1665 1472 1776 1540; x_wconf 88' lang='lat' dir='ltr'><strong>babere,</strong></span> <span class='ocrx_word' id='word_1_168' title='bbox 1801 1482 1829 1529; x_wconf 92' lang='lat' dir='ltr'><strong>et</strong></span> <span class='ocrx_word' id='word_1_169' title='bbox 1851 1473 1891 1528; x_wconf 93' lang='lat' dir='ltr'><strong>illi</strong></span> <span class='ocrx_word' id='word_1_170' title='bbox 1906 1473 1979 1544; x_wconf 86' lang='lat' dir='ltr'><strong>quod</strong></span> 
     </span>
     <span class='ocr_line' id='line_1_25' title="bbox 1180 1558 1979 1618; baseline 0.001 -3"><span class='ocrx_word' id='word_1_171' title='bbox 1180 1575 1216 1615; x_wconf 85' lang='lat' dir='ltr'><strong>ex</strong></span> <span class='ocrx_word' id='word_1_172' title='bbox 1229 1558 1309 1614; x_wconf 83' lang='lat' dir='ltr'><strong>vobis</strong></span> <span class='ocrx_word' id='word_1_173' title='bbox 1324 1564 1367 1613; x_wconf 90' lang='lat' dir='ltr'><strong>est</strong></span> <span class='ocrx_word' id='word_1_174' title='bbox 1383 1558 1516 1614; x_wconf 82' lang='lat' dir='ltr'><strong>exhibere</strong></span> <span class='ocrx_word' id='word_1_175' title='bbox 1531 1558 1558 1613; x_wconf 95' lang='lat' dir='ltr'><strong>in</strong></span> <span class='ocrx_word' id='word_1_176' title='bbox 1575 1560 1673 1615; x_wconf 89' lang='lat' dir='ltr'><strong>Christi</strong></span> <span class='ocrx_word' id='word_1_177' title='bbox 1689 1561 1822 1618; x_wconf 87' lang='lat' dir='ltr'><strong>charitate</strong></span> <span class='ocrx_word' id='word_1_178' title='bbox 1837 1563 1979 1618; x_wconf 89' lang='lat' dir='ltr'><strong>studeatis.</strong></span> 
     </span>
     <span class='ocr_line' id='line_1_26' title="bbox 1180 1645 1980 1722; baseline 0.004 -19"><span class='ocrx_word' id='word_1_179' title='bbox 1180 1645 1360 1716; x_wconf 87' lang='lat' dir='ltr'><strong>Omnipotens</strong></span> <span class='ocrx_word' id='word_1_180' title='bbox 1371 1647 1455 1714; x_wconf 83' lang='lat' dir='ltr'><strong>Deua,</strong></span> <span class='ocrx_word' id='word_1_181' title='bbox 1473 1647 1597 1718; x_wconf 87' lang='lat' dir='ltr'><strong>Sponsus</strong></span> <span class='ocrx_word' id='word_1_182' title='bbox 1612 1657 1710 1717; x_wconf 83' lang='lat' dir='ltr'><strong>nester,</strong></span> <span class='ocrx_word' id='word_1_183' title='bbox 1726 1648 1761 1705; x_wconf 89' lang='lat' dir='ltr'><strong>sit</strong></span> <span class='ocrx_word' id='word_1_184' title='bbox 1773 1658 1980 1722; x_wconf 84' lang='lat' dir='ltr'><strong>sempereustos</strong></span> 
     </span>
     <span class='ocr_line' id='line_1_27' title="bbox 1179 1739 1386 1794; baseline -0.014 0"><span class='ocrx_word' id='word_1_185' title='bbox 1179 1739 1386 1794; x_wconf 66' lang='lat' dir='ltr'><strong>restanitmen.</strong></span> 
     </span>
     <span class='ocr_line' id='line_1_28' title="bbox 1407 1819 1746 1878; baseline 0.012 -4"><span class='ocrx_word' id='word_1_186' title='bbox 1407 1819 1575 1878; x_wconf 80' lang='lat' dir='ltr'><strong>ltPlSTOLA</strong></span> <span class='ocrx_word' id='word_1_187' title='bbox 1592 1822 1685 1877; x_wconf 79' lang='lat' dir='ltr'><strong>XXXl</strong></span> <span class='ocrx_word' id='word_1_188' title='bbox 1705 1820 1746 1878; x_wconf 86' lang='lat'><strong>¹”.</strong></span> 
     </span>
    </p>
   </div>
   <div class='ocr_carea' id='block_1_9' title="bbox 1222 1923 1931 2064">
    <p class='ocr_par' dir='ltr' id='par_1_9' title="bbox 1222 1923 1931 2064">
     <span class='ocr_line' id='line_1_29' title="bbox 1222 1923 1931 1967; baseline 0.003 -3"><span class='ocrx_word' id='word_1_189' title='bbox 1222 1925 1258 1964; x_wconf 84' lang='lat' dir='ltr'><strong>in</strong></span> <span class='ocrx_word' id='word_1_190' title='bbox 1285 1923 1445 1964; x_wconf 83' lang='lat' dir='ltr'><strong>aanrnmnir</strong></span> <span class='ocrx_word' id='word_1_191' title='bbox 1463 1923 1592 1965; x_wconf 78' lang='lat' dir='ltr'><strong>annania</strong></span> <span class='ocrx_word' id='word_1_192' title='bbox 1612 1925 1739 1966; x_wconf 80' lang='lat' dir='ltr'><strong>cmnoaii</strong></span> <span class='ocrx_word' id='word_1_193' title='bbox 1760 1926 1785 1966; x_wconf 88' lang='lat' dir='ltr'><strong>a.</strong></span> <span class='ocrx_word' id='word_1_194' title='bbox 1806 1925 1931 1967; x_wconf 82' lang='grc' dir='ltr'>ιιιιιιιιι.</span> 
     </span>
     <span class='ocr_line' id='line_1_30' title="bbox 1247 1993 1923 2064; baseline -0.003 -13"><span class='ocrx_word' id='word_1_195' title='bbox 1247 1996 1280 2052; x_wconf 78' lang='lat' dir='ltr'><strong>tii</strong></span> <span class='ocrx_word' id='word_1_196' title='bbox 1293 2008 1406 2064; x_wconf 78' lang='lat' dir='ltr'><strong>gregem</strong></span> <span class='ocrx_word' id='word_1_197' title='bbox 1414 2008 1473 2049; x_wconf 84' lang='lat' dir='ltr'><strong>non</strong></span> <span class='ocrx_word' id='word_1_198' title='bbox 1486 1993 1599 2050; x_wconf 80' lang='lat' dir='ltr'><strong>deserat</strong></span> <span class='ocrx_word' id='word_1_199' title='bbox 1612 1995 1645 2052; x_wconf 88' lang='lat' dir='ltr'><strong>ob</strong></span> <span class='ocrx_word' id='word_1_200' title='bbox 1658 1996 1753 2050; x_wconf 83' lang='lat' dir='ltr'><strong>variar</strong></span> <span class='ocrx_word' id='word_1_201' title='bbox 1766 1996 1923 2051; x_wconf 80' lang='lat' dir='ltr'><strong>molestias.</strong></span> 
     </span>
    </p>
   </div>
   <div class='ocr_carea' id='block_1_10' title="bbox 319 2079 2005 2775">
    <p class='ocr_par' dir='ltr' id='par_1_10' title="bbox 319 2079 2005 2775">
     <span class='ocr_line' id='line_1_31' title="bbox 321 2079 1982 2180; baseline 0.004 -47"><span class='ocrx_word' id='word_1_202' title='bbox 321 2079 522 2135; x_wconf 82' lang='lat' dir='ltr'><strong>nutrimentum</strong></span> <span class='ocrx_word' id='word_1_203' title='bbox 547 2080 678 2136; x_wconf 84' lang='lat' dir='ltr'><strong>virtutum</strong></span> <span class='ocrx_word' id='word_1_204' title='bbox 711 2089 764 2148; x_wconf 87' lang='lat' dir='ltr'><strong>cat,</strong></span> <span class='ocrx_word' id='word_1_205' title='bbox 788 2081 880 2138; x_wconf 84' lang='lat' dir='ltr'><strong>cordis</strong></span> <span class='ocrx_word' id='word_1_206' title='bbox 915 2083 1060 2154; x_wconf 87' lang='lat' dir='ltr'><strong>munditia,</strong></span> <span class='ocrx_word' id='word_1_207' title='bbox 1085 2084 1170 2180; x_wconf 77' lang='lat' dir='ltr'><strong>cuiB</strong></span> <span class='ocrx_word' id='word_1_208' title='bbox 1219 2085 1381 2145; x_wconf 71' lang='lat' dir='ltr'><strong>bassanus,</strong></span> <span class='ocrx_word' id='word_1_209' title='bbox 1398 2088 1511 2137; x_wconf 88' lang='lat' dir='ltr'><strong>vocatus</strong></span> <span class='ocrx_word' id='word_1_210' title='bbox 1535 2083 1768 2154; x_wconf 87' lang='lat' dir='ltr'><strong>archiepiscopus,</strong></span> <span class='ocrx_word' id='word_1_211' title='bbox 1786 2083 1863 2137; x_wconf 84' lang='lat' dir='ltr'><strong>tratri</strong></span> <span class='ocrx_word' id='word_1_212' title='bbox 1875 2083 1982 2139; x_wconf 86' lang='lat' dir='ltr'><strong>charis·</strong></span> 
     </span>
     <span class='ocr_line' id='line_1_32' title="bbox 321 2167 1982 2244; baseline 0.004 -24"><span class='ocrx_word' id='word_1_213' title='bbox 321 2168 400 2223; x_wconf 84' lang='lat' dir='ltr'><strong>visio</strong></span> <span class='ocrx_word' id='word_1_214' title='bbox 415 2167 463 2224; x_wconf 89' lang='lat' dir='ltr'><strong>Dei</strong></span> <span class='ocrx_word' id='word_1_215' title='bbox 473 2168 648 2240; x_wconf 87' lang='lat' dir='ltr'><strong>spiritualiter</strong></span> <span class='ocrx_word' id='word_1_216' title='bbox 661 2170 827 2242; x_wconf 88' lang='lat' dir='ltr'><strong>pmmittitur</strong></span> <span class='ocrx_word' id='word_1_217' title='bbox 843 2191 852 2240; x_wconf 75' lang='grc' dir='ltr'>ς</span> <span class='ocrx_word' id='word_1_218' title='bbox 868 2171 903 2227; x_wconf 88' lang='lat' dir='ltr'><strong>ad</strong></span> <span class='ocrx_word' id='word_1_219' title='bbox 919 2188 999 2244; x_wconf 89' lang='lat' dir='ltr'><strong>quam</strong></span> <span class='ocrx_word' id='word_1_220' title='bbox 1020 2173 1128 2228; x_wconf 92' lang='lat' dir='ltr'><strong>mundi·</strong></span> <span class='ocrx_word' id='word_1_221' title='bbox 1180 2171 1260 2236; x_wconf 82' lang='lat' dir='ltr'><strong>simo,</strong></span> <span class='ocrx_word' id='word_1_222' title='bbox 1273 2171 1374 2224; x_wconf 92' lang='lat' dir='ltr'><strong>domno</strong></span> <span class='ocrx_word' id='word_1_223' title='bbox 1388 2169 1482 2226; x_wconf 89' lang='lat' dir='ltr'><strong>abbati</strong></span> <span class='ocrx_word' id='word_1_224' title='bbox 1498 2171 1618 2226; x_wconf 89' lang='lat' dir='ltr'><strong>coenohii</strong></span> <span class='ocrx_word' id='word_1_225' title='bbox 1647 2170 1742 2227; x_wconf 88' lang='lat' dir='ltr'><strong>Sancti</strong></span> <span class='ocrx_word' id='word_1_226' title='bbox 1771 2171 1892 2228; x_wconf 89' lang='lat' dir='ltr'><strong>Wlmari</strong></span> <span class='ocrx_word' id='word_1_227' title='bbox 1908 2173 1982 2228; x_wconf 77' lang='lat' dir='ltr'><strong>Lair-</strong></span> 
     </span>
     <span class='ocr_line' id='line_1_33' title="bbox 321 2257 1873 2333; baseline 0.003 -23"><span class='ocrx_word' id='word_1_228' title='bbox 321 2257 393 2310; x_wconf 86' lang='lat' dir='ltr'><strong>tiam</strong></span> <span class='ocrx_word' id='word_1_229' title='bbox 410 2257 501 2312; x_wconf 86' lang='lat' dir='ltr'><strong>nultus</strong></span> <span class='ocrx_word' id='word_1_230' title='bbox 516 2257 567 2312; x_wconf 92' lang='lat' dir='ltr'><strong>nisi</strong></span> <span class='ocrx_word' id='word_1_231' title='bbox 583 2274 632 2328; x_wconf 89' lang='lat' dir='ltr'><strong>per</strong></span> <span class='ocrx_word' id='word_1_232' title='bbox 647 2275 774 2332; x_wconf 87' lang='lat' dir='ltr'><strong>magnum</strong></span> <span class='ocrx_word' id='word_1_233' title='bbox 788 2261 879 2316; x_wconf 87' lang='lat' dir='ltr'><strong>cordis</strong></span> <span class='ocrx_word' id='word_1_234' title='bbox 894 2262 1050 2317; x_wconf 82' lang='lat' dir='ltr'><strong>custodiam</strong></span> <span class='ocrx_word' id='word_1_235' title='bbox 1065 2277 1128 2333; x_wconf 90' lang='lat' dir='ltr'><strong>per·</strong></span> <span class='ocrx_word' id='word_1_236' title='bbox 1180 2273 1274 2322; x_wconf 80' lang='lat' dir='ltr'><strong>raino,</strong></span> <span class='ocrx_word' id='word_1_237' title='bbox 1291 2258 1384 2314; x_wconf 87' lang='lat' dir='ltr'><strong>iiivino</strong></span> <span class='ocrx_word' id='word_1_238' title='bbox 1397 2259 1457 2330; x_wconf 86' lang='lat' dir='ltr'><strong>regi</strong></span> <span class='ocrx_word' id='word_1_239' title='bbox 1467 2259 1579 2314; x_wconf 91' lang='lat' dir='ltr'><strong>consilio</strong></span> <span class='ocrx_word' id='word_1_240' title='bbox 1589 2259 1748 2328; x_wconf 80' lang='lat' dir='ltr'><strong>etadjmari</strong></span> <span class='ocrx_word' id='word_1_241' title='bbox 1761 2261 1873 2315; x_wconf 78' lang='lat' dir='ltr'><strong>auxilio.</strong></span> 
     </span>
     <span class='ocr_line' id='line_1_34' title="bbox 320 2343 1981 2420; baseline 0.004 -22"><span class='ocrx_word' id='word_1_242' title='bbox 320 2343 447 2400; x_wconf 86' lang='lat' dir='ltr'><strong>ducitur.</strong></span> <span class='ocrx_word' id='word_1_243' title='bbox 476 2344 551 2401; x_wconf 87' lang='lat' dir='ltr'><strong>Unde</strong></span> <span class='ocrx_word' id='word_1_244' title='bbox 566 2346 701 2416; x_wconf 86' lang='lat' dir='ltr'><strong>scriptum</strong></span> <span class='ocrx_word' id='word_1_245' title='bbox 717 2355 776 2404; x_wconf 88' lang='lat' dir='ltr'><strong>est:</strong></span> <span class='ocrx_word' id='word_1_246' title='bbox 794 2348 877 2406; x_wconf 82' lang='lat' dir='ltr'><strong>Omni</strong></span> <span class='ocrx_word' id='word_1_247' title='bbox 901 2350 1029 2406; x_wconf 86' lang='lat' dir='ltr'><strong>ritatodic</strong></span> <span class='ocrx_word' id='word_1_248' title='bbox 1046 2366 1126 2406; x_wconf 83' lang='lat' dir='ltr'><strong>rema</strong></span> <span class='ocrx_word' id='word_1_249' title='bbox 1216 2347 1256 2402; x_wconf 89' lang='lat' dir='ltr'><strong>De</strong></span> <span class='ocrx_word' id='word_1_250' title='bbox 1270 2347 1399 2418; x_wconf 88' lang='lat' dir='ltr'><strong>petitione</strong></span> <span class='ocrx_word' id='word_1_251' title='bbox 1414 2354 1514 2415; x_wconf 83' lang='lat' dir='ltr'><strong>vestra,</strong></span> <span class='ocrx_word' id='word_1_252' title='bbox 1530 2364 1585 2420; x_wconf 85' lang='lat' dir='ltr'><strong>qua</strong></span> <span class='ocrx_word' id='word_1_253' title='bbox 1600 2348 1665 2403; x_wconf 88' lang='lat' dir='ltr'><strong>mihi</strong></span> <span class='ocrx_word' id='word_1_254' title='bbox 1683 2348 1889 2420; x_wconf 78' lang='lat' dir='ltr'><strong>infatigabiliter</strong></span> <span class='ocrx_word' id='word_1_255' title='bbox 1898 2348 1981 2404; x_wconf 87' lang='lat' dir='ltr'><strong>insta·</strong></span> 
     </span>
     <span class='ocr_line' id='line_1_35' title="bbox 319 2435 1980 2510; baseline 0.002 -22"><span class='ocrx_word' id='word_1_256' title='bbox 319 2437 464 2488; x_wconf 74' lang='lat' dir='ltr'><strong>cortinam</strong></span> <span class='ocrx_word' id='word_1_257' title='bbox 481 2436 581 2510; x_wconf 56' lang='lat' dir='ltr'><strong>(Pron,</strong></span> <span class='ocrx_word' id='word_1_258' title='bbox 596 2450 635 2500; x_wconf 86' lang='lat' dir='ltr'><strong>ir,</strong></span> <span class='ocrx_word' id='word_1_259' title='bbox 651 2435 708 2508; x_wconf 72' lang='grc' dir='ltr'>ιθ).</span> <span class='ocrx_word' id='word_1_260' title='bbox 724 2435 766 2492; x_wconf 75' lang='lat' dir='ltr'><strong>ild</strong></span> <span class='ocrx_word' id='word_1_261' title='bbox 780 2452 862 2508; x_wconf 86' lang='lat' dir='ltr'><strong>quam</strong></span> <span class='ocrx_word' id='word_1_262' title='bbox 887 2438 1049 2503; x_wconf 84' lang='lat' dir='ltr'><strong>custodiam,</strong></span> <span class='ocrx_word' id='word_1_263' title='bbox 1066 2447 1128 2510; x_wconf 89' lang='lat' dir='ltr'><strong>post</strong></span> <span class='ocrx_word' id='word_1_264' title='bbox 1183 2436 1365 2505; x_wconf 76' lang='lat' dir='ltr'><strong>unguetenus</strong></span> <span class='ocrx_word' id='word_1_265' title='bbox 1379 2435 1414 2490; x_wconf 91' lang='lat' dir='ltr'><strong>ab</strong></span> <span class='ocrx_word' id='word_1_266' title='bbox 1428 2437 1559 2506; x_wconf 89' lang='lat' dir='ltr'><strong>episcopo</strong></span> <span class='ocrx_word' id='word_1_267' title='bbox 1575 2446 1665 2492; x_wconf 86' lang='lat' dir='ltr'><strong>vestro</strong></span> <span class='ocrx_word' id='word_1_268' title='bbox 1679 2437 1795 2491; x_wconf 88' lang='lat' dir='ltr'><strong>consilio</strong></span> <span class='ocrx_word' id='word_1_269' title='bbox 1810 2443 1836 2491; x_wconf 92' lang='lat' dir='ltr'><strong>ct</strong></span> <span class='ocrx_word' id='word_1_270' title='bbox 1851 2439 1980 2507; x_wconf 87' lang='lat' dir='ltr'><strong>precibus</strong></span> 
     </span>
     <span class='ocr_line' id='line_1_36' title="bbox 321 2522 2005 2599; baseline 0.002 -24"><span class='ocrx_word' id='word_1_271' title='bbox 321 2522 444 2592; x_wconf 85' lang='lat' dir='ltr'><strong>gratiam</strong></span> <span class='ocrx_word' id='word_1_272' title='bbox 460 2522 521 2588; x_wconf 84' lang='lat' dir='ltr'><strong>Dei,</strong></span> <span class='ocrx_word' id='word_1_273' title='bbox 538 2532 667 2595; x_wconf 88' lang='lat' dir='ltr'><strong>qnantum</strong></span> <span class='ocrx_word' id='word_1_274' title='bbox 683 2525 716 2579; x_wconf 91' lang='lat' dir='ltr'><strong>ad</strong></span> <span class='ocrx_word' id='word_1_275' title='bbox 737 2526 881 2580; x_wconf 89' lang='lat' dir='ltr'><strong>humanum</strong></span> <span class='ocrx_word' id='word_1_276' title='bbox 907 2527 1027 2582; x_wconf 89' lang='lat' dir='ltr'><strong>studium</strong></span> <span class='ocrx_word' id='word_1_277' title='bbox 1042 2526 1126 2599; x_wconf 88' lang='lat' dir='ltr'><strong>perti·</strong></span> <span class='ocrx_word' id='word_1_278' title='bbox 1180 2523 1251 2579; x_wconf 88' lang='lat' dir='ltr'><strong>meis</strong></span> <span class='ocrx_word' id='word_1_279' title='bbox 1261 2532 1361 2580; x_wconf 89' lang='lat' dir='ltr'><strong>tentem</strong></span> <span class='ocrx_word' id='word_1_280' title='bbox 1376 2524 1522 2595; x_wconf 88' lang='lat' dir='ltr'><strong>impetrare</strong></span> <span class='ocrx_word' id='word_1_281' title='bbox 1543 2524 1619 2580; x_wconf 86' lang='lat' dir='ltr'><strong>robis</strong></span> <span class='ocrx_word' id='word_1_282' title='bbox 1637 2525 1774 2582; x_wconf 85' lang='lat' dir='ltr'><strong>licentiam</strong></span> <span class='ocrx_word' id='word_1_283' title='bbox 1789 2525 1936 2590; x_wconf 85' lang='lat' dir='ltr'><strong>abbatiam,</strong></span> <span class='ocrx_word' id='word_1_284' title='bbox 1952 2524 1981 2578; x_wconf 95' lang='lat' dir='ltr'><strong>iii</strong></span> <span class='ocrx_word' id='word_1_285' title='bbox 2000 2564 2005 2572; x_wconf 84' lang='lat'><strong>.</strong></span> 
     </span>
     <span class='ocr_line' id='line_1_37' title="bbox 321 2609 1980 2684; baseline 0.002 -20"><span class='ocrx_word' id='word_1_286' title='bbox 321 2619 382 2676; x_wconf 86' lang='lat' dir='ltr'><strong>net,</strong></span> <span class='ocrx_word' id='word_1_287' title='bbox 408 2609 461 2666; x_wconf 90' lang='lat' dir='ltr'><strong>boc</strong></span> <span class='ocrx_word' id='word_1_288' title='bbox 489 2618 530 2666; x_wconf 86' lang='lat' dir='ltr'><strong>cst</strong></span> <span class='ocrx_word' id='word_1_289' title='bbox 556 2611 699 2684; x_wconf 89' lang='lat' dir='ltr'><strong>singulare</strong></span> <span class='ocrx_word' id='word_1_290' title='bbox 724 2622 751 2668; x_wconf 91' lang='lat' dir='ltr'><strong>et</strong></span> <span class='ocrx_word' id='word_1_291' title='bbox 778 2613 914 2670; x_wconf 86' lang='lat' dir='ltr'><strong>efficacius</strong></span> <span class='ocrx_word' id='word_1_292' title='bbox 928 2615 1083 2683; x_wconf 88' lang='lat' dir='ltr'><strong>consilium,</strong></span> <span class='ocrx_word' id='word_1_293' title='bbox 1098 2623 1128 2671; x_wconf 92' lang='lat' dir='ltr'><strong>ut</strong></span> <span class='ocrx_word' id='word_1_294' title='bbox 1181 2628 1237 2684; x_wconf 89' lang='lat' dir='ltr'><strong>qua</strong></span> <span class='ocrx_word' id='word_1_295' title='bbox 1248 2628 1298 2668; x_wconf 89' lang='lat' dir='ltr'><strong>voa</strong></span> <span class='ocrx_word' id='word_1_296' title='bbox 1313 2612 1411 2668; x_wconf 85' lang='lat' dir='ltr'><strong>divina</strong></span> <span class='ocrx_word' id='word_1_297' title='bbox 1423 2612 1561 2668; x_wconf 90' lang='lat' dir='ltr'><strong>constitnit</strong></span> <span class='ocrx_word' id='word_1_298' title='bbox 1575 2613 1729 2683; x_wconf 87' lang='lat' dir='ltr'><strong>dispositio,</strong></span> <span class='ocrx_word' id='word_1_299' title='bbox 1739 2613 1897 2678; x_wconf 86' lang='lat' dir='ltr'><strong>deserendi,</strong></span> <span class='ocrx_word' id='word_1_300' title='bbox 1906 2629 1980 2682; x_wconf 85' lang='lat' dir='ltr'><strong>aaepc</strong></span> 
     </span>
     <span class='ocr_line' id='line_1_38' title="bbox 320 2699 1979 2775; baseline 0.001 -22"><span class='ocrx_word' id='word_1_301' title='bbox 320 2714 434 2770; x_wconf 86' lang='lat' dir='ltr'><strong>semper</strong></span> <span class='ocrx_word' id='word_1_302' title='bbox 461 2714 511 2756; x_wconf 89' lang='lat' dir='ltr'><strong>cor</strong></span> <span class='ocrx_word' id='word_1_303' title='bbox 537 2710 658 2756; x_wconf 88' lang='lat' dir='ltr'><strong>restrum</strong></span> <span class='ocrx_word' id='word_1_304' title='bbox 684 2707 711 2756; x_wconf 90' lang='lat' dir='ltr'><strong>et</strong></span> <span class='ocrx_word' id='word_1_305' title='bbox 734 2702 843 2775; x_wconf 88' lang='lat' dir='ltr'><strong>ubique,</strong></span> <span class='ocrx_word' id='word_1_306' title='bbox 866 2703 985 2774; x_wconf 89' lang='lat' dir='ltr'><strong>quandiu</strong></span> <span class='ocrx_word' id='word_1_307' title='bbox 996 2703 1125 2774; x_wconf 84' lang='lat' dir='ltr'><strong>vigilatis,</strong></span> <span class='ocrx_word' id='word_1_308' title='bbox 1182 2699 1393 2771; x_wconf 84' lang='lat' dir='ltr'><strong>multumque¹”</strong></span> <span class='ocrx_word' id='word_1_309' title='bbox 1409 2717 1514 2756; x_wconf 85' lang='lat' dir='ltr'><strong>nicrum</strong></span> <span class='ocrx_word' id='word_1_310' title='bbox 1530 2701 1663 2774; x_wconf 77' lang='lat' dir='ltr'><strong>cogitem,</strong></span> <span class='ocrx_word' id='word_1_311' title='bbox 1678 2709 1704 2758; x_wconf 88' lang='lat' dir='ltr'><strong>et</strong></span> <span class='ocrx_word' id='word_1_312' title='bbox 1721 2716 1784 2756; x_wconf 91' lang='lat' dir='ltr'><strong>cum</strong></span> <span class='ocrx_word' id='word_1_313' title='bbox 1798 2700 1859 2756; x_wconf 87' lang='lat' dir='ltr'><strong>aliis</strong></span> <span class='ocrx_word' id='word_1_314' title='bbox 1872 2702 1901 2756; x_wconf 93' lang='lat' dir='ltr'><strong>in</strong></span> <span class='ocrx_word' id='word_1_315' title='bbox 1916 2700 1979 2774; x_wconf 91' lang='lat' dir='ltr'><strong>qui-</strong></span> 
     </span>
    </p>
   </div>
   <div class='ocr_carea' id='block_1_11' title="bbox 360 2799 1391 2963">
    <p class='ocr_par' dir='ltr' id='par_1_11' title="bbox 360 2799 1391 2963">
     <span class='ocr_line' id='line_1_39' title="bbox 978 2799 1319 2857; baseline -0.006 -1"><span class='ocrx_word' id='word_1_316' title='bbox 978 2802 1092 2857; x_wconf 82' lang='lat' dir='ltr'><strong>VilttlAE</strong></span> <span class='ocrx_word' id='word_1_317' title='bbox 1110 2799 1319 2856; x_wconf 81' lang='lat' dir='ltr'><strong>LECTIONES.</strong></span> 
     </span>
     <span class='ocr_line' id='line_1_40' title="bbox 360 2882 1391 2963; baseline 0.001 -23"><span class='ocrx_word' id='word_1_318' title='bbox 360 2882 465 2941; x_wconf 69' lang='grc' dir='ltr'><strong>1’Ἶῖιιιι</strong></span> <span class='ocrx_word' id='word_1_319' title='bbox 480 2885 575 2942; x_wconf 84' lang='lat' dir='ltr'><strong>ecdem</strong></span> <span class='ocrx_word' id='word_1_320' title='bbox 588 2901 643 2942; x_wconf 85' lang='lat' dir='ltr'><strong>ms.</strong></span> <span class='ocrx_word' id='word_1_321' title='bbox 656 2887 775 2944; x_wconf 83' lang='lat' dir='ltr'><strong>collate.</strong></span> <span class='ocrx_word' id='word_1_322' title='bbox 794 2885 908 2962; x_wconf 82' lang='lat' dir='ltr'><strong>¹&#39;⁸Saipe</strong></span> <span class='ocrx_word' id='word_1_323' title='bbox 922 2889 1037 2946; x_wconf 89' lang='lat' dir='ltr'><strong>multum</strong></span> <span class='ocrx_word' id='word_1_324' title='bbox 1052 2907 1104 2946; x_wconf 86' lang='lat' dir='ltr'><strong>ms.</strong></span> <span class='ocrx_word' id='word_1_325' title='bbox 1119 2905 1193 2963; x_wconf 84' lang='lat' dir='ltr'><strong>saepe</strong></span> <span class='ocrx_word' id='word_1_326' title='bbox 1208 2888 1391 2958; x_wconf 85' lang='lat' dir='ltr'><strong>multumque.</strong></span> 
     </span>
    </p>
   </div>
   <div class='ocr_carea' id='block_1_12' title="bbox 929 2984 1371 3043">
    <p class='ocr_par' dir='ltr' id='par_1_12' title="bbox 929 2984 1371 3043">
     <span class='ocr_line' id='line_1_41' title="bbox 929 2984 1371 3043; baseline -0.005 -1"><span class='ocrx_word' id='word_1_327' title='bbox 929 2986 1082 3042; x_wconf 76' lang='lat' dir='ltr'><strong>tornius</strong></span> <span class='ocrx_word' id='word_1_328' title='bbox 1102 2987 1241 3043; x_wconf 78' lang='lat' dir='ltr'><strong>ricrssbt</strong></span> <span class='ocrx_word' id='word_1_329' title='bbox 1256 2984 1371 3040; x_wconf 81' lang='lat' dir='ltr'><strong>NOTAE.</strong></span> 
     </span>
    </p>
   </div>
   <div class='ocr_carea' id='block_1_13' title="bbox 322 3069 1983 3358">
    <p class='ocr_par' dir='ltr' id='par_1_13' title="bbox 322 3069 1983 3358">
     <span class='ocr_line' id='line_1_42' title="bbox 322 3069 1981 3145; baseline 0.002 -21"><span class='ocrx_word' id='word_1_330' title='bbox 322 3070 392 3124; x_wconf 87' lang='lat' dir='ltr'><strong>riam</strong></span> <span class='ocrx_word' id='word_1_331' title='bbox 408 3069 591 3126; x_wconf 80' lang='lat' dir='ltr'><strong>erratulcrum</strong></span> <span class='ocrx_word' id='word_1_332' title='bbox 611 3070 705 3144; x_wconf 86' lang='lat' dir='ltr'><strong>lugam</strong></span> <span class='ocrx_word' id='word_1_333' title='bbox 727 3072 913 3144; x_wconf 82' lang='lat' dir='ltr'><strong>leviorumque</strong></span> <span class='ocrx_word' id='word_1_334' title='bbox 930 3083 1126 3145; x_wconf 72' lang='lat' dir='ltr'><strong>preceptorum</strong></span> <span class='ocrx_word' id='word_1_335' title='bbox 1142 3077 1167 3140; x_wconf 85' lang='lat' dir='ltr'>G</span> <span class='ocrx_word' id='word_1_336' title='bbox 1217 3073 1276 3144; x_wconf 85' lang='lat' dir='ltr'><strong>(ltt)</strong></span> <span class='ocrx_word' id='word_1_337' title='bbox 1292 3072 1579 3143; x_wconf 83' lang='lat' dir='ltr'><strong>Ormundnepircopo.</strong></span> <span class='ocrx_word' id='word_1_338' title='bbox 1595 3070 1788 3128; x_wconf 80' lang='lat' dir='ltr'><strong>sarisberiensi</strong></span> <span class='ocrx_word' id='word_1_339' title='bbox 1797 3072 1840 3126; x_wconf 86' lang='lat' dir='ltr'><strong>vel</strong></span> <span class='ocrx_word' id='word_1_340' title='bbox 1855 3071 1981 3128; x_wconf 90' lang='lat' dir='ltr'><strong>Saliabe·</strong></span> 
     </span>
     <span class='ocr_line' id='line_1_43' title="bbox 323 3141 1980 3215; baseline 0.001 -20"><span class='ocrx_word' id='word_1_341' title='bbox 323 3141 567 3213; x_wconf 84' lang='lat' dir='ltr'><strong>diligentissimam</strong></span> <span class='ocrx_word' id='word_1_342' title='bbox 582 3141 794 3208; x_wconf 82' lang='lat' dir='ltr'><strong>observantiam,</strong></span> <span class='ocrx_word' id='word_1_343' title='bbox 816 3153 845 3200; x_wconf 91' lang='lat' dir='ltr'><strong>ut</strong></span> <span class='ocrx_word' id='word_1_344' title='bbox 859 3145 963 3215; x_wconf 85' lang='lat' dir='ltr'><strong>passim</strong></span> <span class='ocrx_word' id='word_1_345' title='bbox 979 3153 1006 3200; x_wconf 86' lang='lat' dir='ltr'><strong>et</strong></span> <span class='ocrx_word' id='word_1_346' title='bbox 1028 3148 1128 3201; x_wconf 86' lang='lat' dir='ltr'><strong>crebro</strong></span> <span class='ocrx_word' id='word_1_347' title='bbox 1183 3145 1278 3200; x_wconf 84' lang='lat' dir='ltr'><strong>riensi.</strong></span> <span class='ocrx_word' id='word_1_348' title='bbox 1296 3148 1366 3198; x_wconf 75' lang='lat' dir='ltr'><strong>Ante</strong></span> <span class='ocrx_word' id='word_1_349' title='bbox 1378 3144 1450 3198; x_wconf 89' lang='lat' dir='ltr'><strong>hunc</strong></span> <span class='ocrx_word' id='word_1_350' title='bbox 1463 3143 1560 3212; x_wconf 86' lang='lat' dir='ltr'><strong>reliqui</strong></span> <span class='ocrx_word' id='word_1_351' title='bbox 1579 3143 1699 3212; x_wconf 87' lang='lat' dir='ltr'><strong>episcopi</strong></span> <span class='ocrx_word' id='word_1_352' title='bbox 1716 3143 1883 3198; x_wconf 83' lang='lat' dir='ltr'><strong>vocabantur</strong></span> <span class='ocrx_word' id='word_1_353' title='bbox 1898 3142 1980 3198; x_wconf 88' lang='lat' dir='ltr'><strong>Schi-</strong></span> 
     </span>
     <span class='ocr_line' id='line_1_44' title="bbox 324 3211 1983 3287; baseline 0.001 -20"><span class='ocrx_word' id='word_1_354' title='bbox 324 3211 454 3267; x_wconf 78' lang='lat' dir='ltr'><strong>Anselm.</strong></span> <span class='ocrx_word' id='word_1_355' title='bbox 474 3224 638 3278; x_wconf 91' lang='lat' dir='ltr'><strong>commonet,</strong></span> <span class='ocrx_word' id='word_1_356' title='bbox 657 3215 802 3285; x_wconf 84' lang='lat' dir='ltr'><strong>raeterique</strong></span> <span class='ocrx_word' id='word_1_357' title='bbox 826 3217 929 3283; x_wconf 87' lang='lat' dir='ltr'><strong>Patres,</strong></span> <span class='ocrx_word' id='word_1_358' title='bbox 960 3232 1059 3287; x_wconf 87' lang='lat' dir='ltr'><strong>nempe</strong></span> <span class='ocrx_word' id='word_1_359' title='bbox 1088 3217 1124 3271; x_wconf 86' lang='lat' dir='ltr'><strong>D.</strong></span> <span class='ocrx_word' id='word_1_360' title='bbox 1182 3212 1604 3270; x_wconf 85' lang='lat' dir='ltr'><strong>reburnienseaaSchireburnia</strong></span> <span class='ocrx_word' id='word_1_361' title='bbox 1631 3213 1658 3267; x_wconf 93' lang='lat' dir='ltr'><strong>iii</strong></span> <span class='ocrx_word' id='word_1_362' title='bbox 1686 3215 1732 3266; x_wconf 85' lang='lat' dir='ltr'><strong>Aa</strong></span> <span class='ocrx_word' id='word_1_363' title='bbox 1756 3214 1791 3268; x_wconf 87' lang='lat' dir='ltr'><strong>lia</strong></span> <span class='ocrx_word' id='word_1_364' title='bbox 1818 3214 1983 3268; x_wconf 84' lang='lat' dir='ltr'><strong>Westsexc-</strong></span> 
     </span>
     <span class='ocr_line' id='line_1_45' title="bbox 325 3231 1981 3358; baseline -0.001 -19"><span class='ocrx_word' id='word_1_365' title='bbox 325 3283 469 3354; x_wconf 79' lang='lat' dir='ltr'><strong>chrysost.</strong></span> <span class='ocrx_word' id='word_1_366' title='bbox 486 3283 569 3338; x_wconf 90' lang='lat' dir='ltr'><strong>homil</strong></span> <span class='ocrx_word' id='word_1_367' title='bbox 582 3287 615 3339; x_wconf 75' lang='lat' dir='ltr'><strong>2&#39;t</strong></span> <span class='ocrx_word' id='word_1_368' title='bbox 631 3284 658 3337; x_wconf 91' lang='lat' dir='ltr'><strong>iri</strong></span> <span class='ocrx_word' id='word_1_369' title='bbox 671 3285 776 3350; x_wconf 78' lang='lat' dir='ltr'><strong>ttarih,</strong></span> <span class='ocrx_word' id='word_1_370' title='bbox 797 3293 824 3340; x_wconf 91' lang='lat' dir='ltr'><strong>et</strong></span> <span class='ocrx_word' id='word_1_371' title='bbox 838 3285 862 3340; x_wconf 88' lang='lat' dir='ltr'><strong>is</strong></span> <span class='ocrx_word' id='word_1_372' title='bbox 876 3287 910 3341; x_wconf 88' lang='lat' dir='ltr'><strong>ad</strong></span> <span class='ocrx_word' id='word_1_373' title='bbox 926 3288 1055 3358; x_wconf 91' lang='lat' dir='ltr'><strong>populum</strong></span> <span class='ocrx_word' id='word_1_374' title='bbox 1071 3289 1130 3341; x_wconf 84' lang='lat' dir='ltr'><strong>ilii-</strong></span> <span class='ocrx_word' id='word_1_375' title='bbox 1182 3287 1254 3347; x_wconf 83' lang='lat' dir='ltr'><strong>nica,</strong></span> <span class='ocrx_word' id='word_1_376' title='bbox 1280 3285 1340 3340; x_wconf 85' lang='lat' dir='ltr'><strong>vico</strong></span> <span class='ocrx_word' id='word_1_377' title='bbox 1363 3284 1487 3358; x_wconf 82' lang='lat' dir='ltr'><strong>ignobili,</strong></span> <span class='ocrx_word' id='word_1_378' title='bbox 1517 3231 1806 3340; x_wconf 57' lang='lat' dir='ltr'><strong>etinamoeno.15nde</strong></span> <span class='ocrx_word' id='word_1_379' title='bbox 1827 3290 1981 3340; x_wconf 88' lang='lat' dir='ltr'><strong>mimmest</strong></span> 
     </span>
    </p>
   </div>
   <div class='ocr_carea' id='block_1_14' title="bbox 323 3354 1130 4421">
    <p class='ocr_par' dir='ltr' id='par_1_14' title="bbox 323 3354 1130 4421">
     <span class='ocr_line' id='line_1_46' title="bbox 324 3354 1129 3423; baseline 0.004 -13"><span class='ocrx_word' id='word_1_380' title='bbox 324 3355 429 3412; x_wconf 90' lang='lat' dir='ltr'><strong>tbioch.</strong></span> <span class='ocrx_word' id='word_1_381' title='bbox 442 3354 559 3411; x_wconf 88' lang='lat' dir='ltr'><strong>llieron.</strong></span> <span class='ocrx_word' id='word_1_382' title='bbox 570 3355 604 3409; x_wconf 90' lang='lat' dir='ltr'><strong>ad</strong></span> <span class='ocrx_word' id='word_1_383' title='bbox 617 3355 757 3413; x_wconf 81' lang='lat' dir='ltr'><strong>Rusticum</strong></span> <span class='ocrx_word' id='word_1_384' title='bbox 782 3359 958 3423; x_wconf 88' lang='lat' dir='ltr'><strong>monachum,</strong></span> <span class='ocrx_word' id='word_1_385' title='bbox 989 3368 1015 3413; x_wconf 90' lang='lat' dir='ltr'><strong>et</strong></span> <span class='ocrx_word' id='word_1_386' title='bbox 1030 3359 1129 3413; x_wconf 87' lang='lat' dir='ltr'><strong>Eusta-</strong></span> 
     </span>
     <span class='ocr_line' id='line_1_47' title="bbox 324 3424 1128 3499; baseline 0.004 -17"><span class='ocrx_word' id='word_1_387' title='bbox 324 3426 415 3482; x_wconf 87' lang='lat' dir='ltr'><strong>chiam</strong></span> <span class='ocrx_word' id='word_1_388' title='bbox 440 3424 475 3480; x_wconf 90' lang='lat' dir='ltr'><strong>de</strong></span> <span class='ocrx_word' id='word_1_389' title='bbox 499 3426 625 3481; x_wconf 86' lang='lat' dir='ltr'><strong>custodia</strong></span> <span class='ocrx_word' id='word_1_390' title='bbox 641 3426 812 3499; x_wconf 79' lang='lat' dir='ltr'><strong>virginitatis,</strong></span> <span class='ocrx_word' id='word_1_391' title='bbox 829 3428 947 3499; x_wconf 87' lang='lat' dir='ltr'><strong>Gregcr.</strong></span> <span class='ocrx_word' id='word_1_392' title='bbox 961 3430 1128 3485; x_wconf 90' lang='lat' dir='ltr'><strong>Nazianzen.</strong></span> 
     </span>
     <span class='ocr_line' id='line_1_48' title="bbox 325 3496 1129 3565; baseline 0.004 -13"><span class='ocrx_word' id='word_1_393' title='bbox 325 3509 397 3552; x_wconf 86' lang='lat' dir='ltr'><strong>orat.</strong></span> <span class='ocrx_word' id='word_1_394' title='bbox 416 3498 428 3551; x_wconf 93' lang='lat' dir='ltr'><strong>l</strong></span> <span class='ocrx_word' id='word_1_395' title='bbox 445 3496 472 3550; x_wconf 92' lang='lat' dir='ltr'><strong>iii</strong></span> <span class='ocrx_word' id='word_1_396' title='bbox 488 3497 633 3561; x_wconf 78' lang='lat' dir='ltr'><strong>lulianum,</strong></span> <span class='ocrx_word' id='word_1_397' title='bbox 651 3498 682 3552; x_wconf 89' lang='lat' dir='ltr'><strong>D.</strong></span> <span class='ocrx_word' id='word_1_398' title='bbox 707 3498 838 3565; x_wconf 85' lang='lat' dir='ltr'><strong>Ephrem.</strong></span> <span class='ocrx_word' id='word_1_399' title='bbox 859 3507 928 3555; x_wconf 93' lang='lat' dir='ltr'><strong>tom.</strong></span> <span class='ocrx_word' id='word_1_400' title='bbox 946 3500 969 3554; x_wconf 95' lang='lat' dir='ltr'><strong>ll</strong></span> <span class='ocrx_word' id='word_1_401' title='bbox 994 3508 1072 3555; x_wconf 86' lang='lat' dir='ltr'><strong>tract.</strong></span> <span class='ocrx_word' id='word_1_402' title='bbox 1090 3502 1129 3555; x_wconf 87' lang='lat' dir='ltr'><strong>Dc</strong></span> 
     </span>
     <span class='ocr_line' id='line_1_49' title="bbox 326 3566 1129 3643; baseline 0.005 -22"><span class='ocrx_word' id='word_1_403' title='bbox 326 3568 536 3635; x_wconf 88' lang='lat' dir='ltr'><strong>intemperantia</strong></span> <span class='ocrx_word' id='word_1_404' title='bbox 552 3568 587 3621; x_wconf 92' lang='lat' dir='ltr'><strong>ab</strong></span> <span class='ocrx_word' id='word_1_405' title='bbox 604 3566 645 3621; x_wconf 90' lang='lat' dir='ltr'><strong>liis</strong></span> <span class='ocrx_word' id='word_1_406' title='bbox 659 3570 751 3623; x_wconf 85' lang='lat' dir='ltr'><strong>verbis</strong></span> <span class='ocrx_word' id='word_1_407' title='bbox 768 3588 773 3624; x_wconf 94' lang='lat'>:</span> <span class='ocrx_word' id='word_1_408' title='bbox 795 3571 923 3635; x_wconf 59' lang='lat' dir='ltr'><strong>immitis,</strong></span> <span class='ocrx_word' id='word_1_409' title='bbox 939 3573 988 3643; x_wconf 82' lang='lat' dir='ltr'><strong>qui</strong></span> <span class='ocrx_word' id='word_1_410' title='bbox 1001 3572 1129 3626; x_wconf 82' lang='lat' dir='ltr'><strong>minimis</strong></span> 
     </span>
     <span class='ocr_line' id='line_1_50' title="bbox 327 3638 1130 3710; baseline 0.001 -15"><span class='ocrx_word' id='word_1_411' title='bbox 327 3638 541 3710; x_wconf 82' lang='lat' dir='ltr'><strong>levissimirque,</strong></span> <span class='ocrx_word' id='word_1_412' title='bbox 552 3648 616 3708; x_wconf 84' lang='lat' dir='ltr'><strong>cic,</strong></span> <span class='ocrx_word' id='word_1_413' title='bbox 628 3646 653 3693; x_wconf 90' lang='lat' dir='ltr'><strong>et</strong></span> <span class='ocrx_word' id='word_1_414' title='bbox 664 3640 799 3694; x_wconf 81' lang='lat' dir='ltr'><strong>Parmnesi</strong></span> <span class='ocrx_word' id='word_1_415' title='bbox 814 3649 880 3695; x_wconf 88' lang='lat' dir='ltr'><strong>toiri.</strong></span> <span class='ocrx_word' id='word_1_416' title='bbox 892 3642 984 3697; x_wconf 84' lang='lat' dir='ltr'><strong>xxix</strong></span> <span class='ocrx_word' id='word_1_417' title='bbox 998 3642 1027 3697; x_wconf 90' lang='lat' dir='ltr'><strong>S.</strong></span> <span class='ocrx_word' id='word_1_418' title='bbox 1040 3642 1130 3696; x_wconf 82' lang='lat' dir='ltr'><strong>Caesa-</strong></span> 
     </span>
     <span class='ocr_line' id='line_1_51' title="bbox 325 3710 1129 3791; baseline 0.002 -26"><span class='ocrx_word' id='word_1_419' title='bbox 325 3710 382 3765; x_wconf 84' lang='lat' dir='ltr'><strong>rius</strong></span> <span class='ocrx_word' id='word_1_420' title='bbox 394 3710 498 3764; x_wconf 78' lang='lat' dir='ltr'><strong>aretii.</strong></span> <span class='ocrx_word' id='word_1_421' title='bbox 510 3726 595 3765; x_wconf 77' lang='lat' dir='ltr'><strong>serm.</strong></span> <span class='ocrx_word' id='word_1_422' title='bbox 615 3713 641 3763; x_wconf 87' lang='lat'><strong>8.</strong></span> <span class='ocrx_word' id='word_1_423' title='bbox 657 3710 1040 3791; x_wconf 76' lang='lat' dir='ltr'><strong>Rursusquenosterhnselm.</strong></span> <span class='ocrx_word' id='word_1_424' title='bbox 1056 3713 1129 3781; x_wconf 88' lang='lat' dir='ltr'><strong>apud</strong></span> 
     </span>
     <span class='ocr_line' id='line_1_52' title="bbox 326 3779 1128 3853; baseline 0.002 -18"><span class='ocrx_word' id='word_1_425' title='bbox 326 3782 492 3835; x_wconf 84' lang='lat' dir='ltr'><strong>Eadmerum</strong></span> <span class='ocrx_word' id='word_1_426' title='bbox 512 3779 560 3836; x_wconf 89' lang='lat' dir='ltr'><strong>lib.</strong></span> <span class='ocrx_word' id='word_1_427' title='bbox 590 3797 608 3843; x_wconf 88' lang='grc' dir='ltr'><strong>ι,</strong></span> <span class='ocrx_word' id='word_1_428' title='bbox 636 3780 815 3837; x_wconf 85' lang='lat' dir='ltr'><strong>similitudine</strong></span> <span class='ocrx_word' id='word_1_429' title='bbox 840 3792 946 3853; x_wconf 90' lang='lat' dir='ltr'><strong>sumpta</strong></span> <span class='ocrx_word' id='word_1_430' title='bbox 963 3800 995 3838; x_wconf 89' lang='lat' dir='ltr'><strong>ex</strong></span> <span class='ocrx_word' id='word_1_431' title='bbox 1011 3783 1128 3849; x_wconf 84' lang='lat' dir='ltr'><strong>vinario,</strong></span> 
     </span>
     <span class='ocr_line' id='line_1_53' title="bbox 325 3851 1127 3923; baseline -0.001 -16"><span class='ocrx_word' id='word_1_432' title='bbox 325 3851 405 3920; x_wconf 86' lang='lat' dir='ltr'><strong>cujus</strong></span> <span class='ocrx_word' id='word_1_433' title='bbox 421 3851 507 3917; x_wconf 67' lang='lat' dir='ltr'><strong>rimer,</strong></span> <span class='ocrx_word' id='word_1_434' title='bbox 524 3852 699 3923; x_wconf 80' lang='lat' dir='ltr'><strong>quantumi-ts</strong></span> <span class='ocrx_word' id='word_1_435' title='bbox 716 3858 820 3914; x_wconf 88' lang='lat' dir='ltr'><strong>tenues,</strong></span> <span class='ocrx_word' id='word_1_436' title='bbox 838 3854 861 3908; x_wconf 95' lang='lat' dir='ltr'><strong>si</strong></span> <span class='ocrx_word' id='word_1_437' title='bbox 886 3870 939 3908; x_wconf 89' lang='lat' dir='ltr'><strong>non</strong></span> <span class='ocrx_word' id='word_1_438' title='bbox 955 3854 1127 3922; x_wconf 88' lang='lat' dir='ltr'><strong>obturentur,</strong></span> 
     </span>
     <span class='ocr_line' id='line_1_54' title="bbox 326 3921 1128 3995; baseline -0.001 -17"><span class='ocrx_word' id='word_1_439' title='bbox 326 3921 471 3978; x_wconf 82' lang='lat' dir='ltr'><strong>confestim</strong></span> <span class='ocrx_word' id='word_1_440' title='bbox 487 3938 585 3992; x_wconf 86' lang='lat' dir='ltr'><strong>nquam</strong></span> <span class='ocrx_word' id='word_1_441' title='bbox 601 3929 683 3977; x_wconf 88' lang='lat' dir='ltr'><strong>totam</strong></span> <span class='ocrx_word' id='word_1_442' title='bbox 696 3924 831 3985; x_wconf 80' lang='lat' dir='ltr'><strong>emittant.</strong></span> <span class='ocrx_word' id='word_1_443' title='bbox 847 3924 919 3980; x_wconf 88' lang='lat' dir='ltr'><strong>iinde</strong></span> <span class='ocrx_word' id='word_1_444' title='bbox 930 3924 1044 3995; x_wconf 91' lang='lat' dir='ltr'><strong>piscium</strong></span> <span class='ocrx_word' id='word_1_445' title='bbox 1059 3940 1128 3979; x_wconf 88' lang='lat' dir='ltr'><strong>coii-</strong></span> 
     </span>
     <span class='ocr_line' id='line_1_55' title="bbox 324 3992 1129 4064; baseline 0.002 -17"><span class='ocrx_word' id='word_1_446' title='bbox 324 4002 453 4064; x_wconf 80' lang='lat' dir='ltr'><strong>sequetur</strong></span> <span class='ocrx_word' id='word_1_447' title='bbox 467 3992 605 4047; x_wconf 88' lang='lat' dir='ltr'><strong>interitus.</strong></span> <span class='ocrx_word' id='word_1_448' title='bbox 626 3993 745 4047; x_wconf 86' lang='lat' dir='ltr'><strong>Leontos</strong></span> <span class='ocrx_word' id='word_1_449' title='bbox 763 3995 911 4050; x_wconf 86' lang='lat' dir='ltr'><strong>canonicus</strong></span> <span class='ocrx_word' id='word_1_450' title='bbox 936 4004 1028 4049; x_wconf 89' lang='lat' dir='ltr'><strong>noster</strong></span> <span class='ocrx_word' id='word_1_451' title='bbox 1050 4002 1129 4064; x_wconf 89' lang='lat' dir='ltr'><strong>poeta</strong></span> 
     </span>
     <span class='ocr_line' id='line_1_56' title="bbox 326 4064 1127 4135; baseline 0.005 -18"><span class='ocrx_word' id='word_1_452' title='bbox 326 4080 385 4117; x_wconf 92' lang='lat' dir='ltr'><strong>non</strong></span> <span class='ocrx_word' id='word_1_453' title='bbox 399 4065 626 4129; x_wconf 87' lang='lat' dir='ltr'><strong>contemnendus,</strong></span> <span class='ocrx_word' id='word_1_454' title='bbox 640 4064 685 4133; x_wconf 90' lang='lat' dir='ltr'><strong>qui</strong></span> <span class='ocrx_word' id='word_1_455' title='bbox 701 4075 764 4121; x_wconf 90' lang='lat' dir='ltr'><strong>aiitc</strong></span> <span class='ocrx_word' id='word_1_456' title='bbox 783 4068 934 4122; x_wconf 78' lang='lat' dir='ltr'><strong>ihoannes</strong></span> <span class='ocrx_word' id='word_1_457' title='bbox 953 4066 1066 4135; x_wconf 88' lang='lat' dir='ltr'><strong>parabat</strong></span> <span class='ocrx_word' id='word_1_458' title='bbox 1076 4066 1127 4121; x_wconf 87' lang='lat' dir='ltr'><strong>be-</strong></span> 
     </span>
     <span class='ocr_line' id='line_1_57' title="bbox 327 4134 1128 4205; baseline 0.004 -16"><span class='ocrx_word' id='word_1_459' title='bbox 327 4134 432 4191; x_wconf 90' lang='lat' dir='ltr'><strong>roicum</strong></span> <span class='ocrx_word' id='word_1_460' title='bbox 445 4150 556 4191; x_wconf 87' lang='lat' dir='ltr'><strong>carnem</strong></span> <span class='ocrx_word' id='word_1_461' title='bbox 573 4138 599 4188; x_wconf 90' lang='lat' dir='ltr'><strong>iii</strong></span> <span class='ocrx_word' id='word_1_462' title='bbox 615 4137 743 4189; x_wconf 77' lang='lat' dir='ltr'><strong>universa</strong></span> <span class='ocrx_word' id='word_1_463' title='bbox 765 4136 862 4204; x_wconf 87' lang='lat' dir='ltr'><strong>Biblia,</strong></span> <span class='ocrx_word' id='word_1_464' title='bbox 876 4138 923 4191; x_wconf 88' lang='lat' dir='ltr'><strong>sed</strong></span> <span class='ocrx_word' id='word_1_465' title='bbox 941 4152 1128 4205; x_wconf 84' lang='lat' dir='ltr'><strong>morapraeve·</strong></span> 
     </span>
     <span class='ocr_line' id='line_1_58' title="bbox 326 4202 1128 4277; baseline 0 -17"><span class='ocrx_word' id='word_1_466' title='bbox 326 4202 404 4260; x_wconf 89' lang='lat' dir='ltr'><strong>niens</strong></span> <span class='ocrx_word' id='word_1_467' title='bbox 416 4205 530 4275; x_wconf 76' lang='lat' dir='ltr'><strong>iamjani</strong></span> <span class='ocrx_word' id='word_1_468' title='bbox 547 4206 690 4262; x_wconf 87' lang='lat' dir='ltr'><strong>scribentis</strong></span> <span class='ocrx_word' id='word_1_469' title='bbox 703 4222 812 4261; x_wconf 85' lang='lat' dir='ltr'><strong>manum</strong></span> <span class='ocrx_word' id='word_1_470' title='bbox 829 4208 1128 4277; x_wconf 79' lang='lat' dir='ltr'><strong>obstupefecitetcom-</strong></span> 
     </span>
     <span class='ocr_line' id='line_1_59' title="bbox 323 4276 1129 4349; baseline 0.002 -19"><span class='ocrx_word' id='word_1_471' title='bbox 323 4277 442 4348; x_wconf 85' lang='lat' dir='ltr'><strong>pcacuit.</strong></span> <span class='ocrx_word' id='word_1_472' title='bbox 461 4276 549 4345; x_wconf 79' lang='lat' dir='ltr'><strong>Quam</strong></span> <span class='ocrx_word' id='word_1_473' title='bbox 564 4276 600 4331; x_wconf 94' lang='lat' dir='ltr'><strong>ob</strong></span> <span class='ocrx_word' id='word_1_474' title='bbox 615 4292 726 4331; x_wconf 90' lang='lat' dir='ltr'><strong>causam</strong></span> <span class='ocrx_word' id='word_1_475' title='bbox 739 4276 960 4349; x_wconf 86' lang='lat' dir='ltr'><strong>reliquittantum</strong></span> <span class='ocrx_word' id='word_1_476' title='bbox 972 4279 1056 4333; x_wconf 89' lang='lat' dir='ltr'><strong>libros</strong></span> <span class='ocrx_word' id='word_1_477' title='bbox 1064 4278 1129 4332; x_wconf 89' lang='lat' dir='ltr'><strong>duo·</strong></span> 
     </span>
     <span class='ocr_line' id='line_1_60' title="bbox 324 4345 1130 4421; baseline 0 -18"><span class='ocrx_word' id='word_1_478' title='bbox 324 4348 413 4403; x_wconf 90' lang='lat' dir='ltr'><strong>decim</strong></span> <span class='ocrx_word' id='word_1_479' title='bbox 427 4345 519 4402; x_wconf 84' lang='lat' dir='ltr'><strong>linitos</strong></span> <span class='ocrx_word' id='word_1_480' title='bbox 534 4346 561 4401; x_wconf 92' lang='lat' dir='ltr'><strong>iri</strong></span> <span class='ocrx_word' id='word_1_481' title='bbox 577 4348 687 4403; x_wconf 91' lang='lat' dir='ltr'><strong>historia</strong></span> <span class='ocrx_word' id='word_1_482' title='bbox 711 4348 790 4404; x_wconf 87' lang='lat' dir='ltr'><strong>lliitb.</strong></span> <span class='ocrx_word' id='word_1_483' title='bbox 829 4350 863 4415; x_wconf 87' lang='lat' dir='ltr'><strong>ts,</strong></span> <span class='ocrx_word' id='word_1_484' title='bbox 894 4350 1003 4421; x_wconf 79' lang='lat' dir='ltr'><strong>inquam</strong></span> <span class='ocrx_word' id='word_1_485' title='bbox 1032 4357 1130 4418; x_wconf 80' lang='lat' dir='ltr'><strong>praeter</strong></span> 
     </span>
    </p>
   </div>
   <div class='ocr_carea' id='block_1_15' title="bbox 1182 3354 1983 4417">
    <p class='ocr_par' dir='ltr' id='par_1_15' title="bbox 1182 3354 1983 4417">
     <span class='ocr_line' id='line_1_61' title="bbox 1182 3354 1979 3427; baseline -0.003 -15"><span class='ocrx_word' id='word_1_486' title='bbox 1182 3357 1277 3413; x_wconf 90' lang='lat' dir='ltr'><strong>tandiu</strong></span> <span class='ocrx_word' id='word_1_487' title='bbox 1297 3356 1351 3411; x_wconf 92' lang='lat' dir='ltr'><strong>illic</strong></span> <span class='ocrx_word' id='word_1_488' title='bbox 1366 3357 1511 3427; x_wconf 85' lang='lat' dir='ltr'><strong>episcopos</strong></span> <span class='ocrx_word' id='word_1_489' title='bbox 1526 3354 1641 3410; x_wconf 89' lang='lat' dir='ltr'><strong>sedisse.</strong></span> <span class='ocrx_word' id='word_1_490' title='bbox 1657 3355 1778 3411; x_wconf 84' lang='lat' dir='ltr'><strong>Tandem</strong></span> <span class='ocrx_word' id='word_1_491' title='bbox 1797 3357 1877 3421; x_wconf 70' lang='lat' dir='ltr'><strong>rote,</strong></span> <span class='ocrx_word' id='word_1_492' title='bbox 1893 3371 1979 3426; x_wconf 74' lang='lat' dir='ltr'><strong>syno-</strong></span> 
     </span>
     <span class='ocr_line' id='line_1_62' title="bbox 1183 3425 1979 3498; baseline -0.001 -17"><span class='ocrx_word' id='word_1_493' title='bbox 1183 3428 1234 3483; x_wconf 88' lang='lat' dir='ltr'><strong>dus</strong></span> <span class='ocrx_word' id='word_1_494' title='bbox 1247 3438 1357 3483; x_wconf 89' lang='lat' dir='ltr'><strong>auctore</strong></span> <span class='ocrx_word' id='word_1_495' title='bbox 1376 3427 1526 3481; x_wconf 85' lang='lat' dir='ltr'><strong>Lanlranco</strong></span> <span class='ocrx_word' id='word_1_496' title='bbox 1539 3425 1655 3481; x_wconf 79' lang='lat' dir='ltr'><strong>londini</strong></span> <span class='ocrx_word' id='word_1_497' title='bbox 1670 3435 1712 3480; x_wconf 91' lang='lat' dir='ltr'><strong>est</strong></span> <span class='ocrx_word' id='word_1_498' title='bbox 1739 3427 1842 3488; x_wconf 85' lang='lat' dir='ltr'><strong>habita,</strong></span> <span class='ocrx_word' id='word_1_499' title='bbox 1870 3426 1897 3480; x_wconf 92' lang='lat' dir='ltr'><strong>in</strong></span> <span class='ocrx_word' id='word_1_500' title='bbox 1914 3440 1979 3498; x_wconf 88' lang='lat' dir='ltr'><strong>qua,</strong></span> 
     </span>
     <span class='ocr_line' id='line_1_63' title="bbox 1183 3496 1980 3567; baseline -0.004 -14"><span class='ocrx_word' id='word_1_501' title='bbox 1183 3508 1213 3553; x_wconf 90' lang='lat' dir='ltr'><strong>ut</strong></span> <span class='ocrx_word' id='word_1_502' title='bbox 1227 3508 1361 3553; x_wconf 88' lang='lat' dir='ltr'><strong>testantur</strong></span> <span class='ocrx_word' id='word_1_503' title='bbox 1381 3506 1441 3552; x_wconf 82' lang='lat' dir='ltr'><strong>ecta</strong></span> <span class='ocrx_word' id='word_1_504' title='bbox 1464 3497 1586 3565; x_wconf 88' lang='lat' dir='ltr'><strong>ejusdem</strong></span> <span class='ocrx_word' id='word_1_505' title='bbox 1615 3496 1737 3567; x_wconf 89' lang='lat' dir='ltr'><strong>epistolis</strong></span> <span class='ocrx_word' id='word_1_506' title='bbox 1761 3496 1904 3553; x_wconf 85' lang='lat' dir='ltr'><strong>Lanlranci</strong></span> <span class='ocrx_word' id='word_1_507' title='bbox 1931 3498 1980 3550; x_wconf 88' lang='lat' dir='ltr'><strong>ad·</strong></span> 
     </span>
     <span class='ocr_line' id='line_1_64' title="bbox 1182 3566 1980 3637; baseline -0.005 -13"><span class='ocrx_word' id='word_1_508' title='bbox 1182 3571 1274 3637; x_wconf 84' lang='lat' dir='ltr'><strong>mista,</strong></span> <span class='ocrx_word' id='word_1_509' title='bbox 1290 3579 1317 3623; x_wconf 90' lang='lat' dir='ltr'><strong>at</strong></span> <span class='ocrx_word' id='word_1_510' title='bbox 1338 3569 1457 3624; x_wconf 88' lang='lat' dir='ltr'><strong>decretis</strong></span> <span class='ocrx_word' id='word_1_511' title='bbox 1474 3583 1643 3622; x_wconf 89' lang='lat' dir='ltr'><strong>summorum</strong></span> <span class='ocrx_word' id='word_1_512' title='bbox 1669 3566 1838 3636; x_wconf 82' lang='lat' dir='ltr'><strong>pontificum,</strong></span> <span class='ocrx_word' id='word_1_513' title='bbox 1868 3566 1980 3621; x_wconf 88' lang='lat' dir='ltr'><strong>Damasi</strong></span> 
     </span>
     <span class='ocr_line' id='line_1_65' title="bbox 1183 3637 1980 3701; baseline -0.008 -6"><span class='ocrx_word' id='word_1_514' title='bbox 1183 3641 1309 3695; x_wconf 79' lang='lat' dir='ltr'><strong>videlicet</strong></span> <span class='ocrx_word' id='word_1_515' title='bbox 1323 3648 1347 3692; x_wconf 90' lang='lat' dir='ltr'><strong>et</strong></span> <span class='ocrx_word' id='word_1_516' title='bbox 1362 3639 1472 3701; x_wconf 88' lang='lat' dir='ltr'><strong>Leonis,</strong></span> <span class='ocrx_word' id='word_1_517' title='bbox 1488 3654 1538 3692; x_wconf 89' lang='lat' dir='ltr'><strong>nec</strong></span> <span class='ocrx_word' id='word_1_518' title='bbox 1561 3652 1616 3691; x_wconf 91' lang='lat' dir='ltr'><strong>noii</strong></span> <span class='ocrx_word' id='word_1_519' title='bbox 1631 3654 1665 3691; x_wconf 87' lang='lat' dir='ltr'><strong>ex</strong></span> <span class='ocrx_word' id='word_1_520' title='bbox 1680 3639 1802 3692; x_wconf 88' lang='lat' dir='ltr'><strong>conciliis</strong></span> <span class='ocrx_word' id='word_1_521' title='bbox 1828 3637 1980 3693; x_wconf 79' lang='lat' dir='ltr'><strong>sardicensi</strong></span> 
     </span>
     <span class='ocr_line' id='line_1_66' title="bbox 1182 3707 1979 3780; baseline -0.008 -14"><span class='ocrx_word' id='word_1_522' title='bbox 1182 3719 1264 3780; x_wconf 82' lang='lat' dir='ltr'><strong>utque</strong></span> <span class='ocrx_word' id='word_1_523' title='bbox 1282 3709 1454 3778; x_wconf 84' lang='lat' dir='ltr'><strong>Laodicensi,</strong></span> <span class='ocrx_word' id='word_1_524' title='bbox 1482 3708 1508 3762; x_wconf 90' lang='lat' dir='ltr'><strong>in</strong></span> <span class='ocrx_word' id='word_1_525' title='bbox 1525 3708 1623 3779; x_wconf 88' lang='lat' dir='ltr'><strong>quibus</strong></span> <span class='ocrx_word' id='word_1_526' title='bbox 1633 3708 1790 3777; x_wconf 87' lang='lat' dir='ltr'><strong>prohibetur</strong></span> <span class='ocrx_word' id='word_1_527' title='bbox 1808 3707 1979 3778; x_wconf 83' lang='lat' dir='ltr'><strong>episcopales</strong></span> 
     </span>
     <span class='ocr_line' id='line_1_67' title="bbox 1182 3778 1980 3849; baseline -0.005 -13"><span class='ocrx_word' id='word_1_528' title='bbox 1182 3783 1262 3836; x_wconf 88' lang='lat' dir='ltr'><strong>sedes</strong></span> <span class='ocrx_word' id='word_1_529' title='bbox 1277 3780 1304 3834; x_wconf 94' lang='lat' dir='ltr'><strong>in</strong></span> <span class='ocrx_word' id='word_1_530' title='bbox 1320 3779 1396 3833; x_wconf 85' lang='lat' dir='ltr'><strong>villis</strong></span> <span class='ocrx_word' id='word_1_531' title='bbox 1411 3781 1538 3843; x_wconf 83' lang='lat' dir='ltr'><strong>existere,</strong></span> <span class='ocrx_word' id='word_1_532' title='bbox 1549 3794 1706 3833; x_wconf 88' lang='lat' dir='ltr'><strong>concessum</strong></span> <span class='ocrx_word' id='word_1_533' title='bbox 1730 3785 1770 3832; x_wconf 93' lang='lat' dir='ltr'><strong>est</strong></span> <span class='ocrx_word' id='word_1_534' title='bbox 1794 3779 1867 3849; x_wconf 88' lang='lat' dir='ltr'><strong>regis</strong></span> <span class='ocrx_word' id='word_1_535' title='bbox 1886 3778 1980 3832; x_wconf 88' lang='lat' dir='ltr'><strong>muni·</strong></span> 
     </span>
     <span class='ocr_line' id='line_1_68' title="bbox 1184 3847 1981 3921; baseline -0.008 -14"><span class='ocrx_word' id='word_1_536' title='bbox 1184 3852 1303 3918; x_wconf 88' lang='lat' dir='ltr'><strong>licentia,</strong></span> <span class='ocrx_word' id='word_1_537' title='bbox 1319 3859 1347 3906; x_wconf 90' lang='lat' dir='ltr'><strong>et</strong></span> <span class='ocrx_word' id='word_1_538' title='bbox 1359 3850 1483 3921; x_wconf 83' lang='lat' dir='ltr'><strong>synodali</strong></span> <span class='ocrx_word' id='word_1_539' title='bbox 1498 3850 1658 3905; x_wconf 88' lang='lat' dir='ltr'><strong>auctoritate</strong></span> <span class='ocrx_word' id='word_1_540' title='bbox 1673 3848 1794 3919; x_wconf 73' lang='lat' dir='ltr'><strong>prefatis</strong></span> <span class='ocrx_word' id='word_1_541' title='bbox 1819 3849 1907 3903; x_wconf 88' lang='lat' dir='ltr'><strong>tribus</strong></span> <span class='ocrx_word' id='word_1_542' title='bbox 1919 3847 1981 3919; x_wconf 91' lang='lat' dir='ltr'><strong>epi·</strong></span> 
     </span>
     <span class='ocr_line' id='line_1_69' title="bbox 1183 3919 1981 3993; baseline -0.004 -17"><span class='ocrx_word' id='word_1_543' title='bbox 1183 3924 1276 3993; x_wconf 87' lang='lat' dir='ltr'><strong>scopis</strong></span> <span class='ocrx_word' id='word_1_544' title='bbox 1287 3925 1321 3977; x_wconf 90' lang='lat' dir='ltr'><strong>de</strong></span> <span class='ocrx_word' id='word_1_545' title='bbox 1336 3922 1407 3977; x_wconf 84' lang='lat' dir='ltr'><strong>tillia</strong></span> <span class='ocrx_word' id='word_1_546' title='bbox 1422 3922 1539 3975; x_wconf 87' lang='lat' dir='ltr'><strong>transire</strong></span> <span class='ocrx_word' id='word_1_547' title='bbox 1555 3920 1588 3974; x_wconf 92' lang='lat' dir='ltr'><strong>ad</strong></span> <span class='ocrx_word' id='word_1_548' title='bbox 1598 3920 1722 3975; x_wconf 85' lang='lat' dir='ltr'><strong>civitates</strong></span> <span class='ocrx_word' id='word_1_549' title='bbox 1737 3934 1744 3986; x_wconf 75' lang='lat'><em>3</em></span> <span class='ocrx_word' id='word_1_550' title='bbox 1761 3921 1918 3974; x_wconf 83' lang='lat' dir='ltr'><strong>Hermanno</strong></span> <span class='ocrx_word' id='word_1_551' title='bbox 1946 3919 1981 3973; x_wconf 91' lang='lat' dir='ltr'><strong>de</strong></span> 
     </span>
     <span class='ocr_line' id='line_1_70' title="bbox 1184 3991 1981 4065; baseline -0.001 -17"><span class='ocrx_word' id='word_1_552' title='bbox 1184 3993 1354 4065; x_wconf 73' lang='lat' dir='ltr'><strong>Syraburnia</strong></span> <span class='ocrx_word' id='word_1_553' title='bbox 1369 3992 1404 4046; x_wconf 91' lang='lat' dir='ltr'><strong>ad</strong></span> <span class='ocrx_word' id='word_1_554' title='bbox 1417 3992 1606 4055; x_wconf 88' lang='lat' dir='ltr'><strong>Serisberiam,</strong></span> <span class='ocrx_word' id='word_1_555' title='bbox 1622 3999 1675 4047; x_wconf 90' lang='lat' dir='ltr'><strong>etc.</strong></span> <span class='ocrx_word' id='word_1_556' title='bbox 1693 3991 1915 4060; x_wconf 81' lang='lat' dir='ltr'><strong>Vulgarisautem</strong></span> <span class='ocrx_word' id='word_1_557' title='bbox 1930 4006 1981 4047; x_wconf 88' lang='lat' dir='ltr'><strong>co-</strong></span> 
     </span>
     <span class='ocr_line' id='line_1_71' title="bbox 1183 4062 1981 4135; baseline -0.001 -17"><span class='ocrx_word' id='word_1_558' title='bbox 1183 4067 1275 4120; x_wconf 81' lang='lat' dir='ltr'><strong>dicum</strong></span> <span class='ocrx_word' id='word_1_559' title='bbox 1286 4065 1478 4135; x_wconf 78' lang='lat' dir='ltr'><strong>impressorum</strong></span> <span class='ocrx_word' id='word_1_560' title='bbox 1489 4063 1572 4117; x_wconf 89' lang='lat' dir='ltr'><strong>lectio</strong></span> <span class='ocrx_word' id='word_1_561' title='bbox 1582 4062 1663 4116; x_wconf 87' lang='lat' dir='ltr'><strong>habet</strong></span> <span class='ocrx_word' id='word_1_562' title='bbox 1673 4062 1852 4118; x_wconf 84' lang='lat' dir='ltr'><strong>Saiisberiam</strong></span> <span class='ocrx_word' id='word_1_563' title='bbox 1861 4062 1981 4117; x_wconf 87' lang='lat' dir='ltr'><strong>etSche·</strong></span> 
     </span>
     <span class='ocr_line' id='line_1_72' title="bbox 1182 4133 1981 4203; baseline -0.003 -14"><span class='ocrx_word' id='word_1_564' title='bbox 1182 4136 1337 4190; x_wconf 89' lang='lat' dir='ltr'><strong>rcbnrniam</strong></span> <span class='ocrx_word' id='word_1_565' title='bbox 1356 4133 1477 4199; x_wconf 84' lang='lat' dir='ltr'><strong>;tabulae</strong></span> <span class='ocrx_word' id='word_1_566' title='bbox 1492 4148 1600 4203; x_wconf 81' lang='lat' dir='ltr'><strong>quoque</strong></span> <span class='ocrx_word' id='word_1_567' title='bbox 1610 4133 1852 4189; x_wconf 80' lang='lat' dir='ltr'><strong>sarisberiensium</strong></span> <span class='ocrx_word' id='word_1_568' title='bbox 1871 4133 1981 4203; x_wconf 88' lang='lat' dir='ltr'><strong>episco-</strong></span> 
     </span>
     <span class='ocr_line' id='line_1_73' title="bbox 1182 4203 1977 4277; baseline -0.006 -16"><span class='ocrx_word' id='word_1_569' title='bbox 1182 4222 1279 4277; x_wconf 91' lang='lat' dir='ltr'><strong>porum</strong></span> <span class='ocrx_word' id='word_1_570' title='bbox 1305 4206 1331 4260; x_wconf 92' lang='lat' dir='ltr'><strong>iii</strong></span> <span class='ocrx_word' id='word_1_571' title='bbox 1360 4205 1526 4260; x_wconf 85' lang='lat' dir='ltr'><strong>bibliotheca</strong></span> <span class='ocrx_word' id='word_1_572' title='bbox 1542 4204 1637 4259; x_wconf 73' lang='lat' dir='ltr'><strong>Sancti</strong></span> <span class='ocrx_word' id='word_1_573' title='bbox 1666 4204 1786 4259; x_wconf 80' lang='lat' dir='ltr'><strong>Victoris</strong></span> <span class='ocrx_word' id='word_1_574' title='bbox 1801 4203 1977 4259; x_wconf 87' lang='lat' dir='ltr'><strong>Parisiensis.</strong></span> 
     </span>
     <span class='ocr_line' id='line_1_74' title="bbox 1183 4275 1981 4346; baseline -0.005 -14"><span class='ocrx_word' id='word_1_575' title='bbox 1183 4280 1340 4332; x_wconf 89' lang='lat' dir='ltr'><strong>lleriiianus</strong></span> <span class='ocrx_word' id='word_1_576' title='bbox 1356 4278 1439 4346; x_wconf 89' lang='lat' dir='ltr'><strong>igitur</strong></span> <span class='ocrx_word' id='word_1_577' title='bbox 1454 4291 1519 4329; x_wconf 89' lang='lat' dir='ltr'><strong>mox</strong></span> <span class='ocrx_word' id='word_1_578' title='bbox 1532 4283 1564 4329; x_wconf 93' lang='grc' dir='ltr'><strong>ιιι</strong></span> <span class='ocrx_word' id='word_1_579' title='bbox 1578 4276 1670 4329; x_wconf 88' lang='lat' dir='ltr'><strong>sedem</strong></span> <span class='ocrx_word' id='word_1_580' title='bbox 1681 4275 1781 4329; x_wconf 82' lang='lat' dir='ltr'><strong>invexit</strong></span> <span class='ocrx_word' id='word_1_581' title='bbox 1792 4275 1981 4341; x_wconf 83' lang='lat' dir='ltr'><strong>Sarisberiam,</strong></span> 
     </span>
     <span class='ocr_line' id='line_1_75' title="bbox 1183 4347 1983 4417; baseline -0.004 -15"><span class='ocrx_word' id='word_1_582' title='bbox 1183 4348 1319 4404; x_wconf 86' lang='lat' dir='ltr'><strong>inchoarit</strong></span> <span class='ocrx_word' id='word_1_583' title='bbox 1349 4347 1492 4401; x_wconf 90' lang='lat' dir='ltr'><strong>ecclesiam</strong></span> <span class='ocrx_word' id='word_1_584' title='bbox 1515 4347 1682 4417; x_wconf 87' lang='lat' dir='ltr'><strong>primariam,</strong></span> <span class='ocrx_word' id='word_1_585' title='bbox 1711 4348 1788 4414; x_wconf 81' lang='lat' dir='ltr'><strong>cnjus</strong></span> <span class='ocrx_word' id='word_1_586' title='bbox 1815 4360 1884 4415; x_wconf 92' lang='lat' dir='ltr'><strong>opus</strong></span> <span class='ocrx_word' id='word_1_587' title='bbox 1907 4360 1983 4400; x_wconf 87' lang='lat' dir='ltr'><strong>mors</strong></span> 
     </span>
    </p>
   </div>
   <div class='ocr_carea' id='block_1_16' title="bbox 325 4416 1982 4491">
    <p class='ocr_par' dir='ltr' id='par_1_16' title="bbox 325 4416 1982 4491">
     <span class='ocr_line' id='line_1_76' title="bbox 325 4416 1982 4491; baseline -0.004 -16"><span class='ocrx_word' id='word_1_588' title='bbox 325 4420 382 4475; x_wconf 85' lang='lat' dir='ltr'><strong>brec</strong></span> <span class='ocrx_word' id='word_1_589' title='bbox 398 4426 425 4473; x_wconf 86' lang='lat' dir='ltr'><strong>ct</strong></span> <span class='ocrx_word' id='word_1_590' title='bbox 443 4420 497 4473; x_wconf 91' lang='lat' dir='ltr'><strong>alia</strong></span> <span class='ocrx_word' id='word_1_591' title='bbox 512 4426 647 4487; x_wconf 87' lang='lat' dir='ltr'><strong>poemata,</strong></span> <span class='ocrx_word' id='word_1_592' title='bbox 670 4418 736 4473; x_wconf 91' lang='lat' dir='ltr'><strong>illud</strong></span> <span class='ocrx_word' id='word_1_593' title='bbox 754 4420 842 4489; x_wconf 83' lang='lat' dir='ltr'><strong>reperi</strong></span> <span class='ocrx_word' id='word_1_594' title='bbox 871 4421 975 4475; x_wconf 89' lang='lat' dir='ltr'><strong>adrem</strong></span> <span class='ocrx_word' id='word_1_595' title='bbox 1005 4436 1128 4490; x_wconf 77' lang='lat' dir='ltr'><strong>praescn-</strong></span> <span class='ocrx_word' id='word_1_596' title='bbox 1143 4426 1169 4485; x_wconf 89' lang='lat' dir='ltr'>D</span> <span class='ocrx_word' id='word_1_597' title='bbox 1185 4419 1355 4491; x_wconf 74' lang='lat' dir='ltr'><strong>praeveniens</strong></span> <span class='ocrx_word' id='word_1_598' title='bbox 1374 4425 1507 4472; x_wconf 87' lang='lat' dir='ltr'><strong>remorata</strong></span> <span class='ocrx_word' id='word_1_599' title='bbox 1531 4425 1581 4471; x_wconf 90' lang='lat' dir='ltr'><strong>est.</strong></span> <span class='ocrx_word' id='word_1_600' title='bbox 1598 4416 1755 4471; x_wconf 86' lang='lat' dir='ltr'><strong>Osmnndus</strong></span> <span class='ocrx_word' id='word_1_601' title='bbox 1768 4423 1859 4470; x_wconf 87' lang='lat' dir='ltr'><strong>autem</strong></span> <span class='ocrx_word' id='word_1_602' title='bbox 1873 4431 1982 4472; x_wconf 87' lang='lat' dir='ltr'><strong>succes-</strong></span> 
     </span>
    </p>
   </div>
   <div class='ocr_carea' id='block_1_17' title="bbox 325 4490 1129 4633">
    <p class='ocr_par' dir='ltr' id='par_1_17' title="bbox 325 4490 1129 4633">
     <span class='ocr_line' id='line_1_77' title="bbox 325 4490 1129 4564; baseline 0.005 -21"><span class='ocrx_word' id='word_1_603' title='bbox 325 4499 391 4559; x_wconf 88' lang='lat' dir='ltr'><strong>tem,</strong></span> <span class='ocrx_word' id='word_1_604' title='bbox 406 4490 450 4545; x_wconf 92' lang='lat' dir='ltr'><strong>cui</strong></span> <span class='ocrx_word' id='word_1_605' title='bbox 465 4490 542 4545; x_wconf 88' lang='lat' dir='ltr'><strong>tituto</strong></span> <span class='ocrx_word' id='word_1_606' title='bbox 557 4498 598 4544; x_wconf 87' lang='lat' dir='ltr'><strong>est</strong></span> <span class='ocrx_word' id='word_1_607' title='bbox 610 4507 617 4543; x_wconf 85' lang='grc' dir='ltr'><strong>ι</strong></span> <span class='ocrx_word' id='word_1_608' title='bbox 628 4490 704 4557; x_wconf 79' lang='lat' dir='ltr'><strong>Quod</strong></span> <span class='ocrx_word' id='word_1_609' title='bbox 714 4506 769 4547; x_wconf 86' lang='lat' dir='ltr'><strong>non</strong></span> <span class='ocrx_word' id='word_1_610' title='bbox 778 4492 1022 4564; x_wconf 77' lang='lat' dir='ltr'><strong>srintneptigcndc</strong></span> <span class='ocrx_word' id='word_1_611' title='bbox 1034 4492 1129 4547; x_wconf 84' lang='lat' dir='ltr'><strong>venio·</strong></span> 
     </span>
     <span class='ocr_line' id='line_1_78' title="bbox 328 4560 842 4633; baseline 0 -16"><span class='ocrx_word' id='word_1_612' title='bbox 328 4563 377 4617; x_wconf 87' lang='lat' dir='ltr'><strong>tia.</strong></span> <span class='ocrx_word' id='word_1_613' title='bbox 393 4562 508 4617; x_wconf 83' lang='lat' dir='ltr'><strong>Carinen</strong></span> <span class='ocrx_word' id='word_1_614' title='bbox 525 4560 648 4633; x_wconf 88' lang='lat' dir='ltr'><strong>sequitur</strong></span> <span class='ocrx_word' id='word_1_615' title='bbox 664 4562 819 4630; x_wconf 82' lang='lat' dir='ltr'><strong>hujusmodi</strong></span> <span class='ocrx_word' id='word_1_616' title='bbox 836 4576 842 4617; x_wconf 92' lang='lat'><strong>:</strong></span> 
     </span>
    </p>
   </div>
   <div class='ocr_carea' id='block_1_18' title="bbox 363 4676 1128 5527">
    <p class='ocr_par' dir='ltr' id='par_1_18' title="bbox 364 4676 1091 4819">
     <span class='ocr_line' id='line_1_79' title="bbox 364 4676 1091 4801; baseline -0.001 -69"><span class='ocrx_word' id='word_1_617' title='bbox 364 4677 418 4744; x_wconf 75' lang='grc' dir='ltr'><strong>Ωιι</strong></span> <span class='ocrx_word' id='word_1_618' title='bbox 432 4676 501 4732; x_wconf 80' lang='lat' dir='ltr'><strong>berte</strong></span> <span class='ocrx_word' id='word_1_619' title='bbox 515 4680 621 4732; x_wconf 84' lang='lat' dir='ltr'><strong>cuncto</strong></span> <span class='ocrx_word' id='word_1_620' title='bbox 629 4677 705 4747; x_wconf 75' lang='lat' dir='ltr'><strong>frigia</strong></span> <span class='ocrx_word' id='word_1_621' title='bbox 715 4678 982 4801; x_wconf 62' lang='lat' dir='ltr'><strong>grauiorircri&#39;mtcc</strong></span> <span class='ocrx_word' id='word_1_622' title='bbox 996 4692 1091 4743; x_wconf 75' lang='lat' dir='ltr'><strong>aare,</strong></span> 
     </span>
     <span class='ocr_line' id='line_1_80' title="bbox 401 4748 962 4819; baseline 0 -16"><span class='ocrx_word' id='word_1_623' title='bbox 401 4750 456 4803; x_wconf 87' lang='lat' dir='ltr'><strong>lloc</strong></span> <span class='ocrx_word' id='word_1_624' title='bbox 470 4762 567 4819; x_wconf 77' lang='lat' dir='ltr'><strong>aperie</strong></span> <span class='ocrx_word' id='word_1_625' title='bbox 582 4748 666 4819; x_wconf 85' lang='lat' dir='ltr'><strong>calpe</strong></span> <span class='ocrx_word' id='word_1_626' title='bbox 680 4764 714 4803; x_wconf 83' lang='lat' dir='ltr'><strong>aa</strong></span> <span class='ocrx_word' id='word_1_627' title='bbox 750 4748 852 4803; x_wconf 86' lang='lat' dir='ltr'><strong>leniore</strong></span> <span class='ocrx_word' id='word_1_628' title='bbox 867 4750 962 4804; x_wconf 82' lang='lat' dir='ltr'><strong>cadas.</strong></span> 
     </span>
    </p>

    <p class='ocr_par' dir='ltr' id='par_1_19' title="bbox 366 4817 1128 4962">
     <span class='ocr_line' id='line_1_81' title="bbox 366 4817 1128 4891; baseline 0 -18"><span class='ocrx_word' id='word_1_629' title='bbox 366 4818 564 4891; x_wconf 80' lang='lat' dir='ltr'><strong>Culpcprnnis,</strong></span> <span class='ocrx_word' id='word_1_630' title='bbox 576 4834 683 4889; x_wconf 85' lang='lat' dir='ltr'><strong>semper</strong></span> <span class='ocrx_word' id='word_1_631' title='bbox 693 4820 983 4891; x_wconf 83' lang='lat' dir='ltr'><strong>lerirrmcoiitcmptrts</strong></span> <span class='ocrx_word' id='word_1_632' title='bbox 992 4817 1128 4874; x_wconf 83' lang='lat' dir='ltr'><strong>liabetur:</strong></span> 
     </span>
     <span class='ocr_line' id='line_1_82' title="bbox 402 4891 1092 4962; baseline 0 -18"><span class='ocrx_word' id='word_1_633' title='bbox 402 4892 615 4962; x_wconf 80' lang='lat' dir='ltr'><strong>Parvaqueqttoe</strong></span> <span class='ocrx_word' id='word_1_634' title='bbox 627 4894 753 4960; x_wconf 75' lang='lat' dir='ltr'><strong>suerunt,</strong></span> <span class='ocrx_word' id='word_1_635' title='bbox 764 4891 887 4945; x_wconf 80' lang='lat' dir='ltr'><strong>crimino</strong></span> <span class='ocrx_word' id='word_1_636' title='bbox 897 4906 1000 4960; x_wconf 78' lang='lat' dir='ltr'><strong>mnprc</strong></span> <span class='ocrx_word' id='word_1_637' title='bbox 1007 4892 1092 4961; x_wconf 78' lang='lat' dir='ltr'><strong>[ecit.</strong></span> 
     </span>
    </p>

    <p class='ocr_par' dir='ltr' id='par_1_20' title="bbox 366 4958 1078 5097">
     <span class='ocr_line' id='line_1_83' title="bbox 366 4958 1078 5032; baseline 0 -17"><span class='ocrx_word' id='word_1_638' title='bbox 366 4960 551 5029; x_wconf 83' lang='lat' dir='ltr'><strong>Qatdcttrtrre</strong></span> <span class='ocrx_word' id='word_1_639' title='bbox 562 4962 756 5031; x_wconf 74' lang='lat' dir='ltr'><strong>tntumjunnt.</strong></span> <span class='ocrx_word' id='word_1_640' title='bbox 766 4963 946 5032; x_wconf 79' lang='lat' dir='ltr'><strong>utmrrgari&#39;a</strong></span> <span class='ocrx_word' id='word_1_641' title='bbox 961 4977 1049 5017; x_wconf 84' lang='lat' dir='ltr'><strong>arena</strong></span> <span class='ocrx_word' id='word_1_642' title='bbox 1065 4958 1078 5001; x_wconf 82' lang='lat'>⁹</span> 
     </span>
     <span class='ocr_line' id='line_1_84' title="bbox 401 5032 1044 5097; baseline -0.003 -10"><span class='ocrx_word' id='word_1_643' title='bbox 401 5033 485 5087; x_wconf 74' lang='lat' dir='ltr'><strong>Forte</strong></span> <span class='ocrx_word' id='word_1_644' title='bbox 498 5032 690 5097; x_wconf 66' lang='lat' dir='ltr'><strong>tntumtetetr</strong></span> <span class='ocrx_word' id='word_1_645' title='bbox 706 5046 765 5087; x_wconf 86' lang='lat' dir='ltr'><strong>nori</strong></span> <span class='ocrx_word' id='word_1_646' title='bbox 780 5034 877 5087; x_wconf 83' lang='lat' dir='ltr'><strong>mirina</strong></span> <span class='ocrx_word' id='word_1_647' title='bbox 891 5033 1044 5087; x_wconf 83' lang='lat' dir='ltr'><strong>itlnriecct.</strong></span> 
     </span>
    </p>

    <p class='ocr_par' dir='ltr' id='par_1_21' title="bbox 363 5102 1085 5241">
     <span class='ocr_line' id='line_1_85' title="bbox 363 5102 1085 5173; baseline -0.004 -14"><span class='ocrx_word' id='word_1_648' title='bbox 363 5104 409 5159; x_wconf 83' lang='lat' dir='ltr'><strong>Sic</strong></span> <span class='ocrx_word' id='word_1_649' title='bbox 425 5102 545 5157; x_wconf 82' lang='lat' dir='ltr'><strong>timidus</strong></span> <span class='ocrx_word' id='word_1_650' title='bbox 560 5104 671 5171; x_wconf 70' lang='lat' dir='ltr'><strong>[nistra</strong></span> <span class='ocrx_word' id='word_1_651' title='bbox 684 5102 774 5157; x_wconf 79' lang='lat' dir='ltr'><strong>moris</strong></span> <span class='ocrx_word' id='word_1_652' title='bbox 789 5104 851 5157; x_wconf 84' lang='lat' dir='ltr'><strong>atta</strong></span> <span class='ocrx_word' id='word_1_653' title='bbox 865 5104 995 5173; x_wconf 83' lang='lat' dir='ltr'><strong>periculo</strong></span> <span class='ocrx_word' id='word_1_654' title='bbox 1008 5103 1085 5173; x_wconf 70' lang='lat' dir='ltr'><strong>sapit</strong></span> 
     </span>
     <span class='ocr_line' id='line_1_86' title="bbox 402 5173 1028 5241; baseline -0.002 -13"><span class='ocrx_word' id='word_1_655' title='bbox 402 5174 490 5241; x_wconf 83' lang='lat' dir='ltr'><strong>Quem</strong></span> <span class='ocrx_word' id='word_1_656' title='bbox 505 5174 627 5229; x_wconf 82' lang='lat' dir='ltr'><strong>necetiri</strong></span> <span class='ocrx_word' id='word_1_657' title='bbox 643 5177 705 5227; x_wconf 83' lang='lat' dir='ltr'><strong>tatto</strong></span> <span class='ocrx_word' id='word_1_658' title='bbox 714 5174 845 5241; x_wconf 70' lang='lat' dir='ltr'><strong>fluminis</strong></span> <span class='ocrx_word' id='word_1_659' title='bbox 859 5173 937 5227; x_wconf 81' lang='lat' dir='ltr'><strong>andri</strong></span> <span class='ocrx_word' id='word_1_660' title='bbox 950 5176 1028 5227; x_wconf 84' lang='lat' dir='ltr'><strong>uodo.</strong></span> 
     </span>
    </p>

    <p class='ocr_par' dir='ltr' id='par_1_22' title="bbox 368 5245 1041 5387">
     <span class='ocr_line' id='line_1_87' title="bbox 368 5245 1041 5315; baseline -0.004 -14"><span class='ocrx_word' id='word_1_661' title='bbox 368 5245 422 5301; x_wconf 84' lang='lat' dir='ltr'><strong>Nec</strong></span> <span class='ocrx_word' id='word_1_662' title='bbox 437 5245 512 5299; x_wconf 81' lang='lat' dir='ltr'><strong>satta</strong></span> <span class='ocrx_word' id='word_1_663' title='bbox 526 5248 570 5298; x_wconf 86' lang='lat' dir='ltr'><strong>ert</strong></span> <span class='ocrx_word' id='word_1_664' title='bbox 582 5258 679 5309; x_wconf 74' lang='lat' dir='ltr'><strong>crearit</strong></span> <span class='ocrx_word' id='word_1_665' title='bbox 692 5248 786 5312; x_wconf 71' lang='lat' dir='ltr'><strong>threna</strong></span> <span class='ocrx_word' id='word_1_666' title='bbox 800 5246 892 5299; x_wconf 83' lang='lat' dir='ltr'><strong>uitare</strong></span> <span class='ocrx_word' id='word_1_667' title='bbox 900 5248 1041 5315; x_wconf 84' lang='lat' dir='ltr'><strong>patenter,</strong></span> 
     </span>
     <span class='ocr_line' id='line_1_88' title="bbox 405 5314 975 5387; baseline -0.005 -17"><span class='ocrx_word' id='word_1_668' title='bbox 405 5314 514 5387; x_wconf 83' lang='lat' dir='ltr'><strong>Decipit</strong></span> <span class='ocrx_word' id='word_1_669' title='bbox 529 5317 702 5369; x_wconf 70' lang='lat' dir='ltr'><strong>incestaret</strong></span> <span class='ocrx_word' id='word_1_670' title='bbox 718 5314 762 5368; x_wconf 84' lang='lat' dir='ltr'><strong>via</strong></span> <span class='ocrx_word' id='word_1_671' title='bbox 778 5315 866 5385; x_wconf 87' lang='lat' dir='ltr'><strong>plima</strong></span> <span class='ocrx_word' id='word_1_672' title='bbox 881 5314 975 5387; x_wconf 83' lang='lat' dir='ltr'><strong>pedes.</strong></span> 
     </span>
    </p>

    <p class='ocr_par' dir='ltr' id='par_1_23' title="bbox 372 5385 1087 5527">
     <span class='ocr_line' id='line_1_89' title="bbox 372 5385 1087 5457; baseline -0.003 -14"><span class='ocrx_word' id='word_1_673' title='bbox 372 5386 405 5443; x_wconf 78' lang='grc' dir='ltr'><strong>ιιι</strong></span> <span class='ocrx_word' id='word_1_674' title='bbox 418 5386 499 5451; x_wconf 82' lang='lat' dir='ltr'><strong>benc,</strong></span> <span class='ocrx_word' id='word_1_675' title='bbox 515 5402 577 5457; x_wconf 81' lang='lat' dir='ltr'><strong>para</strong></span> <span class='ocrx_word' id='word_1_676' title='bbox 591 5400 652 5441; x_wconf 80' lang='lat' dir='ltr'><strong>sere</strong></span> <span class='ocrx_word' id='word_1_677' title='bbox 665 5385 791 5454; x_wconf 84' lang='lat' dir='ltr'><strong>produnt</strong></span> <span class='ocrx_word' id='word_1_678' title='bbox 801 5386 989 5449; x_wconf 82' lang='lat' dir='ltr'><strong>incommoda,</strong></span> <span class='ocrx_word' id='word_1_679' title='bbox 1006 5386 1087 5449; x_wconf 83' lang='lat' dir='ltr'><strong>uites.</strong></span> 
     </span>
     <span class='ocr_line' id='line_1_90' title="bbox 408 5457 953 5527; baseline -0.006 -13"><span class='ocrx_word' id='word_1_680' title='bbox 408 5457 528 5514; x_wconf 75' lang='lat' dir='ltr'><strong>brittam</strong></span> <span class='ocrx_word' id='word_1_681' title='bbox 537 5458 628 5527; x_wconf 83' lang='lat' dir='ltr'><strong>aperie</strong></span> <span class='ocrx_word' id='word_1_682' title='bbox 642 5457 731 5512; x_wconf 75' lang='lat' dir='ltr'><strong>necin</strong></span> <span class='ocrx_word' id='word_1_683' title='bbox 743 5458 837 5511; x_wconf 86' lang='lat' dir='ltr'><strong>mulla</strong></span> <span class='ocrx_word' id='word_1_684' title='bbox 852 5458 953 5512; x_wconf 83' lang='lat' dir='ltr'><strong>latent.</strong></span> 
     </span>
    </p>
   </div>
   <div class='ocr_carea' id='block_1_19' title="bbox 340 5556 1134 6058">
    <p class='ocr_par' dir='ltr' id='par_1_24' title="bbox 340 5556 1134 6058">
     <span class='ocr_line' id='line_1_91' title="bbox 372 5556 1133 5630; baseline 0 -17"><span class='ocrx_word' id='word_1_685' title='bbox 372 5558 507 5615; x_wconf 86' lang='lat' dir='ltr'><strong>llnctenus</strong></span> <span class='ocrx_word' id='word_1_686' title='bbox 521 5558 704 5621; x_wconf 86' lang='lat' dir='ltr'><strong>decastichon,</strong></span> <span class='ocrx_word' id='word_1_687' title='bbox 719 5558 791 5629; x_wconf 91' lang='lat' dir='ltr'><strong>quod</strong></span> <span class='ocrx_word' id='word_1_688' title='bbox 803 5560 916 5614; x_wconf 87' lang='lat' dir='ltr'><strong>antehac</strong></span> <span class='ocrx_word' id='word_1_689' title='bbox 926 5558 952 5611; x_wconf 95' lang='lat' dir='ltr'><strong>in</strong></span> <span class='ocrx_word' id='word_1_690' title='bbox 966 5556 1066 5630; x_wconf 84' lang='lat' dir='ltr'><strong>vulgus</strong></span> <span class='ocrx_word' id='word_1_691' title='bbox 1079 5574 1133 5613; x_wconf 91' lang='lat' dir='ltr'><strong>non</strong></span> 
     </span>
     <span class='ocr_line' id='line_1_92' title="bbox 340 5629 1134 5699; baseline -0.004 -12"><span class='ocrx_word' id='word_1_692' title='bbox 340 5629 451 5697; x_wconf 81' lang='lat' dir='ltr'><strong>exierat,</strong></span> <span class='ocrx_word' id='word_1_693' title='bbox 468 5640 496 5684; x_wconf 90' lang='lat' dir='ltr'><strong>ut</strong></span> <span class='ocrx_word' id='word_1_694' title='bbox 511 5640 610 5686; x_wconf 81' lang='lat' dir='ltr'><strong>caetera</strong></span> <span class='ocrx_word' id='word_1_695' title='bbox 625 5630 665 5683; x_wconf 89' lang='lat' dir='ltr'><strong>sui</strong></span> <span class='ocrx_word' id='word_1_696' title='bbox 680 5630 801 5684; x_wconf 86' lang='lat' dir='ltr'><strong>aiictoris</strong></span> <span class='ocrx_word' id='word_1_697' title='bbox 830 5636 964 5697; x_wconf 85' lang='lat' dir='ltr'><strong>poemata,</strong></span> <span class='ocrx_word' id='word_1_698' title='bbox 981 5630 1051 5683; x_wconf 88' lang='lat' dir='ltr'><strong>inter</strong></span> <span class='ocrx_word' id='word_1_699' title='bbox 1073 5646 1134 5699; x_wconf 80' lang='lat' dir='ltr'><strong>qum</strong></span> 
     </span>
     <span class='ocr_line' id='line_1_93' title="bbox 341 5700 1133 5767; baseline 0 -13"><span class='ocrx_word' id='word_1_700' title='bbox 341 5700 392 5755; x_wconf 85' lang='lat' dir='ltr'><strong>aidi</strong></span> <span class='ocrx_word' id='word_1_701' title='bbox 404 5700 518 5767; x_wconf 81' lang='lat' dir='ltr'><strong>litteras,</strong></span> <span class='ocrx_word' id='word_1_702' title='bbox 530 5700 789 5755; x_wconf 80' lang='lat' dir='ltr'><strong>unasatlildriaiirim</strong></span> <span class='ocrx_word' id='word_1_703' title='bbox 813 5700 1001 5767; x_wconf 86' lang='lat' dir='ltr'><strong>lV,alterasad</strong></span> <span class='ocrx_word' id='word_1_704' title='bbox 1015 5701 1133 5755; x_wconf 80' lang='lat' dir='ltr'><strong>Alexan-</strong></span> 
     </span>
     <span class='ocr_line' id='line_1_94' title="bbox 340 5770 1132 5843; baseline 0 -16"><span class='ocrx_word' id='word_1_705' title='bbox 340 5772 415 5827; x_wconf 88' lang='lat' dir='ltr'><strong>dmm</strong></span> <span class='ocrx_word' id='word_1_706' title='bbox 431 5773 479 5839; x_wconf 92' lang='lat' dir='ltr'><strong>lll,</strong></span> <span class='ocrx_word' id='word_1_707' title='bbox 491 5788 610 5827; x_wconf 92' lang='lat' dir='ltr'><strong>summos</strong></span> <span class='ocrx_word' id='word_1_708' title='bbox 625 5770 774 5842; x_wconf 88' lang='lat' dir='ltr'><strong>pontifices.</strong></span> <span class='ocrx_word' id='word_1_709' title='bbox 791 5770 832 5826; x_wconf 82' lang='lat' dir='ltr'><strong>Eo</strong></span> <span class='ocrx_word' id='word_1_710' title='bbox 858 5787 966 5843; x_wconf 86' lang='lat' dir='ltr'><strong>quoquc</strong></span> <span class='ocrx_word' id='word_1_711' title='bbox 995 5772 1046 5826; x_wconf 90' lang='lat' dir='ltr'><strong>loci</strong></span> <span class='ocrx_word' id='word_1_712' title='bbox 1075 5788 1132 5842; x_wconf 80' lang='lat' dir='ltr'><strong>spe·</strong></span> 
     </span>
     <span class='ocr_line' id='line_1_95' title="bbox 342 5842 1130 5913; baseline -0.003 -14"><span class='ocrx_word' id='word_1_713' title='bbox 342 5849 414 5899; x_wconf 86' lang='lat' dir='ltr'><strong>etant</strong></span> <span class='ocrx_word' id='word_1_714' title='bbox 428 5842 561 5897; x_wconf 83' lang='lat' dir='ltr'><strong>Plutarchi</strong></span> <span class='ocrx_word' id='word_1_715' title='bbox 578 5845 632 5896; x_wconf 92' lang='lat' dir='ltr'><strong>duo</strong></span> <span class='ocrx_word' id='word_1_716' title='bbox 657 5843 751 5897; x_wconf 87' lang='lat' dir='ltr'><strong>ultima</strong></span> <span class='ocrx_word' id='word_1_717' title='bbox 771 5844 889 5913; x_wconf 88' lang='lat' dir='ltr'><strong>capitula</strong></span> <span class='ocrx_word' id='word_1_718' title='bbox 908 5858 967 5904; x_wconf 80' lang='lat' dir='ltr'><strong>eius</strong></span> <span class='ocrx_word' id='word_1_719' title='bbox 991 5850 1130 5905; x_wconf 85' lang='lat' dir='ltr'><strong>tractatus,</strong></span> 
     </span>
     <span class='ocr_line' id='line_1_96' title="bbox 342 5914 1133 5987; baseline 0.01 -25"><span class='ocrx_word' id='word_1_720' title='bbox 342 5928 421 5985; x_wconf 79' lang='lat' dir='ltr'><strong>qnam</strong></span> <span class='ocrx_word' id='word_1_721' title='bbox 443 5914 595 5985; x_wconf 84' lang='lat' dir='ltr'><strong>inscripsit:</strong></span> <span class='ocrx_word' id='word_1_722' title='bbox 607 5915 746 5982; x_wconf 78' lang='lat' dir='ltr'><strong>Quomodo</strong></span> <span class='ocrx_word' id='word_1_723' title='bbox 768 5914 861 5969; x_wconf 83' lang='lat' dir='ltr'><strong>nidere</strong></span> <span class='ocrx_word' id='word_1_724' title='bbox 884 5914 933 5987; x_wconf 81' lang='lat' dir='ltr'><strong>qut</strong></span> <span class='ocrx_word' id='word_1_725' title='bbox 950 5915 1038 5985; x_wconf 80' lang='lat' dir='ltr'><strong>possit</strong></span> <span class='ocrx_word' id='word_1_726' title='bbox 1051 5930 1089 5969; x_wconf 85' lang='lat' dir='ltr'><strong>cri</strong></span> <span class='ocrx_word' id='word_1_727' title='bbox 1101 5917 1133 5970; x_wconf 84' lang='lat' dir='ltr'><strong>in</strong></span> 
     </span>
     <span class='ocr_line' id='line_1_97' title="bbox 342 5988 633 6058; baseline -0.01 -17"><span class='ocrx_word' id='word_1_728' title='bbox 342 5988 449 6041; x_wconf 83' lang='lat' dir='ltr'><strong>uirtute</strong></span> <span class='ocrx_word' id='word_1_729' title='bbox 460 5990 633 6058; x_wconf 85' lang='lat' dir='ltr'><strong>promouent.</strong></span> 
     </span>
    </p>
   </div>
   <div class='ocr_carea' id='block_1_20' title="bbox 1183 4485 1994 6052">
    <p class='ocr_par' dir='ltr' id='par_1_25' title="bbox 1183 4485 1994 6052">
     <span class='ocr_line' id='line_1_98' title="bbox 1184 4485 1983 4558; baseline -0.006 -14"><span class='ocrx_word' id='word_1_730' title='bbox 1184 4507 1231 4544; x_wconf 90' lang='lat' dir='ltr'><strong>sor</strong></span> <span class='ocrx_word' id='word_1_731' title='bbox 1244 4490 1320 4558; x_wconf 87' lang='lat' dir='ltr'><strong>operi</strong></span> <span class='ocrx_word' id='word_1_732' title='bbox 1334 4489 1460 4543; x_wconf 88' lang='lat' dir='ltr'><strong>inchoato</strong></span> <span class='ocrx_word' id='word_1_733' title='bbox 1474 4488 1652 4554; x_wconf 89' lang='lat' dir='ltr'><strong>colophonem</strong></span> <span class='ocrx_word' id='word_1_734' title='bbox 1675 4488 1814 4557; x_wconf 88' lang='lat' dir='ltr'><strong>imposuit,</strong></span> <span class='ocrx_word' id='word_1_735' title='bbox 1826 4494 1854 4541; x_wconf 91' lang='lat' dir='ltr'><strong>iit</strong></span> <span class='ocrx_word' id='word_1_736' title='bbox 1879 4485 1983 4557; x_wconf 82' lang='lat' dir='ltr'><strong>notarit</strong></span> 
     </span>
     <span class='ocr_line' id='line_1_99' title="bbox 1183 4556 1983 4629; baseline -0.008 -13"><span class='ocrx_word' id='word_1_737' title='bbox 1183 4558 1430 4616; x_wconf 85' lang='lat' dir='ltr'><strong>blalmesberiensis</strong></span> <span class='ocrx_word' id='word_1_738' title='bbox 1446 4558 1497 4612; x_wconf 91' lang='lat' dir='ltr'><strong>lib.</strong></span> <span class='ocrx_word' id='word_1_739' title='bbox 1517 4573 1536 4612; x_wconf 93' lang='grc' dir='ltr'><strong>ιι</strong></span> <span class='ocrx_word' id='word_1_740' title='bbox 1553 4559 1590 4611; x_wconf 86' lang='lat' dir='ltr'><strong>De</strong></span> <span class='ocrx_word' id='word_1_741' title='bbox 1606 4557 1692 4629; x_wconf 85' lang='lat' dir='ltr'><strong>gestis</strong></span> <span class='ocrx_word' id='word_1_742' title='bbox 1708 4556 1865 4628; x_wconf 86' lang='lat' dir='ltr'><strong>pontificum</strong></span> <span class='ocrx_word' id='word_1_743' title='bbox 1881 4556 1983 4628; x_wconf 72' lang='lat' dir='ltr'><strong>anglo·</strong></span> 
     </span>
     <span class='ocr_line' id='line_1_100' title="bbox 1183 4628 1981 4701; baseline -0.008 -14"><span class='ocrx_word' id='word_1_744' title='bbox 1183 4649 1256 4687; x_wconf 89' lang='lat' dir='ltr'><strong>riiui.</strong></span> <span class='ocrx_word' id='word_1_745' title='bbox 1271 4632 1403 4686; x_wconf 77' lang='lat' dir='ltr'><strong>Caeterum</strong></span> <span class='ocrx_word' id='word_1_746' title='bbox 1416 4630 1494 4701; x_wconf 81' lang='lat' dir='ltr'><strong>juata</strong></span> <span class='ocrx_word' id='word_1_747' title='bbox 1510 4628 1688 4684; x_wconf 88' lang='lat' dir='ltr'><strong>Sarisberiam</strong></span> <span class='ocrx_word' id='word_1_748' title='bbox 1705 4631 1822 4698; x_wconf 77' lang='lat' dir='ltr'><strong>positum</strong></span> <span class='ocrx_word' id='word_1_749' title='bbox 1837 4633 1981 4682; x_wconf 88' lang='lat' dir='ltr'><strong>eatcoeiio·</strong></span> 
     </span>
     <span class='ocr_line' id='line_1_101' title="bbox 1184 4698 1983 4757; baseline -0.008 0"><span class='ocrx_word' id='word_1_750' title='bbox 1184 4703 1257 4757; x_wconf 91' lang='lat' dir='ltr'><strong>bium</strong></span> <span class='ocrx_word' id='word_1_751' title='bbox 1280 4701 1463 4757; x_wconf 85' lang='lat' dir='ltr'><strong>wiltoniense</strong></span> <span class='ocrx_word' id='word_1_752' title='bbox 1487 4700 1521 4754; x_wconf 93' lang='lat' dir='ltr'><strong>ad</strong></span> <span class='ocrx_word' id='word_1_753' title='bbox 1545 4700 1635 4754; x_wconf 88' lang='lat' dir='ltr'><strong>Witen</strong></span> <span class='ocrx_word' id='word_1_754' title='bbox 1664 4698 1764 4754; x_wconf 90' lang='lat' dir='ltr'><strong>llumen</strong></span> <span class='ocrx_word' id='word_1_755' title='bbox 1789 4698 1814 4753; x_wconf 92' lang='lat' dir='ltr'><strong>in</strong></span> <span class='ocrx_word' id='word_1_756' title='bbox 1840 4698 1899 4754; x_wconf 84' lang='lat' dir='ltr'><strong>rico</strong></span> <span class='ocrx_word' id='word_1_757' title='bbox 1927 4712 1983 4752; x_wconf 92' lang='lat' dir='ltr'><strong>non</strong></span> 
     </span>
     <span class='ocr_line' id='line_1_102' title="bbox 1184 4769 1984 4845; baseline -0.005 -18"><span class='ocrx_word' id='word_1_758' title='bbox 1184 4777 1298 4845; x_wconf 80' lang='lat' dir='ltr'><strong>exiguo,</strong></span> <span class='ocrx_word' id='word_1_759' title='bbox 1314 4774 1360 4828; x_wconf 92' lang='lat' dir='ltr'><strong>cui</strong></span> <span class='ocrx_word' id='word_1_760' title='bbox 1375 4788 1476 4827; x_wconf 91' lang='lat' dir='ltr'><strong>nomen</strong></span> <span class='ocrx_word' id='word_1_761' title='bbox 1489 4771 1627 4838; x_wconf 89' lang='lat' dir='ltr'><strong>Wiltuna,</strong></span> <span class='ocrx_word' id='word_1_762' title='bbox 1644 4784 1660 4824; x_wconf 89' lang='lat' dir='ltr'><strong>a</strong></span> <span class='ocrx_word' id='word_1_763' title='bbox 1675 4785 1730 4840; x_wconf 84' lang='lat' dir='ltr'><strong>quo</strong></span> <span class='ocrx_word' id='word_1_764' title='bbox 1749 4778 1776 4825; x_wconf 92' lang='lat' dir='ltr'><strong>et</strong></span> <span class='ocrx_word' id='word_1_765' title='bbox 1790 4769 1984 4825; x_wconf 81' lang='lat' dir='ltr'><strong>wiltoniensis</strong></span> 
     </span>
     <span class='ocr_line' id='line_1_103' title="bbox 1185 4841 1982 4911; baseline -0.009 -11"><span class='ocrx_word' id='word_1_766' title='bbox 1185 4846 1333 4900; x_wconf 86' lang='lat' dir='ltr'><strong>Pei-themo</strong></span> <span class='ocrx_word' id='word_1_767' title='bbox 1348 4851 1376 4897; x_wconf 91' lang='lat' dir='ltr'><strong>ut</strong></span> <span class='ocrx_word' id='word_1_768' title='bbox 1386 4843 1493 4908; x_wconf 89' lang='lat' dir='ltr'><strong>sedem,</strong></span> <span class='ocrx_word' id='word_1_769' title='bbox 1508 4843 1543 4895; x_wconf 89' lang='lat' dir='ltr'><strong>ita</strong></span> <span class='ocrx_word' id='word_1_770' title='bbox 1567 4848 1594 4896; x_wconf 88' lang='lat' dir='ltr'><strong>et</strong></span> <span class='ocrx_word' id='word_1_771' title='bbox 1610 4856 1708 4895; x_wconf 87' lang='lat' dir='ltr'><strong>nomen</strong></span> <span class='ocrx_word' id='word_1_772' title='bbox 1724 4841 1828 4908; x_wconf 83' lang='lat' dir='ltr'><strong>traiit;</strong></span> <span class='ocrx_word' id='word_1_773' title='bbox 1848 4841 1982 4911; x_wconf 85' lang='lat' dir='ltr'><strong>originem</strong></span> 
     </span>
     <span class='ocr_line' id='line_1_104' title="bbox 1185 4912 1984 4996; baseline -0.004 -29"><span class='ocrx_word' id='word_1_774' title='bbox 1185 4915 1407 4996; x_wconf 79' lang='lat' dir='ltr'><strong>veroablidgaro</strong></span> <span class='ocrx_word' id='word_1_775' title='bbox 1417 4930 1493 4984; x_wconf 83' lang='lat' dir='ltr'><strong>rege,</strong></span> <span class='ocrx_word' id='word_1_776' title='bbox 1506 4916 1552 4983; x_wconf 87' lang='lat' dir='ltr'><strong>qui</strong></span> <span class='ocrx_word' id='word_1_777' title='bbox 1564 4912 1628 4968; x_wconf 93' lang='lat' dir='ltr'><strong>illuc</strong></span> <span class='ocrx_word' id='word_1_778' title='bbox 1638 4913 1800 4968; x_wconf 77' lang='lat' dir='ltr'><strong>introductis</strong></span> <span class='ocrx_word' id='word_1_779' title='bbox 1822 4912 1984 4966; x_wconf 87' lang='lat' dir='ltr'><strong>monialibus</strong></span> 
     </span>
     <span class='ocr_line' id='line_1_105' title="bbox 1186 4982 1983 5052; baseline -0.008 -9"><span class='ocrx_word' id='word_1_780' title='bbox 1186 4986 1368 5043; x_wconf 79' lang='lat' dir='ltr'><strong>benedictinis</strong></span> <span class='ocrx_word' id='word_1_781' title='bbox 1382 4985 1528 5039; x_wconf 86' lang='lat' dir='ltr'><strong>antistitem</strong></span> <span class='ocrx_word' id='word_1_782' title='bbox 1545 4984 1693 5052; x_wconf 76' lang='lat' dir='ltr'><strong>praeposuit</strong></span> <span class='ocrx_word' id='word_1_783' title='bbox 1721 4982 1805 5038; x_wconf 83' lang='lat' dir='ltr'><strong>tiliam</strong></span> <span class='ocrx_word' id='word_1_784' title='bbox 1828 4998 1918 5049; x_wconf 87' lang='lat' dir='ltr'><strong>suani,</strong></span> <span class='ocrx_word' id='word_1_785' title='bbox 1930 4997 1983 5037; x_wconf 91' lang='lat' dir='ltr'><strong>no·</strong></span> 
     </span>
     <span class='ocr_line' id='line_1_106' title="bbox 1186 5052 1984 5124; baseline -0.008 -12"><span class='ocrx_word' id='word_1_786' title='bbox 1186 5058 1259 5112; x_wconf 92' lang='lat' dir='ltr'><strong>mine</strong></span> <span class='ocrx_word' id='word_1_787' title='bbox 1287 5057 1425 5119; x_wconf 82' lang='lat' dir='ltr'><strong>Editham,</strong></span> <span class='ocrx_word' id='word_1_788' title='bbox 1447 5071 1518 5110; x_wconf 88' lang='lat' dir='ltr'><strong>anno</strong></span> <span class='ocrx_word' id='word_1_789' title='bbox 1547 5056 1610 5121; x_wconf 82' lang='lat' dir='ltr'><strong>ari,</strong></span> <span class='ocrx_word' id='word_1_790' title='bbox 1640 5064 1669 5108; x_wconf 89' lang='lat' dir='ltr'><strong>ut</strong></span> <span class='ocrx_word' id='word_1_791' title='bbox 1694 5055 1763 5109; x_wconf 74' lang='lat' dir='ltr'><strong>litto</strong></span> <span class='ocrx_word' id='word_1_792' title='bbox 1783 5056 1883 5124; x_wconf 87' lang='lat' dir='ltr'><strong>placet.</strong></span> <span class='ocrx_word' id='word_1_793' title='bbox 1917 5052 1984 5109; x_wconf 88' lang='lat' dir='ltr'><strong>Sero</strong></span> 
     </span>
     <span class='ocr_line' id='line_1_107' title="bbox 1187 5125 1985 5200; baseline -0.008 -17"><span class='ocrx_word' id='word_1_794' title='bbox 1187 5129 1308 5200; x_wconf 81' lang='lat' dir='ltr'><strong>quidem,</strong></span> <span class='ocrx_word' id='word_1_795' title='bbox 1325 5128 1373 5181; x_wconf 91' lang='lat' dir='ltr'><strong>scd</strong></span> <span class='ocrx_word' id='word_1_796' title='bbox 1389 5143 1442 5182; x_wconf 91' lang='lat' dir='ltr'><strong>nori</strong></span> <span class='ocrx_word' id='word_1_797' title='bbox 1455 5127 1607 5192; x_wconf 87' lang='lat' dir='ltr'><strong>importune</strong></span> <span class='ocrx_word' id='word_1_798' title='bbox 1621 5125 1753 5181; x_wconf 86' lang='lat' dir='ltr'><strong>trirorrim</strong></span> <span class='ocrx_word' id='word_1_799' title='bbox 1774 5126 1846 5181; x_wconf 90' lang='lat' dir='ltr'><strong>enim</strong></span> <span class='ocrx_word' id='word_1_800' title='bbox 1870 5132 1985 5179; x_wconf 87' lang='lat' dir='ltr'><strong>sancto-</strong></span> 
     </span>
     <span class='ocr_line' id='line_1_108' title="bbox 1186 5196 1994 5271; baseline -0.009 -16"><span class='ocrx_word' id='word_1_801' title='bbox 1186 5199 1377 5271; x_wconf 88' lang='lat' dir='ltr'><strong>rumqnolihet</strong></span> <span class='ocrx_word' id='word_1_802' title='bbox 1392 5207 1514 5268; x_wconf 90' lang='lat' dir='ltr'><strong>tempore</strong></span> <span class='ocrx_word' id='word_1_803' title='bbox 1542 5197 1671 5251; x_wconf 90' lang='lat' dir='ltr'><strong>memoria</strong></span> <span class='ocrx_word' id='word_1_804' title='bbox 1699 5196 1769 5251; x_wconf 90' lang='lat' dir='ltr'><strong>solet</strong></span> <span class='ocrx_word' id='word_1_805' title='bbox 1798 5211 1858 5251; x_wconf 91' lang='lat' dir='ltr'><strong>esse</strong></span> <span class='ocrx_word' id='word_1_806' title='bbox 1886 5210 1994 5267; x_wconf 62' lang='lat' dir='ltr'><strong>oppon</strong></span> 
     </span>
     <span class='ocr_line' id='line_1_109' title="bbox 1188 5267 1983 5341; baseline -0.008 -16"><span class='ocrx_word' id='word_1_807' title='bbox 1188 5275 1264 5341; x_wconf 89' lang='lat' dir='ltr'><strong>tuna)</strong></span> <span class='ocrx_word' id='word_1_808' title='bbox 1285 5272 1313 5324; x_wconf 91' lang='lat' dir='ltr'><strong>in</strong></span> <span class='ocrx_word' id='word_1_809' title='bbox 1343 5277 1460 5323; x_wconf 90' lang='lat' dir='ltr'><strong>mentem</strong></span> <span class='ocrx_word' id='word_1_810' title='bbox 1483 5269 1556 5322; x_wconf 73' lang='lat' dir='ltr'><strong>venit</strong></span> <span class='ocrx_word' id='word_1_811' title='bbox 1582 5268 1713 5323; x_wconf 86' lang='lat' dir='ltr'><strong>adnotare</strong></span> <span class='ocrx_word' id='word_1_812' title='bbox 1734 5267 1983 5339; x_wconf 66' lang='lat' dir='ltr'><strong>quaerimonia.</strong></span> 
     </span>
     <span class='ocr_line' id='line_1_110' title="bbox 1189 5339 1986 5415; baseline -0.009 -18"><span class='ocrx_word' id='word_1_813' title='bbox 1189 5341 1298 5415; x_wconf 85' lang='lat' dir='ltr'><strong>scriptis</strong></span> <span class='ocrx_word' id='word_1_814' title='bbox 1317 5340 1391 5395; x_wconf 90' lang='lat' dir='ltr'><strong>dedit</strong></span> <span class='ocrx_word' id='word_1_815' title='bbox 1405 5354 1435 5394; x_wconf 92' lang='lat' dir='ltr'><strong>iii</strong></span> <span class='ocrx_word' id='word_1_816' title='bbox 1451 5347 1524 5409; x_wconf 86' lang='lat' dir='ltr'><strong>part.</strong></span> <span class='ocrx_word' id='word_1_817' title='bbox 1543 5340 1637 5393; x_wconf 84' lang='lat' dir='ltr'><strong>histor.</strong></span> <span class='ocrx_word' id='word_1_818' title='bbox 1666 5341 1711 5403; x_wconf 77' lang='grc' dir='ltr'><strong>ιι,</strong></span> <span class='ocrx_word' id='word_1_819' title='bbox 1742 5354 1803 5407; x_wconf 89' lang='lat' dir='ltr'><strong>cap.</strong></span> <span class='ocrx_word' id='word_1_820' title='bbox 1821 5339 1872 5399; x_wconf 72' lang='lat' dir='ltr'><strong>ta:</strong></span> <span class='ocrx_word' id='word_1_821' title='bbox 1886 5352 1986 5407; x_wconf 90' lang='lat' dir='ltr'><strong>nempe</strong></span> 
     </span>
     <span class='ocr_line' id='line_1_111' title="bbox 1188 5408 1985 5482; baseline -0.006 -15"><span class='ocrx_word' id='word_1_822' title='bbox 1188 5410 1441 5468; x_wconf 82' lang='lat' dir='ltr'><strong>liuncOsmiindum</strong></span> <span class='ocrx_word' id='word_1_823' title='bbox 1457 5413 1546 5482; x_wconf 79' lang='lat' dir='ltr'><strong>(quem</strong></span> <span class='ocrx_word' id='word_1_824' title='bbox 1570 5409 1748 5463; x_wconf 86' lang='lat' dir='ltr'><strong>Osiinundum</strong></span> <span class='ocrx_word' id='word_1_825' title='bbox 1772 5414 1920 5478; x_wconf 85' lang='lat' dir='ltr'><strong>nuncupat)</strong></span> <span class='ocrx_word' id='word_1_826' title='bbox 1948 5408 1985 5463; x_wconf 92' lang='lat' dir='ltr'><strong>ob</strong></span> 
     </span>
     <span class='ocr_line' id='line_1_112' title="bbox 1188 5479 1987 5552; baseline -0.005 -15"><span class='ocrx_word' id='word_1_827' title='bbox 1188 5484 1343 5539; x_wconf 79' lang='lat' dir='ltr'><strong>sanctitatis</strong></span> <span class='ocrx_word' id='word_1_828' title='bbox 1357 5482 1505 5550; x_wconf 85' lang='lat' dir='ltr'><strong>tamam,et</strong></span> <span class='ocrx_word' id='word_1_829' title='bbox 1531 5480 1725 5534; x_wconf 88' lang='lat' dir='ltr'><strong>miraculorum</strong></span> <span class='ocrx_word' id='word_1_830' title='bbox 1755 5479 1938 5552; x_wconf 77' lang='lat' dir='ltr'><strong>frequentiam</strong></span> <span class='ocrx_word' id='word_1_831' title='bbox 1958 5480 1987 5533; x_wconf 89' lang='lat' dir='ltr'><strong>iri</strong></span> 
     </span>
     <span class='ocr_line' id='line_1_113' title="bbox 1189 5551 1984 5621; baseline -0.009 -12"><span class='ocrx_word' id='word_1_832' title='bbox 1189 5557 1267 5609; x_wconf 89' lang='lat' dir='ltr'><strong>divos</strong></span> <span class='ocrx_word' id='word_1_833' title='bbox 1281 5555 1392 5608; x_wconf 88' lang='lat' dir='ltr'><strong>relatum</strong></span> <span class='ocrx_word' id='word_1_834' title='bbox 1412 5553 1494 5607; x_wconf 76' lang='lat' dir='ltr'><strong>luisse</strong></span> <span class='ocrx_word' id='word_1_835' title='bbox 1509 5552 1647 5606; x_wconf 81' lang='lat' dir='ltr'><strong>aCalisto</strong></span> <span class='ocrx_word' id='word_1_836' title='bbox 1663 5552 1698 5605; x_wconf 96' lang='lat' dir='ltr'><strong>lll</strong></span> <span class='ocrx_word' id='word_1_837' title='bbox 1727 5566 1809 5621; x_wconf 85' lang='lat' dir='ltr'><strong>papa,</strong></span> <span class='ocrx_word' id='word_1_838' title='bbox 1820 5566 1893 5606; x_wconf 87' lang='lat' dir='ltr'><strong>anno</strong></span> <span class='ocrx_word' id='word_1_839' title='bbox 1907 5551 1984 5615; x_wconf 71' lang='lat' dir='ltr'><strong>iter,</strong></span> 
     </span>
     <span class='ocr_line' id='line_1_114' title="bbox 1189 5622 1987 5695; baseline -0.01 -14"><span class='ocrx_word' id='word_1_840' title='bbox 1189 5626 1361 5695; x_wconf 79' lang='lat' dir='ltr'><strong>ciliciumque</strong></span> <span class='ocrx_word' id='word_1_841' title='bbox 1374 5626 1574 5695; x_wconf 66' lang='lat' dir='ltr'><strong>praescriptum,</strong></span> <span class='ocrx_word' id='word_1_842' title='bbox 1604 5622 1631 5675; x_wconf 90' lang='lat' dir='ltr'><strong>iii</strong></span> <span class='ocrx_word' id='word_1_843' title='bbox 1651 5626 1709 5689; x_wconf 84' lang='lat' dir='ltr'><strong>ejus</strong></span> <span class='ocrx_word' id='word_1_844' title='bbox 1737 5622 1896 5677; x_wconf 89' lang='lat' dir='ltr'><strong>memoriam</strong></span> <span class='ocrx_word' id='word_1_845' title='bbox 1915 5622 1987 5675; x_wconf 89' lang='lat' dir='ltr'><strong>lien-</strong></span> 
     </span>
     <span class='ocr_line' id='line_1_115' title="bbox 1189 5691 1986 5763; baseline -0.01 -11"><span class='ocrx_word' id='word_1_846' title='bbox 1189 5700 1252 5752; x_wconf 90' lang='lat' dir='ltr'><strong>dnm</strong></span> <span class='ocrx_word' id='word_1_847' title='bbox 1269 5698 1378 5751; x_wconf 88' lang='lat' dir='ltr'><strong>nomine</strong></span> <span class='ocrx_word' id='word_1_848' title='bbox 1391 5699 1470 5750; x_wconf 87' lang='lat' dir='ltr'><strong>nnius</strong></span> <span class='ocrx_word' id='word_1_849' title='bbox 1491 5694 1655 5750; x_wconf 83' lang='lat' dir='ltr'><strong>contessoris</strong></span> <span class='ocrx_word' id='word_1_850' title='bbox 1681 5695 1814 5763; x_wconf 88' lang='lat' dir='ltr'><strong>episcopi.</strong></span> <span class='ocrx_word' id='word_1_851' title='bbox 1844 5691 1986 5761; x_wconf 80' lang='lat' dir='ltr'><strong>Quaequi-</strong></span> 
     </span>
     <span class='ocr_line' id='line_1_116' title="bbox 1190 5765 1986 5835; baseline -0.009 -12"><span class='ocrx_word' id='word_1_852' title='bbox 1190 5770 1250 5823; x_wconf 90' lang='lat' dir='ltr'><strong>dem</strong></span> <span class='ocrx_word' id='word_1_853' title='bbox 1263 5766 1395 5822; x_wconf 75' lang='lat' dir='ltr'><strong>Osmiindi</strong></span> <span class='ocrx_word' id='word_1_854' title='bbox 1405 5766 1561 5835; x_wconf 85' lang='lat' dir='ltr'><strong>apotheosis</strong></span> <span class='ocrx_word' id='word_1_855' title='bbox 1575 5780 1590 5817; x_wconf 93' lang='lat' dir='ltr'><strong>a</strong></span> <span class='ocrx_word' id='word_1_856' title='bbox 1602 5765 1722 5835; x_wconf 85' lang='lat' dir='ltr'><strong>Gegorio</strong></span> <span class='ocrx_word' id='word_1_857' title='bbox 1737 5766 1774 5819; x_wconf 80' lang='lat' dir='ltr'><strong>tit</strong></span> <span class='ocrx_word' id='word_1_858' title='bbox 1791 5766 1881 5819; x_wconf 88' lang='lat' dir='ltr'><strong>tuerat</strong></span> <span class='ocrx_word' id='word_1_859' title='bbox 1896 5771 1986 5816; x_wconf 74' lang='lat' dir='ltr'><strong>teriia-</strong></span> 
     </span>
     <span class='ocr_line' id='line_1_117' title="bbox 1191 5834 1987 5905; baseline -0.011 -12"><span class='ocrx_word' id='word_1_860' title='bbox 1191 5848 1227 5895; x_wconf 82' lang='lat' dir='ltr'><strong>ta.</strong></span> <span class='ocrx_word' id='word_1_861' title='bbox 1241 5839 1287 5892; x_wconf 84' lang='lat' dir='ltr'><strong>sed</strong></span> <span class='ocrx_word' id='word_1_862' title='bbox 1303 5837 1509 5905; x_wconf 83' lang='lat' dir='ltr'><strong>insurgentibus</strong></span> <span class='ocrx_word' id='word_1_863' title='bbox 1523 5835 1645 5890; x_wconf 84' lang='lat' dir='ltr'><strong>rariisiii</strong></span> <span class='ocrx_word' id='word_1_864' title='bbox 1664 5834 1813 5891; x_wconf 76' lang='lat' dir='ltr'><strong>Ecclesiam</strong></span> <span class='ocrx_word' id='word_1_865' title='bbox 1838 5842 1987 5900; x_wconf 76' lang='lat' dir='ltr'><strong>tempesta·</strong></span> 
     </span>
     <span class='ocr_line' id='line_1_118' title="bbox 1191 5907 1987 5980; baseline -0.01 -15"><span class='ocrx_word' id='word_1_866' title='bbox 1191 5912 1424 5980; x_wconf 84' lang='lat' dir='ltr'><strong>tibusprorogata,</strong></span> <span class='ocrx_word' id='word_1_867' title='bbox 1442 5911 1529 5962; x_wconf 86' lang='lat' dir='ltr'><strong>donec</strong></span> <span class='ocrx_word' id='word_1_868' title='bbox 1539 5907 1667 5960; x_wconf 75' lang='lat' dir='ltr'><strong>sereniori</strong></span> <span class='ocrx_word' id='word_1_869' title='bbox 1683 5908 1727 5960; x_wconf 89' lang='lat' dir='ltr'><strong>dic</strong></span> <span class='ocrx_word' id='word_1_870' title='bbox 1748 5908 1987 5960; x_wconf 88' lang='lat' dir='ltr'><strong>illucescentetam</strong></span> 
     </span>
     <span class='ocr_line' id='line_1_119' title="bbox 1190 5975 1991 6052; baseline -0.01 -16"><span class='ocrx_word' id='word_1_871' title='bbox 1190 5991 1313 6039; x_wconf 85' lang='lat' dir='ltr'><strong>sanctum</strong></span> <span class='ocrx_word' id='word_1_872' title='bbox 1336 5979 1520 6052; x_wconf 87' lang='lat' dir='ltr'><strong>inscriptionis</strong></span> <span class='ocrx_word' id='word_1_873' title='bbox 1540 5993 1609 6048; x_wconf 88' lang='lat' dir='ltr'><strong>opus</strong></span> <span class='ocrx_word' id='word_1_874' title='bbox 1624 5975 1682 6031; x_wconf 84' lang='lat' dir='ltr'><strong>lieri</strong></span> <span class='ocrx_word' id='word_1_875' title='bbox 1695 5982 1789 6045; x_wconf 88' lang='lat' dir='ltr'><strong>posset</strong></span> <span class='ocrx_word' id='word_1_876' title='bbox 1807 5975 1950 6047; x_wconf 85' lang='lat' dir='ltr'><strong>religiosus</strong></span> <span class='ocrx_word' id='word_1_877' title='bbox 1964 5980 1991 6029; x_wconf 86' lang='lat' dir='ltr'><strong>ct</strong></span> 
     </span>
    </p>
   </div>
   <div class='ocr_carea' id='block_1_21' title="bbox 0 0 2405 6724">
    <p class='ocr_par' dir='ltr' id='par_1_26' title="bbox 0 0 2405 6724">
     <span class='ocr_line' id='line_1_120' title="bbox 0 0 2405 6724; baseline 0 0"><span class='ocrx_word' id='word_1_878' title='bbox 0 0 2405 6724; x_wconf 95' lang='lat' dir='ltr'><strong> </strong></span> 
     </span>
    </p>
   </div>
  </div>
 </body>
</html>
