4750 6725
475 655 526 710 239
757 637 1841 710 s.e1vsttutllcelvrnnlt.nltcn1er.0re.re1tsllr.-eelsl‘0le.
2073 656 2127 708 240

508 778 548 833 De
560 794 641 834 causa
659 777 728 834 inter
747 791 839 849 regem
860 774 966 848 llngliae
988 781 1015 830 et
1035 788 1080 828 me
1099 771 1164 844 qnid
1185 771 1313 842 nuperA
1327 786 1419 826 rarum
1442 780 1591 828 vestramm
1614 773 1758 830 dulcedine
1780 774 1914 831 consolari
1937 781 1964 830 et
1988 774 2131 831 laetificare

475 865 576 921 lactum
596 866 639 934 sit,
663 864 781 920 breviter
798 863 950 920 celsitudini
970 871 1067 919 vestrae
1085 860 1184 929 scribo,
1208 859 1273 932 quia
1326 859 1487 932 dignemini.
1513 859 1691 932 Omnipotens
1704 872 1731 918 et
1743 862 1806 933 pius
1819 863 1951 919 Dominus
1963 877 2013 920 vos
2026 861 2131 936 ubique

472 953 563 1025 legato
584 954 643 1024 ejus
662 961 688 1010 el
708 962 799 1010 nostro
818 953 869 1008 hoc
887 951 993 1024 plenius
1012 950 1204 1022 exponendum
1231 964 1272 1003 re·
1325 957 1475 1018 conservet,
1488 958 1515 1006 et
1526 950 1560 1006 de
1569 950 1657 1007 reditu
1668 959 1758 1007 vestm
1767 966 1812 1007 me
1822 953 1857 1008 ad
1867 967 1987 1023 praeseus
1996 951 2128 1008 laetificet.

474 1041 576 1112 linquo.
600 1041 744 1112 Postquam
766 1042 911 1096 auctoritas
929 1047 1018 1098 vestra
1036 1038 1129 1096 comiti
1151 1038 1186 1092 de
1207 1036 1271 1091 ltel-
1327 1037 1422 1092 Amen.

470 1131 543 1185 lento
571 1139 597 1185 et
621 1130 681 1184 aliis
694 1129 904 1202 impedientibus
923 1130 996 1200 apud
1009 1144 1099 1200 regem
1119 1126 1270 1197 jussionem
1575 1126 1747 1185 EPlS'l'OLd
1765 1129 1873 1186 LXXV.

469 1227 597 1286 vestram,
627 1219 765 1274 introitum
791 1218 920 1274 Ecclesiae
947 1216 1101 1288 pmlribuit,
1124 1213 1270 1286 appmpin-
1423 1230 1538 1270 nnnurcr
1554 1231 1636 1272 encre
1650 1231 1800 1274 lneaoann
1815 1232 1850 1272 en
1865 1233 2025 1275 inserens.

471 1305 782 1376 quaviNortlrmanniae,
798 1307 941 1363 ellectum
965 1313 1004 1361 est
1031 1320 1081 1376 per
1103 1303 1268 1359 comitissam
1358 1302 1513 1372 Hermione,
1538 1303 1587 1360 Dei
1611 1305 1708 1377 gratia,
1733 1321 1780 1361 rex
1804 1306 1964 1380 anglorum,
1988 1309 2124 1363 menno

467 1395 659 1450 Camotensem
686 1411 807 1450 sororem
827 1395 899 1467 regis
920 1393 1105 1450 fidelissimam
1119 1390 1204 1446 filiam
1216 1391 1268 1446 lle·
1321 1388 1507 1446 Cantueriensi
1531 1393 1756 1463 archiepiscopo,
1779 1394 1940 1450 charissime
1962 1393 2037 1449 Patri
2061 1409 2123 1462 sue,

466 1482 556 1538 clesiae
571 1483 620 1538 Dei
649 1491 675 1538 et
702 1483 798 1540 vestris
824 1483 968 1554 praeceptis
990 1480 1172 1549 obedientem,
1189 1479 1268 1534 ulad
1321 1477 1435 1534 salutem
1450 1479 1649 1536 etamicitiam.

466 1570 676 1642 colloquendum
697 1587 743 1626 rex
764 1579 790 1626 et
813 1587 865 1643 ego
893 1587 953 1625 cum
980 1570 1098 1641 quadam
1126 1583 1175 1638 spe
1202 1567 1266 1622 boni
1356 1565 1431 1623 Sciat
1457 1577 1547 1624 vestra
1574 1569 1693 1642 benigne
1729 1570 1876 1641 paternitas
1892 1571 1957 1642 qnia
1979 1570 2068 1626 debeo
2096 1579 2123 1626 et

466 1667 577 1714 eventus
605 1658 819 1716 conveniremus.
847 1659 898 1716 Ubi
914 1675 957 1714 me
972 1658 1006 1713 de
1020 1657 1265 1727 archiepiscopatu,
1319 1653 1434 1710 nimium
1455 1656 1524 1711 intra
1552 1673 1596 1712 me
1624 1657 1767 1715 contristor
1793 1675 1850 1730 prae
1879 1657 1973 1714 dolore
1999 1659 2124 1729 corporis

467 1746 540 1802 unde
554 1763 598 1802 me
612 1747 775 1820 spoliaverat
799 1747 944 1803 revestivit.
962 1746 998 1802 Et
1017 1747 1051 1802 de
1070 1745 1111 1800 liis
1125 1745 1153 1798 in
1167 1744 1266 1816 quibus
1319 1743 1400 1798 vestri
1428 1751 1456 1800 et
1481 1743 1646 1800 infirmitate.
1670 1746 1706 1802 Et
1724 1746 1820 1802 scitote
1842 1745 1907 1818 quia
1927 1746 1978 1802 nisi
1992 1761 2043 1803 vos
2056 1763 2122 1818 ope

465 1835 700 1904 dissentiebamns,
723 1835 825 1891 scilicet
848 1834 882 1891 de
905 1834 1068 1890 investituris
1082 1833 1264 1888 Ecclesiamm
1318 1830 1417 1900 riebar,
1444 1832 1503 1902 jam
1529 1832 1642 1888 fuissem
1669 1834 1697 1888 iu
1722 1834 1929 1890 Nertbmenuia.
1965 1835 2121 1891 Gauderem

464 1931 490 1978 et
505 1923 632 1978 hominiis
645 1923 830 1995 praelatomm‚
847 1923 994 1994 dequibus
1014 1922 1132 1977 simulet
1146 1921 1264 1976 similem
1317 1919 1426 1974 enimsi
1442 1921 1516 1991 prins
1529 1937 1579 1978 vos
1592 1922 1762 1992 reperissem,
1778 1938 1860 1993 quem
1884 1937 1901 1977 a
1923 1923 2035 1994 regione
2058 1939 2122 1980 mea

461 2011 489 2066 in
512 2012 634 2068 Romano
653 2013 769 2068 concilio
792 2012 882 2068 audivi
905 2011 1126 2084 prohibitionem,
1146 2023 1175 2065 se
1197 2025 1262 2080 apo·
1316 2008 1504 2077 recessissem,
1519 2025 1591 2064 nune
1605 2018 1695 2066 autem
1718 2026 1815 2082 preoor
1837 2026 1897 2080 vos,
1920 2011 1991 2066 sicut
2011 2020 2119 2082 patrem

460 2100 584 2155 stolicam
599 2101 690 2156 sedern
703 2117 753 2172 per
766 2100 885 2173 legatum
909 2116 987 2155 suurn
1015 2108 1077 2155 ante
1104 2098 1259 2170 proximem
1272 2121 1300 2181 B
1315 2094 1397 2164 filius,
1409 2104 1438 2152 ut
1451 2096 1592 2168 paulisper
1602 2097 1664 2169 plns
1676 2098 1840 2171 indulgeatis
1857 2106 1962 2154 naturae
1975 2115 2118 2170 corporee

459 2188 634 2244 Nativitatem
665 2189 772 2244 Domini
799 2189 987 2259 requisitumm
1023 2187 1169 2244 constituit.
1199 2187 1260 2241 Non

460 2285 550 2330 aulem
567 2275 687 2332 intellexi
702 2293 746 2332 me
761 2277 860 2332 debere
875 2285 920 2332 aut
934 2276 1099 2349 legationem
1123 2275 1180 2343 ejus
1198 2289 1261 2344 pro-

458 2363 561 2432 hibere,
578 2373 623 2419 aut
637 2365 823 2420 revestituram
845 2381 934 2421 meatu
956 2379 1091 2434 respuere.
1108 2362 1180 2433 Quid
1194 2377 1259 2418 vero

457 2452 515 2522 ipse
531 2453 564 2508 de
575 2453 714 2522 praedictis
734 2453 814 2508 rebus
835 2452 975 2522 concedat,
991 2451 1034 2508 vel
1050 2453 1115 2524 quid
1129 2450 1257 2522 postulet,

455 2556 506 2610 per
519 2542 646 2596 eumdem
660 2540 780 2613 legatum
795 2541 923 2596 sanctitas
943 2550 1032 2596 vestra
1053 2548 1208 2613 cognoscet.
1226 2540 1258 2594 Et

455 2629 584 2708 (puerilem
600 2630 680 2684 totius
694 2645 782 2685 causae
797 2628 858 2685 finis
873 2631 906 2685 de
920 2639 1009 2686 vestm
1024 2629 1124 2700 pendet
1134 2628 1255 2697 arbitrio,

1314 2193 1420 2253 vestre,
1436 2194 1464 2242 et
1478 2201 1513 2241 ne
1526 2186 1564 2241 ita
1578 2185 1708 2258 affligatis
1721 2203 1820 2257 corpus
1832 2187 1962 2243 tecnam.
1986 2188 2056 2244 Volo
2070 2204 2117 2244 au·

1314 2279 1369 2327 tem
1384 2282 1412 2330 et
1432 2274 1564 2345 praecipio
1579 2284 1608 2330 nt
1621 2274 1722 2346 ubique
1745 2291 1795 2346 per
1816 2290 1912 2330 omnes
1931 2277 2119 2347 possessiones

1314 2377 1390 2416 meas
1402 2361 1608 2418 Nertlrmanuiae
1622 2363 1761 2435 imperetis
1782 2362 1852 2419 sieut
1872 2379 1923 2435 per
1944 2373 2048 2420 vestras
2062 2366 2118 2422 Do

1313 2449 1437 2517 minicae,
1453 2459 1480 2506 et
1493 2451 1625 2522 gaudebit
1638 2467 1790 2507 cormeum
1816 2451 1840 2506 si
1867 2451 1920 2508 lroc
1932 2452 2022 2523 ipsum
2044 2453 2118 2509 lece-

1311 2537 1381 2593 ritie.
1410 2538 1488 2594 Nunc
1515 2555 1580 2595 vero
1607 2539 1683 2611 operi
1711 2555 1756 2594 me
1783 2538 1811 2594 in
1837 2541 2036 2596 Northmannie
2057 2542 2118 2614 Ego

1312 2626 1384 2680 enim
1399 2627 1508 2685 noviter
1522 2627 1652 2683 transibo.
1676 2627 1755 2683 leste
1768 2628 1929 2685 Waldericn
1943 2629 2018 2699 apud
2032 2631 2116 2686 Win-

454 2715 516 2770 misi
545 2717 625 2772 simul
659 2717 778 2789 legatum
804 2725 935 2786 nostmnr,
955 2725 984 2773 ut
1006 2733 1170 2790 cognoscam
1190 2731 1257 2787 quo·
1309 2714 1489 2771 deleshoras.

453 2804 548 2877 mode·
560 2805 638 2860 vobis
653 2814 679 2860 et
700 2806 756 2878 regi
779 2805 938 2874 conveniat,
959 2813 986 2861 et
1005 2806 1071 2878 qnid
1089 2805 1155 2860 mihi
1169 2805 1255 2875 jussio
1558 2803 1727 2861 ualerone
1744 2804 1866 2861 Lxxvl.

453 2902 543 2948 vestra
556 2893 708 2964 praecipiat.
726 2894 823 2950 Caruili
845 2895 879 2950 de
893 2894 1020 2950 llellento
1043 2910 1092 2965 per
1112 2893 1254 2948 auctorita·
1449 2906 1599 2948 nennunre
1613 2907 1726 2948 esame
1749 2908 1785 2947 eu
1807 2907 1965 2951 susannae.

454 2989 508 3036 tem
523 2983 623 3037 clrartae
644 2991 739 3038 vestrae
758 2999 839 3053 quam
863 2982 901 3037 illi
922 2983 1066 3051 direxistis,
1083 2982 1110 3036 ln
1124 2999 1177 3054 qna
1198 2982 1252 3056 legi
1346 2979 1662 3049 Dominosuo,etl‘at1r'
1686 2981 1845 3036 clarissimo
1864 2984 2000 3038 uaesano
2021 2986 2111 3040 archi·

452 3069 516 3140 quia
537 3069 559 3123 si
577 3069 654 3126 vobis
668 3069 801 3138 obediret,
826 3070 942 3142 gratiam
970 3079 1085 3125 vestram
1107 3071 1251 3138 obtineret,
1307 3067 1445 3138 episcopo,
1461 3069 1618 3124 Mernrnnte
1631 3069 1780 3142 auglorum
1794 3070 1899 3142 regina,
1914 3070 2007 3128 salutis
2027 3073 2111 3128 bonae

451 3158 573 3214 concessi
595 3158 732 3214 introitum
747 3159 887 3227 Ecclesiae,
917 3159 1045 3228 quoniam
1072 3159 1196 3230 pmnrisit
1224 3175 1253 3214 se
1305 3155 1499 3212 valetudinem.

450 3255 609 3302 conaturum
631 3256 660 3301 ut
678 3263 725 3302 rex
744 3246 911 3317 jussionibus
931 3247 1027 3302 vestris
1046 3247 1081 3302 ad
1102 3246 1251 3302 ubertatem
1344 3245 1538 3302 Exsultatinuis
1552 3246 1670 3318 opinatae
1681 3246 1840 3317 jucunditas
1852 3255 1949 3304 resne
1968 3249 2036 3305 milri
2060 3269 2109 3307 nu·

449 3335 580 3393 Ecclesiae
595 3335 774 3407 obtemperet.
790 3335 830 3391 De
845 3334 905 3390 aliis
926 3342 1015 3391 autern
1037 3335 1072 3391 de
1095 3336 1251 3408 qulbusnu-
1305 3351 1355 3406 per
1378 3334 1518 3407 spondeus
1544 3334 1693 3391 sanctitatis
1720 3336 1881 3406 adventurn,
1911 3345 2012 3409 quanto
2040 3340 2108 3395 mibi

448 3424 599 3480 cleritatem
615 3432 732 3479 vestram
745 3440 796 3495 per
809 3424 914 3496 legatos
934 3424 1051 3495 requiro,
1067 3425 1126 3495 ejus
1140 3440 1251 3495 respon·
1265 3472 1290 3536 C
1304 3422 1398 3496 gaudii
1425 3422 1569 3495 solatiique
1595 3424 1657 3495 plus
1684 3424 1815 3481 collatura
1842 3426 1902 3495 luit,
1923 3435 1996 3483 tanto
2017 3430 2107 3500 majus

447 3511 563 3582 sionem,
586 3513 608 3567 si
627 3512 726 3583 placet,
745 3528 795 3583 per
814 3513 924 3567 eosdem
951 3512 1081 3585 elllagr'lo.
1099 3513 1152 3569 Pro
1173 3530 1247 3570 reve
1304 3511 1489 3582 prepediente
1515 3511 1679 3580 valetudine,
1709 3512 1823 3569 desolati
1851 3515 1974 3570 moeroris
2000 3516 2105 3573 incom-

448 3601 532 3656 rendo
558 3602 636 3656 Patre
664 3616 725 3656 meo
754 3600 958 3671 archiepiscopo
979 3601 1189 3673 Rollromagensi
1211 3604 1246 3658 ad

447 3697 535 3745 vestra
549 3690 664 3759 supplex
687 3698 776 3745 mente
796 3704 840 3745 me
854 3697 994 3759 pmstemo
1008 3689 1132 3761 vestigia,
1148 3700 1246 3762 quate-

446 3792 498 3831 nus
521 3778 668 3833 secundum
691 3778 764 3848 qnod
787 3793 837 3846 per
858 3776 916 3847 ejus
940 3777 1044 3850 legatos
1067 3781 1245 3850 cognoscetis,

448 3866 674 3935 supplicationem
689 3875 715 3921 et
730 3866 920 3933 luurnililatem,
935 3866 1065 3922 Ecclesiae
1085 3884 1141 3924 suae
1156 3884 1246 3924 neces

447 3953 564 4021 sitalem,
580 3953 737 4023 apostolica
752 3952 944 4008 misericordiae
958 3954 997 4008 illi
1013 3954 1175 4026 impendatis
1200 3957 1247 4013 be·

447 4040 618 4111 nignitatem.
645 4040 823 4110 Omnipotens
845 4040 918 4095 Deus
932 4041 1046 4096 inomni
1071 4044 1248 4113 pmspcritate

448 4136 564 4184 vestram
581 4128 626 4181 diu
641 4127 770 4183 Ecclesiae
789 4144 845 4183 suae
860 4137 1000 4185 conservet
1023 4130 1245 4188 incolumitatem.

448 4218 544 4271 Arnen.

696 4321 868 4379 EPISTOLd
887 4322 1008 4381 LXlllll.

502 4426 652 4469 nernrunre
675 4426 828 4467 lucuonnu
843 4428 952 4468 eucine
975 4429 1010 4468 un
1033 4430 1192 4473 susannae.

485 4528 665 4585 Dilectissimo
687 4528 798 4583 domino
821 4530 1006 4598 sacellani,
1022 4533 1155 4588 Ausculto
1179 4534 1247 4590 Can·

451 4618 577 4675 tuariensi
602 4617 826 4687 archiepiscopo,
851 4618 1007 4673 llxrnnxns
1030 4620 1178 4691 llnglorum
1208 4640 1248 4680 rc-

450 4710 524 4780 gina,
540 4706 655 4761 salutem
676 4706 830 4761 continuam
855 4722 915 4761 cnm
941 4706 1094 4778 dilectione,
1117 4716 1142 4765 et
1165 4714 1248 4769 servi·

451 4798 516 4852 lium
532 4794 621 4850 lidele.

1302 3600 1414 3655 modurn
1442 3600 1564 3656 contulit,
1594 3600 1793 3674 Praecognitum
1817 3602 1901 3673 igitur
1923 3603 1989 3659 nubi
2005 3615 2104 3662 restrae

1300 3687 1469 3759 paternitatis
1482 3686 1609 3743 allectum
1629 3688 1776 3743 miserabili
1800 3690 1995 3761 lacrymatione
2007 3709 2104 3751 exora-

1301 3784 1358 3831 tum
1372 3776 1463 3845 venio,
1478 3784 1508 3831 ut
1530 3776 1553 3831 si
1575 3792 1640 3831 cura
1666 3776 1719 3832 naci
1742 3778 1817 3847 apud
1843 3793 1893 3834 vos
1919 3780 2027 3850 penitus
2046 3799 2102 3839 nnn

1301 3863 1404 3934 eviluit,
1420 3864 1583 3920 anxietatem
1604 3863 1795 3919 sollicitudinis
1818 3881 1887 3923 meae
1902 3868 1937 3923 de
1950 3878 2040 3926 restra
2053 3888 2102 3926 va·

1300 3952 1420 4007 latudine
1446 3952 1568 4023 quolibet
1595 3952 1758 4008 intemuutio
1789 3955 1950 4025 quantocius
1974 3974 2099 4015 securam

1300 4040 1430 4095 reddatis.
1445 4042 1498 4095 llut
1511 4040 1584 4095 enim
1597 4040 1711 4095 indilate
1724 4042 1862 4097 demetra
1875 4043 1972 4099 eadem
1985 4047 2098 4117 quidem

1300 4136 1327 4182 et
1341 4143 1403 4183 mee
1425 4128 1512 4183 salute
1535 4127 1679 4199 gaudebo;
1696 4137 1752 4197 ant,
1767 4129 1842 4199 quod
1861 4131 2036 4191 necaverat
2056 4138 2105 4191 ml·

1301 4215 1419 4271 seratio!
1448 4215 1600 4271 communis
1631 4230 1710 4271 casua
1739 4214 1892 4274 allisionem
1919 4220 2105 4279 indifferenter

1300 4303 1408 4359 subibo.
1424 4302 1574 4361 Convelere
1587 4319 1638 4361 vos
1661 4303 1744 4360 faciat
1765 4304 1888 4376 piissima
1906 4308 1956 4364 bei
1979 4312 2104 4385 omnipo

1301 4392 1394 4447 tentia.
1409 4393 1505 4447 Amen.

1488 4506 1573 4576 446
1594 4506 1763 4565 EPISTOLA
1782 4508 1918 4568 LXXVll.

1386 4626 1501 4667 nenurcr
1523 4628 1603 4669 unere
1625 4628 1777 4671 xneuounn
1799 4630 1837 4672 en
1859 4632 2021 4677 meamne.

1337 4718 1482 4774 llnrvavcne
1505 4736 1553 4774 rex
1575 4719 1736 4793 Anglomm,
1757 4721 1857 4779 dilecto
1881 4723 1953 4779 Patri
1975 4743 2025 4784 suo
2047 4732 2104 4785 dn·
2172 4723 2173 4728 '

1260 4821 1392 4889 Denuno
1407 4806 1592 4864 Cantueriensi
1615 4809 1834 4882 archiepiscopo,
1859 4811 1973 4868 salutem
1999 4824 2026 4872 et
2053 4816 2103 4873 tilii

485 4886 546 4939 Non
561 4885 676 4955 ignoret,
692 4884 849 4938 charissime
871 4884 957 4953 Pater,
979 4896 1076 4943 vestrae
1100 4891 1248 4947 sanctitatis
1304 4895 1487 4951 dilectionem.

450 4972 614 5029 consolatrix
629 4972 738 5028 dilectio
753 4972 871 5027 animam
885 4988 973 5027 nicam
984 4984 1071 5030 vestra
1088 4986 1140 5033 lam
1154 4980 1246 5052 longa,

449 5070 503 5116 tam
520 5060 632 5115 taediosa
651 5060 772 5114 absentia
795 5060 914 5132 graviter
928 5060 985 5117 lore
1001 5064 1143 5120 turbatam.
1162 5068 1247 5124 Vestri

449 5150 547 5205 etenim
563 5148 666 5203 reditus
691 5148 774 5217 optati
797 5149 936 5219 temninns,
962 5160 1062 5223 quanto
1085 5154 1199 5212 celerior
1221 5166 1247 5213 et

446 5236 625 5307 propinquior
645 5252 660 5289 a
683 5235 805 5305 pluribus
824 5236 890 5290 milri
905 5238 1078 5311 promittitur,
1096 5250 1169 5298 lanto
1183 5260 1245 5299 ma-

446 5325 489 5396 gis
504 5340 519 5379 a
534 5339 578 5379 me
592 5332 680 5379 vestra
694 5322 746 5376 lrui
768 5332 877 5392 optante
896 5328 1040 5395 praesentia
1060 5338 1086 5385 et
1109 5330 1245 5389 locutione

446 5412 623 5468 desideratur.
649 5411 730 5466 Nullo
755 5410 854 5481 itaque,
876 5416 1099 5473 reverendissime
1123 5420 1242 5492 domine,

442 5501 564 5573 perfecto
579 5500 680 5571 gaudio
695 5499 785 5553 anima
805 5515 865 5555 mea
885 5502 1074 5574 laetificabitur,
1091 5507 1164 5563 nulla
1179 5523 1243 5564 vera

443 5588 589 5644 dilectione
610 5586 814 5656 exhilarabitur,
839 5604 980 5661 quousque
1003 5602 1131 5664 vestram,
1160 5612 1242 5667 qnam

441 5678 505 5734 totis
518 5676 616 5731 mentis
630 5689 699 5729 meae
713 5674 816 5731 vin'bus
835 5676 970 5748 desidem,
986 5684 1157 5751 presentiam
1172 5686 1242 5741 revi-

441 5766 507 5821 dere
529 5764 681 5837 gaudenter
701 5763 818 5819 valeam.
835 5764 937 5821 Vestrae
960 5768 1094 5840 siquidem
1117 5772 1242 5846 benigni·

440 5854 501 5911 tatis
515 5853 674 5909 mellilluam
693 5868 775 5909 exoro
800 5853 989 5925 dulcedinem,
1014 5866 1043 5913 ul
1066 5859 1172 5916 interim
1197 5878 1242 5918 me

435 5940 558 5999 bsentem
583 5950 679 6001 vestre
708 5940 879 6001 emoenitate
910 5946 1092 6017 correptionis
1116 5956 1144 6007 et
1170 5949 1240 6007 litte

1337 4984 1447 5051 Noscat,
1463 4984 1611 5041 reverende
1625 4986 1712 5055 Pater,
1737 4986 1863 5047 diseretio
1886 4993 2035 5049 sanctitatis
2055 5012 2104 5054 ve·

1302 5077 1375 5141 strae,
1392 5071 1456 5142 quia
1471 5072 1554 5129 trater
1567 5086 1643 5128 mens
1657 5088 1749 5130 cernes
1762 5076 1896 5134 nobenus
1910 5080 1947 5135 ad
1960 5096 2005 5137 me
2027 5086 2104 5142 venit
2169 5091 2170 5136 l

1301 5158 1329 5213 in
1348 5159 1475 5232 Angliam
1490 5169 1516 5216 et
1530 5161 1648 5234 benigne
1671 5165 1790 5220 recessit.
1814 5166 1858 5222 lle
1880 5177 1971 5224 autem
1993 5171 2100 5244 scitote,

1300 5248 1328 5301 in
1356 5248 1400 5304 die
1424 5250 1595 5306 ascensionis
1610 5251 1729 5322 Domini,
1745 5268 1804 5309 esse
1827 5254 1862 5310 ad
1885 5270 2101 5330 mareparntnm

1299 5336 1422 5393 transire.
1446 5338 1481 5392 Et
1504 5354 1566 5394 cnm
1582 5338 1721 5410 transiero,
1749 5356 1799 5412 per
1824 5358 1874 5401 vos
1898 5348 1927 5400 et
1954 5348 2100 5405 consilium

1296 5433 1425 5495 vestmm,
1437 5441 1469 5481 ea
1483 5442 1545 5497 quae
1560 5428 1668 5499 agenda
1682 5437 1768 5498 erunt,
1779 5446 1871 5503 egam.
1883 5432 1992 5488 Interim
2007 5445 2100 5493 antem

1296 5514 1318 5567 sl
1334 5514 1496 5570 Guillelmus
1515 5515 1550 5571 de
1562 5516 1718 5573 Warelrast
1741 5518 1886 5591 caeteriqne
1908 5521 1992 5594 legati
2013 5526 2099 5582 nostri

1295 5600 1383 5657 Roma
1397 5602 1536 5673 redierint,
1561 5604 1590 5659 in
1613 5605 1724 5662 arbitrio
1752 5606 1899 5665 voluntatis
1925 5619 2024 5668 vestrae
2052 5615 2096 5686 sit,

1295 5697 1384 5744 utrum
1399 5690 1435 5746 ad
1449 5706 1493 5747 me
1508 5701 1643 5749 transeant
1657 5694 1685 5749 in
1698 5694 1836 5768 Angliam,
1852 5706 1998 5770 antequam
2012 5708 2098 5759 trans·

1295 5790 1367 5846 mm,
1383 5794 1417 5833 an
1430 5778 1572 5836 vobiscum
1586 5791 1753 5851 remaneant,
1769 5783 1857 5841 donec
1879 5786 1931 5858 ipsi
1953 5789 2097 5847 vobiscum

1295 5880 1401 5922 mecum
1429 5867 1583 5940 loquantur.
1608 5869 1687 5928 'l'este
1709 5871 1758 5927 W.
1783 5872 1898 5932 mosell.
1926 5876 2001 5947 apud
2028 5878 2098 5937 Nor-

1295 5954 1493 6028 thamptonem.
1864 5955 1867 5959 ⁴
1968 5970 1974 5979 ‘
