4750 6725
311 494 317 533 l

465 472 503 530 (ii
751 477 780 535 S·
794 482 949 541 cusnitit
964 481 1134 544 cautuae.
1150 482 1311 585 illiCHlEl'.
1329 484 1405 551 OPP.
1423 500 1511 559 PARS
1531 502 1577 561 lli.
1592 538 1628 551 -
1651 454 1838 577 EplsTm

460 610 646 680 rationabiles,
658 621 685 668 et
712 632 773 687 quae
800 612 931 667 infirmari
955 618 1102 682 nequeunt,
1125 614 1254 686 quoniam
1270 618 1299 677 A
1313 616 1442 693 elongare
1457 628 1491 682 ab
1506 632 1573 687 urbe
1597 634 1624 691 in
1646 652 1804 711 quaeram,

460 714 534 755 verca
559 709 633 767 sunt,
660 703 860 759 excusationes.
886 700 962 757 Sciat
989 717 1039 771 pro
1067 712 1141 757 certo
1168 712 1259 760 vestra
1313 707 1358 778 qui
1372 710 1545 787 timebantur,
1568 728 1630 779 tunc
1644 728 1763 785 monitus
1778 740 1806 787 ut
1820 736 1899 791 robis

461 790 616 844 reuerentia
630 790 694 860 quia
708 792 835 847 eumdem
856 790 975 845 animuin
998 804 1079 860 quem
1102 791 1261 863 isabellam

461 877 711 950 corriganturque
731 878 896 950 corrigenda
921 885 994 945 sunt,
1011 880 1112 935 liabeo.
1132 880 1187 935 Sed
1208 896 1260 937 ex-

462 974 555 1036 specto
576 966 691 1022 reditum
710 966 813 1023 domini
837 966 890 1022 mei
914 965 997 1037 regis,
1019 975 1047 1021 et
1068 968 1260 1040 episcoporum

461 1063 489 1109 et
510 1054 662 1125 principum
684 1057 812 1127 quicum
834 1070 868 1111 eo
889 1062 963 1121 sunt,
984 1062 1116 1124 quatenus
1136 1057 1176 1112 illi
1201 1073 1262 1129 quae

459 1142 569 1214 agenda
577 1150 650 1213 sunt,
659 1152 815 1215 opportune
823 1151 851 1200 et
860 1143 1256 1217 rationabilitersuggeremus.

459 1230 496 1285 Et
509 1230 558 1298 sic,
575 1231 634 1287 Deo
647 1231 805 1301 adjuvante,
821 1234 885 1304 ejus
897 1248 1010 1287 assensu
1028 1240 1054 1287 et
1070 1234 1176 1290 auxilio
1201 1234 1262 1290 elli-

460 1319 552 1376 cacius
565 1321 728 1390 expleamus
739 1321 813 1392 quod
824 1321 1021 1378 desideramus.
1033 1322 1062 1378 Si
1076 1329 1167 1378 tamen
1182 1323 1262 1379 uobis

459 1408 547 1480 placet
561 1415 589 1463 ut
603 1424 652 1478 per
665 1409 871 1465 dilectissimum
897 1410 1008 1465 fratrem
1033 1418 1154 1466 nostrum
1180 1428 1261 1468 reve·

460 1496 574 1552 rendum
606 1497 731 1552 abbatem
759 1499 798 1554 ii.-
815 1496 847 1527 ²¹¹
874 1497 942 1553 milii
968 1498 1112 1554 consilium
1140 1507 1261 1557 vestrum

461 1584 606 1653 mandetis,
622 1586 769 1656 dequibus
791 1586 875 1643 rebus
896 1588 1085 1658 ecquomodo
1108 1604 1168 1645 eum
1195 1605 1261 1662 rege

459 1672 536 1745 loqui
551 1673 677 1741 debeam,
694 1676 745 1731 hoc
760 1675 876 1730 libenter
891 1675 1021 1747 suscipio.
1038 1676 1093 1733 Sed
1115 1679 1178 1732 etsi
1202 1680 1261 1747 regi

2085 516 2182 587 m'

1821 647 1875 701 nisi
1898 665 1994 709 versus
2018 655 2118 714 hostes

1923 755 2118 816 occurrerem,

1314 808 1449 868 quatenus
1462 807 1678 879 colloqueremur
1692 816 1726 873 de
1739 820 1782 875 liis
1797 840 1858 894 quae
1878 830 2041 903 corrigenda
2056 844 2120 892 sunt

1314 886 1342 941 iii
1357 888 1408 945 linc
1422 909 1519 965 regno,
1534 899 1722 961 rationabilem
1738 916 1765 963 et
1789 915 1993 985 susceptibilem
2009 922 2119 979 reddidi

1315 990 1435 1048 causam,
1452 984 1645 1061 quiapropter
1660 994 1820 1065 praedictum
1835 1003 1985 1073 periculum
2002 1017 2030 1065 et
2044 1029 2119 1082 prse-

1315 1073 1422 1136 ceptum
1439 1071 1512 1143 regis
1527 1077 1618 1135 venire
1632 1096 1686 1137 non
1702 1096 1836 1156 poterim,
1850 1099 1875 1147 et
1901 1094 1967 1149 nibil
1990 1098 2119 1157 efficere-

1316 1170 1376 1211 mus
1389 1173 1439 1213 nos
1453 1161 1521 1229 duo,
1536 1164 1651 1225 absente
1665 1186 1730 1245 rege
1744 1184 1772 1230 et
1786 1176 1847 1233 aliis
1872 1197 1988 1251 quorum
2002 1203 2119 1247 assensu

1316 1250 1343 1298 et
1362 1247 1476 1305 consilio
1498 1260 1524 1306 ιι
1546 1257 1704 1324 operatione
1727 1263 1763 1318 ad
1788 1264 1914 1325 ellectum
1936 1272 1999 1330 duci
2024 1283 2119 1347 posset

1316 1332 1482 1407 colloquium
1497 1349 1629 1401 nostrum.
1646 1346 1704 1421 Ego
1718 1353 1792 1407 enirn
1808 1354 1865 1426 ipse
1882 1358 1962 1417 video
1976 1378 2037 1431 quoe
2050 1380 2117 1422 cor-

1316 1419 1429 1492 rigenda
1456 1437 1571 1494 suntet
1599 1434 1688 1491 liabeo
1715 1438 1892 1512 voluntatem,
1917 1463 1997 1518 quarn
2023 1453 2116 1511 nullus

1315 1507 1398 1565 honio
1414 1513 1480 1570 milii
1496 1524 1585 1587 potest
1599 1529 1883 1601 euseremorriqendi,
1893 1534 2113 1609 Dcoadjuvaute,

1316 1613 1365 1667 per
1378 1614 1521 1658 assensum
1536 1614 1564 1662 ct
1578 1612 1707 1668 auxilium
1723 1615 1826 1674 domini
1846 1622 1901 1677 mei
1915 1626 1991 1698 regis
2004 1636 2033 1683 et
2043 1628 2114 1686 alio·

1315 1702 1375 1741 rum
1397 1689 1431 1744 etl
1453 1707 1523 1762 quos
1546 1699 1672 1767 pertinet,
1691 1718 1754 1759 cum
1779 1706 1857 1765 locus
1878 1716 1907 1767 et
1926 1718 2115 1785 opportunitas

457 1761 595 1818 monendo
610 1762 754 1819 consulere
770 1764 873 1834 aliquid
887 1766 921 1820 de
943 1765 1102 1833 hujusmodi
1116 1767 1197 1823 rebus
1212 1783 1262 1839 per
1315 1776 1374 1831 erit.
1396 1774 1476 1846 Quod
1492 1791 1583 1840 autem
1607 1793 1805 1862 conquerimini
1831 1813 1880 1855 vos
1902 1811 2023 1861 moratos
2042 1823 2113 1875 esse,

461 1851 588 1906 cumdem
602 1851 731 1907 abbatem
746 1863 773 1908 ct
787 1854 968 1909 reverendum
992 1855 1152 1926 episcopum
1173 1856 1260 1911 Win-
1314 1864 1388 1920 velut
1403 1868 1597 1929 infructuosam
1612 1879 1738 1935 arborem
1755 1892 1781 1938 ct
1797 1889 1973 1961 peregrinum
1989 1910 2044 1951 non
2059 1898 2113 1953 ba·

457 1939 544 1995 tonire
558 1939 709 2011 prudentie
723 1950 823 1999 vcstrae
837 1942 981 2013 placuerit,
1001 1943 1082 2000 lando
1098 1949 1125 2000 ct
1139 1945 1257 2017 postulo.
1273 1969 1300 2030 Β
1314 1950 1422 2011 beniem
1437 1957 1601 2028 adjutorium
1617 1975 1663 2022 aut
1678 1971 1824 2029 consilium
1840 1976 1875 2032 dc
1889 1978 1948 2035 eliis
1960 1998 2011 2037 uos
2026 1984 2111 2053 scitia,

459 2028 538 2085 vate,
1313 2040 1348 2097 de
1364 2055 1511 2103 meantem
1527 2068 1580 2125 eqo
1594 2054 1650 2110 scio
1670 2058 1734 2127 quia
1755 2077 1810 2119 non
1832 2066 1959 2135 prohibui
1980 2087 2030 2128 uos
2051 2074 2112 2131 iru-

676 2119 845 2176 El’lSl'OLl
860 2120 979 2177 XXXVI
992 2120 1035 2177 ¹¹¹.
1313 2130 1444 2199 ctilicaie,
1459 2152 1549 2206 neque
1562 2157 1653 2199 mcum
1667 2147 1798 2205 auxilium
1811 2157 1860 2208 aut
1879 2157 2020 2213 consilium
2037 2161 2114 2218 robis

766 2249 803 2289 A„
819 2251 948 2291 guum,
1312 2234 1362 2290 pro
1377 2223 1482 2281 ratione
1496 2235 1523 2282 et
1544 2231 1723 2298 possibilitate
1744 2254 1808 2295 meo
1825 2240 1959 2316 deneqmi
1984 2256 2107 2320 tempore

458 2332 907 2404 Culumuiusimpoiitcseeciitit.
920 2335 1045 2391 ctsraec
1054 2335 1203 2391 schismati
1213 2338 1258 2405 fir·
1313 2308 1500 2411 fmffffifflqi·
1517 2315 1677 2419 Qi⁰dll0i⁰
1691 2326 1813 2393 quaeritis
1826 2345 1842 2384 ι
1857 2348 1900 2389 mc
1913 2349 1964 2389 cui
1978 2337 2008 2435 ἰ·
2024 2346 2112 2411 etqua

492 2420 568 2467 vere,
592 2420 646 2460 nec
664 2405 747 2460 rebus
765 2406 900 2461 Ecclegioe
921 2410 993 2462 tunc
1014 2422 1095 2477 pom
1112 2408 1258 2465 complere
1311 2405 1418 2467 Jttslllld.
1432 2415 1554 2475 episcopt
1569 2408 1615 2463 tilii
1630 2426 1675 2465 mu
1685 2413 1867 2487 abnegdnle&
1884 2435 1901 2475 D
1918 2438 1962 2479 me
1976 2424 2114 2483 discesse-

492 2474 650 2547 „fflficap
1314 2496 1383 2556 runt,
1399 2506 1449 2547 ιιι
1464 2500 1526 2548 ιιιι
1536 2499 1640 2553 ιιιιιιι
1655 2500 1766 2572 dignam
1782 2517 1897 2577 egentes
1915 2514 2112 2585 penitentiam,

492 2580 609 2636 Domino
624 2580 818 2637 etreverendo
839 2582 969 2653 episcopo
989 2582 1138 2639 Albanas}
1152 2592 1181 2640 eq
1196 2600 1257 2641 oar.
1312 2577 1364 2634 linc
1380 2579 1469 2649 potius
1493 2580 1528 2637 ab
1551 2584 1605 2641 illis
1627 2592 1808 2659 quaerendum
1834 2606 1892 2653 erat
1912 2616 1994 2671 quain
2018 2620 2034 2658 ii
2057 2622 2111 2663 me.

457 2667 708 2737 dinauwfflno’
718 2667 964 2726 ciniuartensis¹¹¹
974 2670 1069 2727 divin,
1079 2671 1259 2743 disposjqone
1313 2667 1373 2739 Epo
1388 2669 1460 2723 enim
1475 2671 1569 2729 nescio
1584 2690 1628 2732 me
1638 2676 1795 2738 lecissecur
1805 2685 2111 2749 boclaceiudebercnt.

456 2757 680 2829 archiepiscopus
689 2758 1185 2829 mmm,orationuquefiqqqem
1196 2778 1258 2819 cum
1313 2756 1423 2812 Reversi
1439 2766 1529 2816 tamen
1543 2761 1675 2821 hactenus
1696 2780 1769 2838 sunt,
1786 2778 1816 2829 ut
1834 2774 1908 2831 illam
1930 2778 2113 2839 obedientiam

456 2842 578 2898 smnio·
1313 2859 1396 2916 quam
1412 2846 1600 2907 cantuariensi
1616 2854 1676 2911 sedi
1690 2860 1880 2933 promiserint,
1895 2882 1926 2923 se
1940 2868 2006 2923 mihi
2021 2886 2113 2927 serra-

493 2930 600 2987 ΗΜ
614 2947 628 2986 a
644 2939 737 2988 mm
760 2932 903 2988 sanctim,
922 2932 990 2988 mihi
1011 2933 1130 3004 directis,
1147 2934 1169 2990 st
1189 2936 1258 2993 tiee-
1312 2940 1386 2989 turos
1415 2934 1575 2995 faterentur.
1607 2941 1703 2999 Dicitis
1728 2950 1862 3019 quosdam
1899 2953 2006 3011 illorum
2032 2959 2114 3015 vobis

457 3026 513 3089 ret,
542 3018 650 3090 plenius
678 3035 759 3091 quam
787 3020 942 3090 epistolaris
978 3021 1100 3079 brevitas
1127 3025 1256 3095 patiatur,
1311 3021 1429 3079 dixissse
1442 3023 1504 3081 ideo
1518 3042 1572 3083 non
1589 3028 1739 3090 offendisse
1750 3034 1782 3065 ’¹'
1795 3038 1821 3093 in
1838 3056 1882 3095 me
1911 3043 1975 3112 quia
1999 3046 2111 3115 permisi

456 3108 665 3179 responderem.
684 3109 735 3165 Pro
749 3110 882 3180 temporis
896 3117 988 3166 temen
1011 3113 1210 3183 opportunitate
1224 3114 1257 3169 ad
1310 3126 1354 3166 me
1369 3112 1529 3170 acatholica
1543 3116 1668 3177 Ecclesia
1690 3125 1829 3182 transferri
1851 3129 1886 3185 cd
1909 3133 2108 3203 schismaticus,

460 3212 596 3253 summm
611 3212 708 3252 sensus
728 3197 835 3253 illarum
856 3198 985 3268 mter,
1002 3200 1076 3269 quoq
1089 3202 1123 3256 „d
1138 3219 1182 3257 me
1197 3203 1259 3259 apt.
1312 3207 1339 3255 et
1354 3200 1455 3257 abillis
1477 3208 1641 3277 consecrari,
1658 3210 1681 3265 si
1703 3210 1772 3283 lieri,
1788 3217 1859 3273 sicut
1880 3218 1989 3289 additis,
2005 3232 2109 3295 potest;

459 3293 516 3351 net,
538 3285 701 3356 respondeo.
727 3285 824 3341 Dicitis
846 3285 910 3358 quia
932 3297 1088 3358 oportuerat
1111 3305 1160 3345 nos
1182 3290 1257 3363 loqui
1312 3296 1339 3344 et
1353 3305 1369 3345 a
1384 3291 1559 3352 schismatico
1573 3313 1639 3370 repe
1654 3302 1842 3362 investituram
1867 3311 2014 3382 accepisse,
2031 3322 2057 3370 et
2071 3315 2111 3371 illi

460 3373 542 3428 simul
555 3373 590 3429 de
606 3373 684 3428 vinee
699 3374 818 3443 Domini,
835 3391 896 3446 quae
909 3375 937 3431 in
956 3377 1008 3433 licc
1027 3393 1115 3450 regnu
1136 3379 1258 3436 destrui.
1311 3377 1466 3436 fidelitatem
1492 3393 1518 3439 et
1542 3385 1679 3445 bominum
1705 3390 1812 3463 iecisse,
1836 3414 1904 3468 quos
1926 3415 2022 3458 ornnes
2043 3405 2110 3460 scie·

455 3470 512 3528 tur,
524 3477 560 3518 ne
574 3461 682 3533 penitus
706 3462 931 3532 confunderetur,
947 3465 1125 3538 quoadusque
1147 3480 1258 3526 sanctus
1312 3467 1372 3523 bani
1388 3485 1451 3526 esse
1464 3473 1650 3533 schismaticos
1664 3487 1691 3535 et
1704 3481 1805 3539 divisos
1819 3485 1856 3541 ab
1867 3487 1989 3546 Ecclesia
2000 3493 2107 3564 Curisti,

456 3551 554 3606 petrus
568 3551 718 3622 apostolus,
735 3567 786 3621 per
799 3554 928 3608 vicarium
944 3571 1022 3608 suuni
1038 3556 1259 3614 Urbanumsum-
1311 3565 1366 3613 eta
1387 3560 1475 3631 capite
1501 3579 1563 3620 ineo
1587 3565 1695 3625 Urbano
1722 3573 1863 3642 pontilice,
1878 3593 1957 3648 quein
1985 3580 2049 3651 ipsi,
2063 3599 2109 3640 me

392 3665 395 3669 -
455 3655 531 3695 muni
546 3637 578 3668 '¹‘
592 3638 749 3710 pontificem
774 3639 898 3698 visitaret
921 3657 994 3698 earn.
1010 3644 1069 3700 Hoc
1090 3646 1181 3715 utique
1204 3663 1257 3718 ego
1311 3647 1448 3715 audiente,
1473 3650 1619 3724 abnegant.
1651 3658 1729 3714 Certe
1762 3662 1927 3722 niesciebam
1963 3685 2014 3726 nec
2053 3672 2110 3730 scio

453 3729 515 3801 ipse
526 3727 684 3793 voluissem,
700 3729 722 3783 si
738 3743 859 3802 congruo
874 3739 999 3803 tempore
1018 3726 1117 3788 iactum
1132 3744 1214 3804 esset,
1229 3736 1256 3790 id
1311 3751 1357 3792 eos
1371 3737 1571 3810 schismaticus,
1588 3752 1635 3799 aut
1649 3745 1689 3801 sin
1704 3748 1808 3806 divisos
1819 3752 1855 3808 ab
1879 3755 2003 3812 Ecclesia
2014 3757 2107 3828 luisse,

454 3825 495 3873 est
511 3817 621 3890 quando
631 3817 760 3872 dominus
774 3834 852 3873 meus
866 3835 927 3885 rex,
943 3829 971 3876 et
985 3821 1118 3892 episcopi,
1134 3833 1162 3879 et
1177 3825 1256 3894 prin·
1311 3832 1339 3880 ut
1352 3825 1453 3881 dicunt.
1470 3825 1504 3882 Et
1520 3829 1543 3885 si
1558 3830 1657 3902 aliquis
1670 3850 1765 3892 eorum
1781 3840 1826 3909 qui
1845 3841 1898 3899 boc
1922 3844 2001 3900 vobis
2016 3847 2110 3904 dicunt

454 3906 531 3977 cipes
557 3905 643 3976 huius
664 3907 745 3978 regui
765 3907 845 3961 vobis
868 3917 1017 3978 presentes
1043 3920 1089 3966 aut
1112 3912 1257 3985 propinqui
1310 3929 1354 3970 me
1369 3924 1503 3985 praesentc
1516 3919 1569 3988 boe
1588 3919 1701 3990 diceret,
1717 3927 1889 3985 ostenderem
1914 3933 2110 3992 rationabiliter

455 4001 543 4049 eraut.
563 3993 709 4062 Postquain
732 4009 798 4049 uero
822 3993 959 4051 licentiam
983 3999 1128 4069 accepistis
1152 4015 1169 4056 ι
1189 4017 1256 4073 rege
1310 4018 1364 4058 non
1379 4003 1416 4058 ita
1430 4019 1501 4060 esse.
1518 4006 1558 4061 llli
1580 4009 1652 4065 enim
1677 4027 1732 4068 non
1749 4014 1924 4088 abnegabant
1946 4023 2110 4080 canonicum

457 4080 589 4137 redeundi
606 4081 731 4148 Romam,
747 4087 773 4137 et
789 4098 834 4137 ιιι
850 4082 877 4137 ιι
891 4085 1092 4155 expeditionem
1108 4104 1255 4146 suamcum
1310 4091 1461 4147 Romanum
1482 4095 1648 4167 pontificem,
1666 4101 1820 4176 quicunque
1844 4116 1996 4174 essetnec
2019 4111 2108 4168 Urba-

386 4199 391 4206 ·
452 4169 659 4241 archiepiscopo
682 4169 848 4226 Eboracensi
880 4179 906 4228 et
931 4173 1091 4243 quibusdam
1117 4177 1178 4232 aliis
1200 4179 1256 4250 epi·
1309 4195 1374 4236 num
1389 4182 1604 4254 negabuntessc
1619 4187 2023 4262 pontificem3seddubitabcnt
2037 4217 2107 4273 pro·

451 4259 544 4328 scopis
556 4265 584 4313 et
598 4255 769 4328 principibus
783 4260 841 4314 suis
856 4260 915 4326 ivit,
932 4266 960 4316 ct
975 4277 1026 4318 ιιι
1038 4264 1071 4318 ab
1083 4263 1144 4331 illis,
1161 4275 1188 4321 et
1203 4283 1256 4340 ego
1310 4277 1369 4340 pter
1382 4268 1457 4324 illam
1482 4287 1543 4342 quae
1566 4277 1648 4331 modo
1669 4287 1731 4334 nate
1744 4277 1776 4308 ²¹⁸
1791 4290 1832 4337 est
1855 4283 2064 4360 dissensionem,
2081 4299 2109 4347 et

452 4361 469 4402 a
485 4346 566 4402 vobis
582 4344 767 4413 discessimus,
785 4347 868 4403 veluti
883 4365 939 4404 non
954 4365 1004 4405 uos
1020 4350 1051 4380 ¹¹⁸
1066 4352 1094 4406 in
1108 4353 1160 4411 liac
1182 4364 1256 4413 terra
1308 4366 1420 4428 propter
1433 4358 1628 4418 dubitationem
1644 4363 1719 4422 illurn
1743 4370 1880 4442 suscipere
1903 4376 1979 4446 quisi
2001 4387 2107 4436 certum

454 4434 572 4507 amplius
586 4435 706 4492 invicem
722 4436 822 4499 t·isui·i;
838 4446 865 4492 ιι
878 4446 1020 4510 postquam
1035 4457 1085 4497 rex
1100 4442 1165 4498 mibi
1179 4461 1255 4515 prce·
1308 4444 1492 4514 differebant3
1509 4465 1560 4507 nec
1575 4450 1659 4508 ullum
1672 4455 1805 4522 judicium
1821 4475 1871 4516 cus
1884 4458 1916 4493 ’¹'
1928 4463 1962 4519 ab
1982 4467 2107 4525 Ecclesia

453 4526 527 4596 cepit
541 4532 570 4580 ut
584 4523 659 4579 illam
674 4532 777 4595 partem
793 4527 874 4598 regni
890 4527 935 4582 sui
950 4527 977 4582 in
992 4545 1045 4600 qua
1060 4532 1179 4589 maxime
1189 4534 1255 4591 irru-
1308 4545 1513 4610 segregaverat,
1524 4547 1550 4594 et
1565 4541 1676 4599 omnino
1691 4544 1873 4605 obedientiam
1885 4552 2015 4612 liumanae
2030 4557 2106 4613 sedis

452 4616 577 4688 ptionem
594 4615 712 4670 bostium
733 4616 855 4685 quotidie
879 4617 1019 4686 timemus,
1035 4618 1180 4691 diligenter
1200 4638 1251 4678 cu·
1308 4632 1399 4681 tenere
1413 4641 1444 4682 se
1457 4625 1620 4694 latabantur,
1635 4638 1661 4686 et
1676 4632 1727 4688 sub
1751 4637 1923 4706 professione
1942 4642 2106 4703 obedientie

380 4733 384 4739 ·
451 4705 592 4772 stodirem,
610 4712 637 4758 et
652 4703 772 4772 quotidie
793 4709 905 4774 paratus
927 4721 1014 4760 esseni
1036 4708 1160 4764 hostibus
1179 4683 1422 4770 resi-Diiumani
1434 4715 1571 4784 pontilicis
1587 4734 1630 4774 me
1654 4735 1843 4782 consecraunt.
1874 4729 1999 4802 Denique
2012 4733 2105 4790 donii-

450 4800 523 4848 stere
549 4793 572 4847 si
598 4791 746 4859 irruerent,
761 4791 830 4847 sicut
857 4792 884 4846 in
913 4793 1034 4862 periculo
1057 4799 1182 4854 vastandi
1206 4800 1250 4858 ιιι
1304 4819 1354 4858 nus
1371 4818 1441 4874 papa
1456 4804 1558 4862 sciebat
1573 4823 1617 4864 me
1631 4825 1692 4866 esse
1708 4827 1910 4888 consecrarunt,
1922 4827 1949 4876 et
1962 4837 1978 4876 a
1993 4823 2102 4895 quibus,

449 4879 582 4952 perdendi
609 4887 726 4947 terram;
743 4896 807 4936 curn
835 4880 910 4937 nullo
939 4882 1022 4938 modo
1049 4885 1182 4943 auderem
1204 4906 1249 4948 rue
1303 4900 1330 4948 ct
1344 4892 1386 4948 cui
1400 4892 1459 4966 regi
1474 4897 1592 4952 lecerunt
1607 4899 1680 4969 quod
1695 4900 1758 4960 ieci.
1774 4904 1808 4960 Et
1822 4914 1910 4964 tamen
1922 4909 1978 4980 (lt)
1989 4911 2102 4982 pallium

1101 5009 1222 5068 velatu
1237 5015 1447 5075 LECTIONES.

484 5104 650 5160 ’¹¹dbbtlem
677 5102 714 5159 N·
743 5119 795 5158 mc·
824 5103 956 5158 Abbalem
986 5104 1021 5159 ll·
1059 5103 1163 5166 ’¹’Cum
1192 5111 1286 5168 cidem
1314 5129 1368 5172 mr.
1401 5117 1519 5173 collatu.
1556 5116 1779 5181 ¹²⁸Cantuarieusi
1807 5143 1860 5184 mr.
1892 5130 2099 5192 Cantunriensis
2181 5113 2182 5122 ἵ

449 5175 621 5233 ¹¹⁴Summum
636 5192 689 5230 mt-
714 5189 851 5228 summum
881 5174 1159 5236 Pontificemuuton
1185 5197 1234 5238 vos
1261 5183 1340 5240 Edit.
1360 5188 1417 5244 Ριι.
1433 5203 1488 5244 ιιι
1515 5189 1755 5262 nos.¹¹‘Quaeritis
1783 5213 1899 5256 curma.
1929 5207 2054 5272 quaeritis
2083 5225 2100 5266 a

449 5263 495 5304 me
509 5265 568 5304 cur.
583 5244 683 5302 ”litteo
698 5259 747 5300 ros
759 5243 903 5303 offendisse
917 5264 971 5303 mr.
988 5247 1052 5304 ideo
1065 5263 1121 5305 nun
1135 5249 1294 5311 offendisse.
1308 5253 1440 5314 υἰιιιιιι
1454 5266 1520 5317 nata
1533 5278 1588 5318 ms.
1603 5265 1687 5321 niodo
1708 5275 1780 5325 nata.
1794 5267 1959 5330 ”indicium
1984 5293 2033 5336 eos
2053 5296 2099 5337 ms

451 5319 656 5389 jmmm
1041 5389 1489 5458 mmmmmmm

484 5488 540 5556 tiit
551 5482 988 5558 Palliumqriodorcliicpiscopitr
1000 5489 1243 5552 duatuori‘oeaolet
1298 5500 1414 5570 excepit,
1430 5517 1494 5557 nain
1508 5503 1624 5563 Walcro
1639 5507 1917 5579 legatoiddeierente
1927 5517 2037 5576 obviam
2047 5521 2097 5578 ivit

448 5555 1242 5639 bubcrc,miliipcrvcitrcmcbaritutcmetcmtsi't.Pallii
1297 5571 1435 5639 pontilicis
1450 5573 1558 5630 indutus
1572 5580 1732 5637 vestimenta
1742 5590 1769 5638 et
1778 5585 1879 5642 nudato
1889 5589 1970 5657 pede.
1983 5592 2101 5648 Sacrum

447 5629 479 5682 ad
495 5644 526 5683 sc
541 5626 693 5682 transmissi
704 5642 812 5681 rursurs
822 5627 978 5682 meminitin
986 5635 1108 5701 sequenti
1118 5638 1241 5705 epistola,
1297 5649 1387 5696 autem
1403 5643 1511 5716 insigne
1525 5647 1678 5718 depositum
1694 5653 1720 5708 in
1736 5655 1820 5712 altare
1844 5662 1966 5729 suscepit
1990 5673 2017 5718 et
2042 5666 2096 5719 bu·
2181 5673 2182 5676 ’

446 5700 608 5770 Uritanoque
624 5698 728 5770 gratias
744 5697 838 5753 scribit
853 5712 888 5752 eo
904 5699 1026 5765 nomine,
1043 5704 1090 5770 qui
1106 5714 1134 5759 ut
1155 5707 1243 5763 bono·
1297 5713 1380 5768 meris
1394 5717 1555 5786 composuit,
1572 5719 1665 5792 sicque
1680 5723 1778 5780 diurna
1798 5727 1844 5782 illa
1867 5729 2012 5789 decoratus
2026 5736 2100 5792 stola
2181 5751 2182 5754 ¹

445 5769 642 5826 riticentissime
656 5768 729 5822 misit
749 5768 820 5836 (erat
836 5770 909 5849 enim
927 5769 1015 5850 leculo
1034 5771 1167 5831 inclusum
1192 5793 1242 5833 nr·
1295 5799 1355 5839 rem
1370 5801 1476 5842 sacrem
1491 5791 1596 5862 peregit
1612 5791 1751 5852 Dominico
1766 5796 1800 5852 de
1815 5809 1912 5870 quarto
1922 5803 1987 5858 Idtts
2001 5805 2098 5862 iunias
2181 5863 2182 5874 ,

446 5843 558 5918 genten)
571 5838 1241 5912 siccissimuiuemtissimepuxtaactiuitssime
1294 5869 1367 5912 anno
1382 5859 1451 5914 1095
1474 5858 1559 5930 (hunc
1580 5863 1654 5920 onim
1676 5865 1830 5926 Florentius
1855 5871 2053 5946 vigorniensis,
2071 5887 2100 5934 ιι
