4750 6725
455 587 505 647 fal
703 597 736 654 S.
759 599 910 658 ansatur
931 601 1103 662 consulu.
1122 599 1291 656 luuntur.
1313 597 1393 654 OPP.
1417 598 1513 655 PARS.
1534 599 1585 655 lll.
1608 629 1644 640 -
1661 596 1850 655 tensione.
2050 598 2105 653 tas

455 716 570 774 uimmt
585 719 614 776 Si
628 735 682 777 acu
697 720 768 787 dico,
795 723 909 781 forsitan
923 743 979 783 non
991 725 1184 782 animadvertis
1201 742 1208 788 ;
1225 724 1251 780 si
1264 723 1294 784 Α
1307 738 1380 779 nunc
1392 723 1518 778 usitatam
1529 739 1584 780 non
1598 725 1709 795 legeris,
1720 733 1747 780 et
1756 725 1793 780 ah
1805 725 1935 796 episcopo
1942 731 2107 780 consecrata

455 803 528 876 dico,
552 807 668 864 forsitan
691 811 831 867 irasceris.
861 814 901 869 lla
922 815 1017 881 electa,
1037 823 1063 870 et
1084 816 1200 886 signata,
1227 821 1254 868 et
1306 827 1361 867 non
1377 811 1472 866 fueris.
1489 815 1579 881 Certe,
1595 812 1650 869 filia
1664 814 1833 880 charissima,
1848 814 1940 870 adhuc
1954 820 1981 868 te
2000 829 2106 883 exspe-

457 897 630 964 aponseDei,
647 899 713 968 quid
729 899 801 955 facta
821 903 1027 960 es‘lErubescat
1045 920 1104 959 esse
1126 903 1254 958 nobilitas
1306 909 1361 957 ctat
1389 901 1533 968 Dominus,
1548 911 1654 957 creator
1668 911 1695 957 et
1709 903 1868 974 redemptor
1882 911 1943 957 tuns
1958 921 1965 958 :
1980 918 2030 956 rex
2058 902 2106 956 ille

456 985 584 1055 tuaquod
609 986 749 1041 erubescis
763 989 868 1054 audire,
881 995 982 1063 elego,
999 1001 1109 1064 propter
1123 991 1252 1048 nobilita·
1307 990 1356 1063 qni
1380 991 1540 1061 concupivit
1567 991 1685 1061 speciem
1702 1000 1787 1057 tuam,
1812 999 1841 1046 ut
1868 998 1941 1046 esset
1967 991 2107 1063 legitimus

457 1076 512 1125 tem
536 1080 559 1128 et
588 1073 771 1140 dilectionem,
799 1079 932 1136 erubesco
960 1080 1061 1136 dicere.
1086 1081 1169 1148 Ecce,
1198 1079 1255 1134 filia
1306 1095 1426 1149 sponsus
1441 1082 1514 1147 tuus,
1530 1078 1617 1134 adhuc
1633 1088 1658 1135 te
1672 1088 1811 1151 exspectat
1825 1090 1852 1135 et
1873 1089 1992 1146 revocat,
2009 1088 2039 1134 ut
2066 1080 2106 1134 sis

455 1159 621 1241 charissima,
635 1163 728 1221 sihaec
738 1167 871 1236 proponis
887 1168 915 1223 in
928 1173 1076 1240 conspeetu
1091 1178 1148 1234 tuo,
1166 1185 1254 1240 quan-

456 1256 497 1302 tus
511 1248 588 1305 dolor
603 1251 686 1308 debet
700 1268 804 1308 essen·
814 1255 934 1312 iueorde
948 1265 994 1313 tuo
1009 1259 1042 1312 de
1058 1266 1132 1314 tauto
1153 1265 1180 1312 et
1199 1265 1252 1312 tam

454 1337 532 1407 gravi
542 1354 607 1395 casu
621 1343 668 1396 tuo
685 1341 691 1395 l
705 1342 734 1397 Sl
749 1344 821 1398 enim
841 1347 1018 1402 vehementer
1033 1346 1121 1415 dolas,
1150 1346 1254 1402 condo·

454 1422 537 1480 leudo
551 1426 599 1482 tibi
609 1429 805 1502 valdegaudeo
818 1451 825 1500 ;
838 1432 862 1487 si
876 1449 939 1490 vero
953 1450 1007 1490 non
1022 1434 1107 1504 doles,
1137 1451 1193 1490 non
1214 1443 1255 1490 est

455 1513 528 1569 uude
535 1517 681 1588 gaudeam,
691 1519 741 1574 sed
753 1521 838 1577 multo
847 1524 935 1596 magis
944 1526 1027 1592 423
1041 1523 1133 1580 doleo.
1146 1525 1216 1579 Nam
1231 1523 1254 1578 si

456 1600 541 1671 doles,
570 1605 660 1664 adhuc
688 1608 803 1665 salutem
818 1615 893 1665 tuam
919 1626 998 1683 spero
1021 1611 1052 1640 ⁸⁴⁴
1082 1631 1089 1679 ;
1115 1613 1137 1667 si
1165 1621 1254 1668 autem

455 1706 510 1746 non
521 1693 607 1761 doles,
624 1695 690 1767 quid
704 1697 756 1752 nisi
778 1698 977 1758 damnationem
994 1704 1067 1757 tua'm
1095 1709 1255 1771 exspectare

457 1785 553 1851 queo?

492 1872 663 1941 impossibile
678 1891 797 1949 namque
808 1886 881 1936 estte
891 1879 947 1936 ullo
957 1880 1129 1951 modoposse
1141 1879 1254 1948 salvari,

455 1957 508 2013 uisi
535 1961 570 2015 ad
597 1963 717 2044 habitum
732 1975 759 2022 et
772 1969 943 2039 propositum
968 1969 1102 2038 abjectum
1117 1968 1147 1998 ⁸¹⁶
1163 1969 1255 2024 redie-

1307 1167 1430 1238 legitima
1443 1165 1589 1239 “lsponsa
1612 1168 1681 1238 ejus,
1698 1177 1725 1224 et
1747 1169 1772 1222 si
1797 1183 1854 1223 nou
1884 1170 1973 1240 virgo,
2003 1169 2104 1224 saltem

1307 1261 1399 1312 casta.
1418 1257 1526 1313 Scimus
1548 1257 1621 1312 enirn
1644 1256 1734 1328 plures
1748 1265 1857 1314 sanctas
1878 1257 2015 1327 mulieres,
2043 1274 2106 1329 quae

1306 1349 1370 1416 post
1384 1347 1505 1401 amisson
1518 1346 1703 1418 virginitatem
1716 1347 1778 1417 plus
1794 1347 1958 1417 placuerunt
1984 1347 2053 1412 Deo,
2079 1354 2107 1400 et

1307 1435 1397 1506 magis
1411 1434 1449 1489 illi
1467 1433 1619 1490 familiares
1634 1435 1739 1490 fuerunt
1754 1451 1803 1506 per
1812 1435 1997 1505 penitentiam
2011 1435 2040 1489 in
2055 1449 2105 1490 ca·

1308 1524 1408 1591 catate,
1424 1538 1504 1595 quam
1524 1523 1617 1594 plures
1631 1522 1706 1593 aliae,
1720 1525 1845 1596 quamvis
1859 1530 1969 1593 nacta,
1980 1523 2010 1578 in
2021 1524 2107 1595 virgi·

1308 1613 1402 1667 nitate.

1345 1701 1414 1757 Redi
1428 1717 1503 1774 ergo,
1522 1703 1620 1758 mulier
1633 1702 1795 1769 Christiana,
1817 1702 1878 1758 redi
1892 1703 1928 1758 ad
1940 1717 1988 1758 cor
2017 1711 2104 1768 tuum,

1309 1797 1337 1846 et
1349 1790 1490 1846 considera
1504 1808 1585 1863 quern
1600 1791 1692 1862 potius
1706 1792 1810 1847 debeas
1823 1791 1947 1864 diligere,
1962 1793 2006 1848 cui
2015 1793 2108 1863 potius

1309 1879 1459 1944 adhaerere,
1488 1879 1526 1934 illi
1553 1880 1598 1950 qui
1614 1881 1797 1936 teadtantam
1811 1881 1982 1935 honestatem
2009 1879 2103 1950 elegit,

1309 1968 1437 2039 eligendo
1452 1968 1571 2036 vocavit,
1586 1969 1711 2025 vocando
1733 1969 1827 2024 habitu
1841 1970 1962 2039 sponsali
1990 1967 2043 2023 sibi
2058 1985 2106 2023 as-

456 2045 732 2118 ris.Quamvisenim
750 2057 783 2110 ab
797 2057 927 2129 episcopo
941 2067 1048 2113 sacrata
1072 2074 1126 2114 uon
1154 2057 1251 2124 fueris,
1267 2078 1294 2137 B
1308 2055 1437 2128 signarit,
1462 2066 1490 2112 et
1518 2059 1616 2124 adhuc,
1645 2060 1769 2130 quamvis
1796 2067 1974 2129 contemptus
2002 2066 2029 2114 et
2064 2075 2106 2113 re·

457 2149 508 2192 nec
536 2153 627 2194 coram
657 2142 718 2212 ipso
748 2145 947 2215 professionem
978 2147 1079 2218 legeris
1105 2147 1171 2217 (38),
1202 2149 1254 2203 boc

456 2224 543 2280 stium
559 2235 648 2284 tamen
659 2239 700 2286 est
715 2233 869 2301 manifesta,
882 2243 908 2290 ct
922 2251 982 2307 quae
998 2235 1092 2307 negari
1117 2251 1171 2290 nou
1200 2251 1253 2307 po—

457 2320 517 2382 test,
540 2317 688 2385 professio,
713 2321 773 2390 quia
802 2322 910 2393 publice
939 2327 966 2378 et
994 2331 1098 2380 secrete
1130 2323 1254 2379 habitum

458 2401 545 2458 sancti
559 2408 696 2476 propositi
710 2412 835 2480 portasti,
852 2427 902 2482 per
917 2412 989 2484 quod
1017 2412 1144 2468 omnihus
1168 2419 1195 2469 te
1211 2412 1255 2468 vi-

458 2488 584 2547 dentibus
601 2495 784 2553 Deodicatam
800 2507 826 2554 te
840 2515 913 2566 esse,
929 2515 984 2556 nou
999 2499 1089 2555 miuus
1103 2517 1186 2572 quam
1195 2515 1256 2571 pro

457 2577 606 2636 sessionem
621 2584 749 2656 legendo,
761 2585 915 2644 affirmasti.
933 2589 1000 2644 Nam
1017 2597 1163 2662 antequam
1179 2587 1256 2644 tieret

458 2666 627 2727 istannm0‘·
642 2674 742 2730 usitata
757 2677 908 2733 monachici
929 2678 1060 2750 propositi
1084 2679 1216 2750 professio
1231 2686 1257 2733 et

458 2760 586 2826 sacratio,
598 2761 681 2818 multa
696 2763 782 2820 millia
797 2766 936 2838 utriusque
946 2783 1031 2822 aexns
1041 2767 1182 2822 homiuum
1196 2765 1256 2822 solo

458 2844 552 2902 habitu
568 2864 598 2904 se
611 2849 697 2922 ipsius
712 2867 773 2908 esse
787 2855 921 2924 propositi
932 2855 1097 2926 profitentia,
1113 2854 1254 2910 celsitudi-

458 2951 520 2991 nem
536 2941 563 2992 et
578 2953 707 2995 coronam
722 2948 870 2998 consecuta
883 2952 954 2998 sunt.
975 2944 1008 2999 Et
1024 2945 1070 3016 qui
1100 2948 1163 2999 tnnc
1173 2944 1254 2999 hahi-

460 3030 516 3078 tum
531 3025 590 3082 aino
608 3026 667 3098 ipsa
682 3030 850 3099 professione
859 3039 886 3087 et
899 3032 1055 3088 sacratione
1083 3040 1254 3104 assumptum

458 3111 629 3182 rejiciebant,
638 3125 765 3187 apostatae
770 3118 1177 3188 judicabantur.lnexcusahilis
1187 3136 1255 3190 ergo

458 3215 499 3266 es,
511 3199 535 3256 si
549 3201 652 3259 deseris
666 3213 789 3262 sanctum
817 3208 986 3279 propositum
1003 3210 1074 3281 quod
1102 3209 1148 3264 din
1160 3209 1255 3264 habitu

457 3296 483 3345 et
497 3292 704 3349 couversatione
719 3294 843 3367 professa
856 3311 895 3367 es,
911 3299 1034 3369 quarnvis
1055 3297 1253 3369 professionem

1305 2145 1407 2215 jactus,
1424 2155 1562 2218 exspectat
1576 2154 1605 2202 et
1618 2157 1731 2204 rev-ucat
1746 2162 1754 2216 3
1770 2163 1805 2203 au
1819 2147 1859 2202 illi
1887 2163 1937 2218 per
1964 2163 2058 2219 quem,
2079 2157 2107 2201 ut

1308 2235 1399 2289 nribus
1424 2235 1522 2299 dicam,
1551 2235 1578 2290 iu
1606 2236 1659 2292 hoc
1687 2236 1715 2289 in
1743 2251 1798 2306 quo
1822 2243 1849 2290 le
1872 2235 1950 2291 vides
1970 2235 2106 2304 dejectam

1307 2324 1343 2379 de
1367 2333 1442 2379 tanta
1466 2323 1628 2381 celsitudine
1639 2324 1759 2380 cecidisti
1774 2339 1782 2390 ;
1799 2325 1947 2397 praesertim
1958 2341 2020 2379 cum
2048 2325 2106 2395 ipse

1307 2420 1335 2468 te
1374 2411 1445 2481 jam,
1479 2413 1549 2468 sicut
1572 2420 1646 2483 puto,
1669 2421 1835 2479 contemnat,
1864 2421 1910 2469 aut
1936 2412 1997 2468 siue
2021 2414 2107 2468 dubio

1309 2508 1516 2572 contempturus
1532 2509 1558 2556 et
1579 2502 1741 2556 deserturus
1755 2501 1797 2556 sit
1815 2503 1851 2556 Et
1865 2501 1968 2556 utinam
1991 2501 2031 2557 sio
2057 2518 2108 2558 ros

1311 2590 1429 2646 invicem
1456 2592 1647 2658 contemnatis,
1672 2598 1701 2646 ut
1726 2607 1774 2647 vos
1802 2591 1876 2646 fleus
1902 2606 1956 2646 uon
1979 2598 2108 2646 coutem-

1311 2687 1357 2734 nat
1373 2699 1380 2745 ;
1397 2680 1438 2734 sie
1465 2694 1516 2736 vos
1530 2679 1647 2735 invicem
1662 2679 1806 2744 deseratis,
1829 2688 1858 2734 ut
1881 2695 1930 2734 vos
1957 2681 2029 2734 Deus
2053 2695 2108 2734 non

1310 2769 1420 2824 deserat
1448 2786 1455 2831 ;
1485 2769 1524 2824 sic
1544 2785 1594 2824 roa
1621 2767 1737 2823 invicem
1755 2768 1893 2837 rejiciatis,
1910 2774 1940 2823 ιιι
1967 2783 2019 2824 vos
2033 2768 2106 2824 Deus

1308 2875 1324 2913 a
1340 2859 1409 2914 facie
1419 2873 1466 2912 sua
1481 2873 1535 2914 nou
1550 2857 1673 2929 projiciat
1683 2879 1692 2925 ς
1703 2857 1743 2912 sic
1756 2858 1918 2914 abinvicem
1934 2858 2104 2924 avertamini,

1309 2955 1339 3003 ut
1351 2948 1386 3002 ad
1401 2947 1487 3002 Deum
1502 2945 1710 3002 convertamini.
1725 2948 1806 3002 Certe
1820 2947 1917 3002 melius
1931 2955 1958 3001 et
1971 2946 2052 3002 valde
2060 2946 2105 3002 hu

1308 3035 1459 3091 notabilius
1468 3042 1510 3090 est
1533 3041 1561 3090 et
1574 3035 1615 3087 illi
1630 3035 1714 3089 ettibi
1729 3042 1756 3090 ut
1770 3035 1806 3090 ah
1826 3035 1874 3090 illo
1888 3034 1926 3090 sis
1947 3040 2105 3103 watempta

1309 3141 1390 3195 quam
1406 3127 1523 3188 retenta,
1540 3122 1730 3192 quiaquandin
1749 3123 1875 3192 erisejus
1888 3123 2105 3193 retenta,proeul

1308 3209 1402 3276 dubio,
1418 3215 1447 3262 ut
1461 3208 1496 3262 de
1510 3207 1557 3263 illc
1565 3222 1637 3262 nunc
1646 3215 1797 3272 neaeman
1809 3208 1863 3262 eris
1869 3206 1918 3262 oei
1930 3213 2103 3279 contempta;

1309 3302 1336 3350 et
1363 3294 1395 3362 si,
1421 3299 1577 3365 contempta
1600 3293 1635 3348 ab
1650 3291 1708 3358 illo,
1723 3300 1836 3365 propter
1848 3293 1938 3348 Deum
1949 3292 2026 3347 illum
2036 3307 2105 3349 con-

1108 3413 1224 3470 vnutAE
1243 3410 1453 3469 LECTIONES.

492 3504 610 3586 {⁰Dccct
636 3522 698 3564 esse
731 3510 810 3566 Edit.
838 3511 922 3567 dehet
948 3526 1018 3568 esse.
1048 3510 1204 3567 “⁴Salutem
1233 3526 1316 3582 spero
1340 3508 1414 3564 Edit.
1440 3508 1561 3565 Salutem
1585 3516 1659 3563 tuam
1687 3521 1778 3579 spero.
1823 3505 2003 3578 ⁸⁴⁶Objectum
2026 3508 2099 3565 fidit.

457 3574 601 3647 abjectum.
630 3578 719 3636 ‘⁴⁴lste
736 3597 809 3639 nuuc
824 3583 897 3639 Edit.
914 3582 966 3639 ista
981 3600 1062 3640 nune.
1090 3582 1156 3639 ⁸⁴⁷Ut
1171 3584 1206 3637 sit
1221 3581 1344 3653 legitima
1360 3582 1432 3635 h'dit.
1448 3588 1477 3633 ut
1492 3581 1529 3634 sis
1540 3578 1674 3653 legitima.

1056 3682 1204 3740 toaNNts
1223 3680 1368 3737 etcanul
1385 3680 1502 3737 NOTAE.

496 3780 552 3849 (³8)
565 3779 695 3847 Quamuis
706 3781 823 3837 animab
834 3780 1257 3852 episcopoacorotnnonsueris,
1275 3778 1382 3840 Cllinc
1409 3788 1450 3834 est
1466 3778 1538 3847 quod
1554 3777 1722 3833 Lombardus
1735 3776 1899 3833 examussim
1914 3773 1975 3843 ejus
2002 3792 2106 3847 expen-

458 3852 677 3932 nsccorcmipsc
689 3854 893 3923 professionem
910 3853 1023 3921 leceris.
1037 3851 1067 3907 ld
1078 3852 1183 3906 videtur
1198 3855 1256 3905 ilu-

460 3920 562 3975 selinus
577 3921 677 3975 dixisse
693 3930 823 3976 exurente
839 3924 876 3978 D.
896 3923 993 3977 Leonis
1004 3923 1205 3993 papae,itacap.
1223 3923 1255 3974 ts

460 3991 540 4060 epist.
571 3994 615 4057 90,
641 3992 675 4047 ad
698 3992 836 4047 Rusticum
866 3993 1073 4049 Narbonensem
1097 3993 1256 4062 episcopum

459 4060 630 4115 scribentis:
649 4084 660 4109 ι
684 4061 794 4122 Puellae.
822 4079 883 4133 quaa
911 4079 965 4118 non
988 4070 1089 4119 coactre
1112 4071 1255 4133 pareutum

458 4130 583 4201 irnperio,
606 4130 652 4187 sed
678 4140 827 4201 spontaneo
838 4134 954 4203 judicio,
972 4134 1136 4205 virginitatis
1150 4149 1254 4204 propo·

460 4201 541 4255 situm
557 4210 637 4272 ataine
653 4202 772 4258 habitum
791 4214 982 4274 susceperunt,
997 4205 1020 4259 si
1036 4213 1130 4275 postea
1146 4205 1255 4275 uuptias

459 4271 572 4345 eligunt,
590 4274 812 4342 praevaricantur,
828 4276 933 4329 etiamsi
948 4278 1119 4332 consecratio
1134 4290 1188 4330 nou
1205 4290 1253 4330 ac-

459 4344 548 4409 cessit,
564 4344 648 4415 cujus
660 4346 753 4415 utique
769 4362 823 4399 nou
839 4346 1031 4401 fraudarentur
1050 4362 1174 4415 munere,
1192 4347 1213 4400 si
1227 4346 1254 4400 in

459 4417 600 4488 proposito
616 4426 842 4486 permanerent.»
859 4421 927 4473 Ante
938 4419 1056 4474 Leonem
1077 4418 1149 4473 idem
1164 4433 1253 4488 appa-

456 4496 498 4543 ret
512 4488 632 4543 sensisse
642 4488 828 4544 Innocentium
843 4490 864 4553 l,
878 4491 957 4561 cujus
985 4491 1014 4543 in
1030 4490 1102 4544 hauc
1117 4506 1173 4544 rem
1202 4488 1255 4543 de-

458 4566 561 4614 cretum
577 4560 694 4631 Gregor.
706 4560 820 4632 Magnus
837 4576 908 4631 papa
922 4560 1032 4631 protulit
1047 4560 1073 4614 in
1088 4559 1204 4629 epistola
1217 4559 1253 4614 ad

458 4629 636 4693 Bonifacium,
662 4632 747 4685 relata
775 4631 809 4685 ab
830 4633 912 4687 lvone
940 4632 1051 4687 Carnct.
1068 4638 1138 4701 part.
1154 4645 1184 4685 ιιι
1198 4646 1254 4685 sure

458 4702 616 4767 Pannoniae,
628 4710 653 4757 et
670 4704 747 4757 Petro
762 4702 916 4758 bombardo
930 4703 977 4757 lib.
994 4719 1020 4756 ιι
1037 4704 1123 4767 sent..
1133 4702 1196 4756 dist.
1208 4704 1252 4771 38,

457 4772 491 4827 ad
507 4774 566 4829 haec
580 4774 664 4828 verba
681 4790 687 4827 :
706 4795 717 4821 ι
735 4775 798 4828 llaec
813 4790 874 4843 crure
893 4774 1010 4829 necdum
1024 4789 1104 4829 sacro
1119 4772 1253 4829 velamine

457 4850 545 4911 tectae,
559 4851 649 4900 tameo
665 4844 692 4899 iu
706 4846 844 4914 proposito
859 4844 901 4899 vir
923 4845 986 4899 inali
1002 4860 1113 4913 semper
1127 4860 1157 4899 se
1169 4844 1254 4897 simu-

456 4914 584 4971 laverunt
595 4920 768 4995 permanere,
786 4916 850 4972 licet
866 4862 963 4971 veffnae
976 4932 1030 4970 non
1041 4915 1150 4975 fuerint.
1162 4924 1253 4970 lamen

456 4985 480 5040 si
492 4992 633 5067 nupserint
644 4986 734 5055 aliquo
750 4995 881 5058 tempore.
900 4986 941 5041 his
955 4986 1064 5059 agenda
1089 4986 1254 5053 paenitentiae

1313 3851 1380 3905 deus
1394 3850 1486 3917 verba,
1504 3849 1602 3905 inferat
1618 3868 1624 3904 ε
1643 3872 1654 3897 s
1671 3851 1732 3905 Nou
1743 3856 1784 3905 est
1798 3848 1888 3920 igitur,
1904 3846 2001 3919 inquit,
2030 3865 2105 3929 prae-

1310 3922 1514 3975 termittcndum
1529 3920 1601 4001 quod
1617 3920 1792 3975 Innocentius
1819 3933 1891 4000 papa
1904 3917 1939 3972 de
1967 3917 2056 3974 viduis
2080 3927 2107 3975 et

1310 3992 1408 4063 puellis
1436 3992 1564 4056 decrevit,
1594 4008 1654 4062 quae
1669 3989 1966 4060 Christospuitualiter
1987 3990 2104 4056 nubunt,

1310 4062 1333 4115 si
1347 4070 1443 4133 postea
1458 4062 1567 4133 publice
1576 4063 1726 4129 nupserint,
1739 4060 2104 4117 noneasadmittendasesse

1308 4134 1342 4187 ad
1366 4134 1564 4202 poenitentiam,
1593 4133 1646 4187 nisi
1672 4134 1698 4187 hi
1727 4134 1824 4205 quibus
1846 4148 1876 4185 se
1896 4130 2046 4200 junxerant
2069 4133 2104 4189 de

1309 4204 1409 4260 mundo
1426 4204 1595 4259 recesserint.
1612 4204 1640 4259 Si
1655 4205 1729 4259 enim
1744 4204 1778 4259 de
1799 4202 1925 4259 omnibus
1950 4202 2009 4260 hren
2033 4204 2104 4259 ratio

1308 4275 1469 4338 custoditur,
1486 4284 1690 4345 utuuaecnuque
1712 4275 1820 4329 vivente
1829 4273 1888 4329 riro
1909 4272 2101 4343 alteriuupse-

1307 4347 1352 4407 rit,
1379 4347 1499 4401 adultera
1514 4347 1647 4401 habeatur
1663 4363 1670 4399 ε
1686 4360 1737 4402 uec
1753 4346 1778 4401 ei
1792 4345 1907 4418 agendae
1935 4346 2103 4415 poenitentiae

1309 4417 1416 4472 licentia
1439 4417 1596 4474 conceditur
1623 4416 1676 4471 nisi
1699 4434 1768 4473 unus
1781 4418 1816 4471 de
1832 4416 1885 4472 illis
1900 4414 1980 4470 fuerit
2001 4417 2101 4471 defun-

1308 4498 1379 4554 ctus,
1389 4488 1585 4559 quantomagis
1600 4488 1634 4543 de
1644 4488 1690 4543 illa
1705 4487 1821 4543 tenenda
1842 4494 1893 4550 est,
1910 4502 1971 4557 quaa
1985 4496 2048 4543 ante
2072 4505 2104 4543 se

1308 4560 1450 4615 immortali
1464 4560 1569 4628 Sponsa
1580 4560 1768 4630 conjunxerat,
1793 4566 1819 4613 et
1833 4565 1897 4630 post
1911 4557 1970 4612 linat·
2000 4560 2034 4613 ad
2049 4560 2103 4614 hu·

1307 4646 1409 4692 manas,
1438 4630 1546 4700 nuptias
1570 4630 1801 4702 transmigravit?
1818 4652 1829 4677 a
1848 4629 1984 4683 llaetenns
2012 4631 2104 4701 blagi-

1308 4701 1428 4757 ster.Cui
1439 4702 1536 4757 lubens
1546 4702 1712 4756 addidissem
1727 4716 1860 4756 canonem
1877 4700 1909 4754 l'l
1924 4699 2106 4773 Grangrensis

1307 4772 1414 4829 concilii
1423 4773 1458 4828 ab
1469 4774 1551 4827 lvoue
1559 4774 1683 4841 superius
1707 4772 1826 4835 adducti,
1843 4771 1869 4824 ni
1879 4770 1998 4826 viderem
2030 4773 2105 4827 hunc

1307 4845 1334 4899 in
1350 4844 1681 4899 mittiercsEustachiauas
1697 4860 1758 4900 esse
1774 4842 1988 4914 promulgatum.
2003 4852 2034 4897 ut
2048 4844 2105 4899 illie

1306 4914 1426 4985 (velutet
1439 4914 1594 4982 incaeteris)
1616 4914 1694 4970 docte
1708 4913 1897 4969 animadvertit
1917 4914 1995 4968 Joan.
2013 4913 2103 4982 Quiu-

1308 4987 1380 5043 tinus
1392 4986 1514 5041 lleduus.
1534 4984 1644 5041 Rectius
1671 4986 1886 5058 adjungerentur
1912 4984 2053 5039 decretum
2067 4987 2104 5041 at

457 5062 508 5121 est,
539 5071 601 5127 quta
625 5058 738 5126 sponsio
761 5073 856 5113 earum
875 5058 1055 5113 tenebatura
1084 5057 1252 5115 Domino.Sl
1307 5056 1415 5114 concilii
1430 5056 1670 5128 Chalcedonensis,
1685 5075 1713 5129 q.
1728 5058 1820 5130 Siqua
1834 5057 1976 5125 oirpo,·et
1991 5056 2103 5112 concilii

458 5124 740 5183 enimiuterhomines
754 5130 823 5184 solet
834 5130 912 5185 bonae
926 5128 987 5183 fidei
1010 5133 1167 5185 contractus
1181 5128 1254 5183 ntrlla
1268 5130 1294 5191 D
1309 5128 1450 5185 Elibertini
1477 5143 1597 5182 canones
1619 5128 1662 5195 ta,
1680 5131 1723 5193 ll,
1740 5127 1836 5184 concil.
1853 5127 1938 5182 Tolet.
1956 5142 1993 5191 vv,
2024 5127 2105 5184 retati

458 5198 563 5252 ratione
573 5196 694 5265 dissolvi,
708 5208 808 5268 qtranto
820 5200 910 5256 minias
925 5201 973 5254 ista
988 5200 1144 5269 pollicitatio
1167 5215 1250 5280 qtrum

458 5282 520 5323 cum
535 5268 593 5324 Deo
604 5270 776 5341 pepigerunt,
793 5270 863 5325 solvi
878 5271 936 5326 siue
952 5270 1070 5326 vindicta
1099 5271 1221 5340 puterrt‘t
1237 5294 1248 5319 ι

459 5340 549 5395 ltcm:
568 5360 579 5389 ι
595 5339 622 5394 Si
638 5340 757 5412 virgines
772 5339 890 5395 nondum
918 5343 1014 5397 velatae
1029 5342 1117 5397 taliter
1143 5340 1253 5411 publica

457 5409 623 5479 poeniteutiae
638 5410 795 5483 puniuntur.
814 5419 840 5466 et
855 5427 871 5466 a
886 5420 955 5469 coetu
971 5411 1093 5469 fidelium
1117 5428 1202 5483 usque
1217 5413 1251 5467 ιιι

456 5480 669 5538 satisfactionem
696 5482 886 5550 excluduntur,
905 5506 917 5533 ι
934 5492 986 5539 etc.
1014 5484 1065 5539 Ubi
1082 5483 1252 5539 isembardus

457 5553 601 5623 subjungit
615 5568 644 5609 :a
657 5554 694 5609 Ex
706 5554 748 5607 his
763 5561 875 5622 apparet
889 5553 1008 5625 virgines
1020 5555 1064 5609 vel
1080 5555 1176 5611 viduas
1187 5562 1252 5612 voto

457 5624 629 5680 continentiae
643 5624 779 5689 astrictas,
795 5624 851 5679 sive
867 5625 968 5681 fuerint
982 5626 1087 5692 velatae,
1110 5627 1168 5683 sive
1184 5642 1250 5685 non.

456 5696 612 5751 nullatenus
627 5695 662 5751 ad
685 5694 843 5766 conjugium
857 5697 949 5751 sortiri
974 5714 1068 5765 posse.
1087 5723 1098 5746 a
1117 5699 1252 5753 tlactenus

457 5764 630 5824 innocentius
646 5784 652 5828 ;
669 5781 685 5820 a
700 5780 827 5834 quoctttn
844 5766 871 5820 in
884 5767 1008 5839 virgines
1020 5769 1140 5823 nondum
1150 5770 1252 5824 velatas

456 5846 512 5893 tarn
526 5852 622 5895 severe
645 5837 680 5891 sit
700 5835 929 5905 animadversum,
950 5837 1013 5907 jure
1029 5838 1087 5895 ltaec
1110 5838 1145 5894 ad
1169 5855 1252 5910 quam

456 5908 552 5967 scribit
579 5906 736 5976 anselmus,
764 5907 889 5965 eamdem
926 5916 985 5967 crat
1010 5908 1090 5967 luitra
1123 5926 1246 5983 poenam.

1304 5200 1404 5255 ibidem
1415 5214 1431 5253 a
1442 5198 1572 5254 Gratiano
1586 5216 1604 5265 r,
1615 5201 1746 5256 Devotam
1759 5202 1942 5271 perstantem,¹
1958 5213 2019 5267 cap.
2037 5201 2101 5265 tos,

1306 5271 1355 5327 tto.
1367 5286 1404 5329 vr.
1419 5270 1533 5340 Capitul.
1550 5269 1639 5325 Caroli
1651 5270 1751 5343 llagni,
1763 5278 1789 5326 et
1803 5284 1866 5340 cap.
1892 5268 1954 5332 est,
1971 5268 2019 5323 lib.
2052 5284 2102 5337 ru,

1306 5350 1333 5397 et
1347 5340 1373 5395 in
1388 5340 1436 5398 illo
1451 5341 1559 5411 quidem
1569 5341 1884 5413 praecipiturutrumque,
1898 5354 1998 5411 nempe
2012 5339 2101 5395 virum

1307 5412 1483 5480 ctfeminam,
1505 5421 1647 5483 separatos
1669 5418 1803 5485 perpetuo
1831 5410 1950 5483 relegari
1977 5411 2104 5467 exsilio:

1309 5508 1320 5532 a
1338 5486 1367 5539 ln
1381 5484 1433 5539 hoc
1447 5494 1538 5539 autem
1552 5484 1645 5539 mndiu
1653 5483 1857 5540 submovendos
1864 5498 1924 5539 esse
1936 5481 2104 5540 Christiano

1306 5572 1364 5610 rum
1381 5563 1465 5618 cortu.
1479 5554 1576 5621 donec,
1592 5578 1603 5603 ι
1621 5556 1706 5629 inquit
1718 5554 1961 5612 christianissimus
1984 5554 2104 5625 impera·

1307 5634 1357 5691 tor,
1376 5647 1387 5676 a
1400 5626 1474 5695 quod
1482 5626 1573 5681 illicite
1585 5626 1808 5698 perpetraverint,
1817 5624 1977 5681 emendent.
1988 5624 2069 5694 Quod
2080 5627 2102 5682 si

1307 5698 1453 5753 emendare
1481 5697 1663 5768 neglexerint,
1678 5696 1898 5753 acommunione
1915 5696 1958 5751 vel
1976 5697 2101 5753 omnium

1308 5769 1522 5826 Christianorum
1546 5769 1676 5827 convivio
1701 5769 1730 5824 iu
1770 5776 1901 5839 perpetuo
1941 5771 2103 5839 sequestrati
2179 5823 2180 5832 ,

1307 5839 1406 5895 alut.»
