4750 6725
399 580 453 640 875
901 567 1059 628 eleuant
1078 562 1356 624 canruamttnsts
1374 558 1541 618 consent.
1998 558 2053 612 376

399 697 473 756 enim
493 693 580 768 ipsam
603 691 746 752 ecclesiam
766 691 794 747 in
813 704 861 744 sua
883 684 1011 759 parocbia
1033 699 1101 752 esse,
1118 690 1144 738 et
1158 681 1194 738 ob
1208 682 1237 746 A
1250 682 1321 736 hanc
1334 679 1502 751 spiritualem
1521 687 1684 749 potestatem
1707 683 1828 754 ejusdem
1849 679 2053 753 metropolitani

399 787 465 856 boc,
479 786 543 844 licet
558 785 585 841 in
600 792 671 840 terra
684 777 883 849 archiepiscopi
898 775 988 844 fucrit,
999 771 1199 829 dedicationem

402 875 478 933 iliius
493 874 528 931 ad
542 871 729 942 sepertinere.
746 867 866 923 Audiam
881 867 933 920 lica
947 863 1093 919 anselmus
1107 867 1133 916 et
1146 875 1199 914 an-

403 973 568 1021 tecessomm
586 974 695 1015 suorum
710 957 851 1026 antiquam
865 949 1087 1010 consuetudinem
1099 947 1199 1015 sciens,

403 1061 482 1109 natus
496 1058 537 1107 est
550 1048 585 1105 ab
600 1048 658 1118 ipso
674 1043 824 1100 ministerio
838 1059 889 1113 pro
904 1039 1050 1098 bominum
1073 1036 1201 1109 precibus

404 1156 461 1196 non
475 1136 648 1201 cessandum,
665 1149 715 1189 nec
730 1133 806 1189 iecit.
832 1131 861 1188 Si
877 1129 985 1202 quidem
1001 1143 1061 1184 mos
1084 1135 1109 1182 et
1131 1139 1201 1181 con-

400 1228 514 1286 suetudo
529 1221 794 1294 arehiepiscopomm
808 1218 1048 1276 cantuariensium
1070 1215 1105 1271 ab
1127 1213 1199 1270 anti-

401 1332 455 1390 quo
477 1314 526 1371 luit
539 1320 567 1370 et
579 1319 631 1378 est,
646 1318 673 1366 ut
688 1311 716 1366 in
731 1310 810 1366 terris
832 1307 887 1366 suis
910 1308 1063 1377 ubieunque
1077 1320 1126 1376 per
1140 1305 1200 1359 dn-

399 1405 484 1478 gliam
499 1403 561 1470 sint,
572 1399 663 1456 nullus
675 1399 868 1470 episcoporum
881 1404 979 1470 praeter
989 1412 1019 1450 se
1032 1395 1077 1466 jus
1090 1391 1200 1462 aliquod

401 1493 511 1562 babeat,
526 1491 575 1547 sed
590 1490 711 1546 bumana
725 1487 805 1544 simul
821 1495 847 1542 et
863 1485 957 1542 divina
971 1484 1064 1539 omnia
1079 1481 1152 1539 reiut
1172 1479 1201 1534 in

403 1581 515 1656 propria
531 1579 643 1636 dioecesi
657 1579 686 1632 in
700 1593 749 1633 sua
763 1574 938 1648 dispositione
960 1571 1122 1628 consistant.
1142 1571 1200 1624 Διι-

400 1671 501 1730 selmus
514 1676 607 1726 tamen
631 1666 699 1722 nulli
722 1665 870 1740 quidquam
886 1662 1055 1732 injuriamm,
1072 1659 1150 1732 quasi
1164 1657 1199 1713 li-

399 1759 467 1815 bera
490 1766 568 1814 utens
590 1762 733 1827 potestate,
750 1755 841 1809 lacere
855 1752 961 1816 rolens,
978 1747 1102 1821 diligenti
1121 1754 1200 1818 post·

400 1845 513 1904 modum
540 1843 712 1916 inquisitione
740 1839 944 1898 consuetudinis
966 1838 1043 1907 hujus
1057 1835 1199 1892 certitudi-

402 1951 465 1992 nem
480 1934 583 1992 studuit
597 1931 762 2004 investigare
784 1937 918 1999 quatenus
933 1927 956 1981 si
971 1941 1032 1980 eam
1046 1933 1131 1980 ratam
1147 1938 1202 1978 non

1252 767 1441 841 episcopiesse
1452 767 1614 825 scientibus.
1628 771 1764 828 iudicium
1779 780 1868 827 mmen
1883 771 1948 826 hinc
1961 771 2054 844 agita·

1253 869 1320 924 tum,
1336 864 1382 911 aut
1396 856 1448 912 boc
1460 872 1493 911 ex
1505 855 1568 925 jure
1583 859 1634 914 sibi
1650 860 1801 930 judicatum
1827 859 1974 930 aliquando
1998 859 2055 914 mi-

1253 946 1327 1002 nime
1350 945 1512 1014 audvimus,
1528 948 1577 1002 sed
1600 950 1673 1018 quod
1688 948 1716 1004 in
1731 957 1821 1005 nostra
1845 949 1959 1005 diecesi
1986 965 2053 1005 eum

1255 1034 1353 1092 secisse
1369 1033 1453 1090 libere
1468 1035 1641 1106 agnovimus,
1657 1037 1686 1091 in
1700 1037 1822 1093 aliorum
1851 1038 1933 1094 etiam
1963 1037 2056 1094 iacere

1253 1139 1335 1194 posse
1350 1122 1498 1178 credimus.
1518 1124 1589 1179 Eece
1604 1133 1734 1197 quantum
1761 1124 1827 1182 inde
1853 1125 1991 1182 reminisci
2006 1133 2056 1181 ant

1253 1211 1323 1268 scire
1335 1211 1473 1281 potuimus
1486 1211 1639 1281 prudentiae
1664 1221 1761 1270 vestrae
1788 1213 1983 1283 intimavimus,
1996 1215 2056 1284 Jam

1255 1301 1320 1373 quid
1336 1300 1491 1356 laciendum
1506 1299 1542 1356 sit
1563 1301 1624 1372 ipsa
1646 1302 1808 1360 consideret.
1825 1303 1920 1360 Valeat
1932 1303 2058 1374 paterni-

1254 1395 1296 1444 tas
1309 1396 1409 1456 restra,
1426 1395 1453 1444 et
1467 1397 1528 1445 oret
1541 1404 1593 1460 pro
1611 1391 1699 1447 nobis.
1718 1415 1729 1439 υ

1289 1477 1442 1534 Roboretus
1469 1477 1552 1550 igitur
1580 1479 1725 1536 Anselmns
1750 1496 1785 1537 ex
1814 1481 1881 1548 istis,
1910 1489 1993 1552 atque
2021 1497 2057 1538 ex

1254 1566 1345 1620 multis
1359 1565 1484 1636 aliorum,
1501 1583 1568 1636 qnos
1589 1566 1702 1641 longum
1726 1576 1767 1623 est
1789 1583 1959 1638 enumerare,
1976 1569 2057 1625 testi-

1254 1654 1362 1722 moniis,
1379 1670 1477 1710 secure
1492 1655 1623 1728 deinceps
1644 1672 1755 1713 suornm
1775 1673 1880 1713 morem
1901 1666 2057 1716 antecesso-

1254 1759 1314 1799 rum
1329 1743 1518 1813 aenrulabatur,
1547 1760 1603 1800 non
1629 1746 1717 1801 solum
1746 1746 1877 1803 ecclesias
1899 1746 2058 1804 inconsultis

1254 1832 1391 1903 episcopis
1405 1848 1525 1902 sacmns,
1541 1833 1590 1888 sed
1605 1841 1632 1889 et
1645 1850 1762 1906 qumque
1790 1835 1884 1892 dirius
1910 1835 2001 1892 officia
2028 1837 2058 1892 in

1254 1921 1357 1977 cunctis
1372 1922 1450 1976 terris
1464 1923 1520 1978 suis
1533 1938 1585 1993 per
1598 1939 1627 1978 se
1641 1938 1739 1980 suosve
1754 1924 1925 1996 dispensans.

401 2024 486 2081 luisse
500 2027 646 2090 constaret,
660 2019 759 2075 amodo
773 2017 808 2074 ab
824 2033 857 2073 ea
869 2022 1038 2086 temperaret.
1052 2010 1239 2100 Supe'reratB
1289 2010 1411 2067 Evolutis
1439 2011 1540 2067 debinc
1564 2011 1711 2084 aliquantis
1735 2013 1843 2082 diebus,
1859 2030 1893 2070 ex
1911 2022 2057 2086 praeeepto

403 2111 492 2168 adhuc
505 2109 591 2166 beatae
606 2106 746 2164 memoriae
762 2107 907 2162 volstanus
928 2103 1073 2173 episcopua
1087 2116 1156 2155 unus
1172 2107 1199 2156 et

403 2199 478 2257 solus
502 2201 536 2256 de
560 2195 677 2270 antiquis
699 2195 853 2268 auglorum
873 2191 1009 2261 Patribus,
1024 2190 1066 2248 ais
1083 2187 1200 2245 inomni

400 2289 533 2362 religione
554 2285 728 2358 conspicuus,
758 2291 784 2340 et
812 2281 984 2353 antiquamm
997 2279 1103 2352 ltngliae
1129 2293 1198 2334 con-

397 2376 572 2434 suetudinum
595 2373 709 2432 scicntia
723 2371 846 2444 apprime
862 2369 992 2426 eruditus.
1009 2368 1086 2422 llunc
1100 2366 1199 2422 Assel-

399 2481 462 2522 mus
477 2463 635 2536 denegatio
650 2459 794 2526 consrduit,
811 2467 837 2514 et
852 2475 904 2528 quo
924 2457 1073 2529 simplicem
1088 2453 1139 2509 sibi
1154 2471 1199 2536 rs:

396 2555 504 2612 ritatem
527 2551 717 2618 innotesceret,
741 2547 900 2621 postulavit.
920 2545 981 2615 Quo
999 2543 1045 2600 ille
1059 2551 1197 2616 suscepto,

396 2642 508 2714 scripsit
522 2640 561 2697 iili
577 2642 636 2696 baec
652 2658 657 2693 :

436 2755 447 2782 ιι
463 2727 701 2789 Reuerendissimo
728 2742 761 2783 ac
782 2724 940 2782 beatissimo
970 2724 1032 2783 rite
1056 2724 1201 2781 sanctitate

395 2830 422 2879 et
435 2835 550 2876 summm
571 2817 644 2874 sedis
666 2815 799 2889 dignitate
813 2814 938 2886 praelato,
953 2817 1091 2870 Ansam
1106 2811 1198 2868 areld-

395 2909 522 2982 episcopo
537 2908 738 2964 Wonsoranus
752 2919 894 2961 servorum
910 2901 962 2959 Dei
976 2903 1114 2972 minimus,
1131 2901 1197 2956 Wi-

397 2996 552 3072 qomiensis
581 2993 710 3051 Ecclesiae
745 2990 889 3064 episcopus
923 2991 1021 3072 merito
1056 2990 1198 3064 indignus,

397 3083 549 3140 orationum
570 3078 722 3152 obsequia,
747 3075 893 3149 fideliaque
920 3091 954 3132 ex
983 3075 1115 3134 charitate
1138 3092 1199 3132 ser-

401 3172 478 3230 sitia.

1253 2099 1328 2170 regis
1360 2115 1454 2156 omnes
1472 2099 1531 2155 iere
1550 2100 1692 2171 episcopi,
1713 2118 1765 2157 nna
1793 2118 1855 2158 cum
1878 2103 2055 2174 principibus

1251 2186 1358 2260 angliae
1377 2189 1413 2242 ad
1433 2187 1577 2260 Hastinges
1592 2189 1628 2259 (b)
1644 2200 1837 2258 convenerunt,
1851 2190 1941 2262 ipsum
1955 2209 2055 2264 regem

1252 2273 1280 2329 in
1294 2275 1519 2332 Nortbmanniam
1535 2278 1770 2334 transfretatumm
1798 2294 1848 2335 sua
1868 2280 2061 2338 benedictione

1252 2373 1279 2420 et
1311 2381 1444 2421 concursu
1460 2367 1609 2437 prosecuti.
1630 2367 1710 2424 Venit
1736 2376 1762 2424 et
1790 2368 1873 2425 Pater
1898 2369 2059 2439 anselmus,

1252 2454 1309 2508 suis
1324 2470 1407 2525 quarn
1422 2459 1540 2511 maxime
1561 2456 1727 2512 emtionibus
1739 2473 1790 2528 per
1803 2458 1908 2514 marina
1932 2460 2061 2530 pericula

1251 2559 1346 2616 regem
1374 2545 1547 2617 protegendo
1575 2545 1714 2601 ducturus.
1734 2545 1829 2601 Horati
1843 2562 1908 2603 vcro
1932 2555 1995 2602 sunt
2017 2547 2059 2604 ibi

1252 2648 1301 2688 rex
1326 2641 1353 2688 et
1380 2633 1521 2703 principes
1535 2632 1598 2704 plus
1613 2650 1666 2690 uno
1681 2650 1789 2704 mense,
1804 2642 1885 2692 vento
1912 2637 2058 2692 transitum

1254 2722 1313 2793 regi
1328 2721 1500 2793 probibente.
1521 2726 1552 2778 ln
1565 2739 1617 2795 qua
1632 2739 1711 2780 mora
1725 2724 1870 2780 anselmus
1884 2727 2013 2795 sacravit,
2029 2727 2061 2782 in

1254 2810 1372 2867 ecclesia
1387 2818 1489 2867 sanctae
1504 2811 1554 2867 Dei
1568 2811 1708 2885 genitricis
1718 2813 1811 2869 tiaris
1825 2830 1886 2884 quae
1901 2823 1940 2869 cst
1953 2813 1982 2870 io
1997 2814 2062 2886 ipso

1253 2899 1375 2965 castello,
1391 2899 1536 2956 Robertnm
1553 2899 1590 2970 (c)
1605 2901 1641 2956 ad
1656 2901 1778 2974 regimen
1794 2901 1924 2958 Ecclesiae
1947 2902 2062 2961 Lincol-

1254 2986 1364 3054 niensis,
1377 2986 1593 3044 ministmntibus
1604 2988 1656 3043 sibi
1673 2988 1702 3042 in
1722 2989 1773 3044 hoc
1794 2989 1883 3046 officio
1902 2998 2009 3062 septem
2025 2993 2062 3048 da

1253 3074 1434 3148 suffraganeis
1448 3075 1584 3147 episcopis
1598 3077 1656 3132 suis
1672 3078 1721 3148 (d).
1738 3078 1779 3133 De
1794 3095 1848 3150 qua
1861 3084 1952 3135 tamen
1967 3097 2062 3137 conse·

1253 3164 1374 3220 eratione
1407 3164 1518 3236 quidam
1548 3166 1583 3220 de
1609 3165 1748 3236 episcopis
1771 3174 1854 3238 atque
1887 3168 2062 3239 principibus

435 3258 702 3333 «Noritprudentia
723 3264 814 3313 vestra
836 3255 1010 3328 quotidianos
1038 3253 1146 3312 labores
1174 3259 1202 3308 et
1254 3253 1344 3310 cenati
1358 3261 1420 3308 sunt
1448 3261 1541 3310 centra
1562 3255 1721 3310 dnselmum
1750 3255 1909 3312 scandalum
1934 3274 2061 3328 movere,

397 3349 590 3425 oppressiones
604 3355 707 3405 sanctae
722 3345 866 3415 Ecclesiae,
882 3343 1011 3419 malignis
1026 3361 1086 3400 eam
1102 3343 1199 3416 oppri-
1255 3341 1424 3398 intendentes
1437 3341 1472 3398 ad
1486 3343 1539 3399 boc
1561 3351 1590 3399 ut
1610 3344 1737 3401 eamdem
1762 3343 1920 3418 episcopum
1934 3347 2060 3405 absolute

396 3439 534 3496 mentibus
548 3446 575 3495 et
589 3435 656 3508 ipsis
671 3452 739 3509 quos
754 3441 912 3505 oportuerat
926 3448 986 3490 eam
1007 3433 1087 3503 tueri,
1104 3441 1200 3488 aucto·
1215 3394 1241 3458 C
1257 3432 1361 3502 absque
1375 3430 1467 3487 debita
1486 3431 1655 3503 professione
1679 3442 1861 3491 consecraret.
1877 3434 1958 3505 Quod
1982 3436 2060 3493 nullo

399 3528 476 3585 ribus
502 3524 690 3584 existentibus.
711 3524 754 3579 rid
783 3525 832 3579 bos
862 3522 1044 3594 repellendos,
1060 3529 1087 3577 et
1108 3530 1203 3577 contra
1255 3519 1321 3590 jure
1337 3519 2064 3596 sultieasolummodoresuntaqgressi,quiaputa-

408 3618 478 3673 tales
491 3622 613 3671 sanctam
629 3612 781 3671 Ecclesiam
797 3612 954 3677 defendere,
971 3610 1100 3667 sanctitas
1113 3618 1205 3666 restra
1261 3608 1328 3665 bant
1341 3624 1371 3663 se
1385 3609 1480 3665 animo
1496 3610 1568 3681 regis
1582 3609 1687 3681 aliquid
1701 3626 1736 3665 ex
1751 3611 1957 3668 conturbatione
1966 3615 2065 3670 descl-

406 3706 496 3763 locata
511 3711 552 3760 est
578 3703 606 3758 in
634 3718 742 3758 summa
771 3716 846 3757 aree.
869 3702 910 3755 Ne
925 3699 1008 3772 igitur
1022 3699 1136 3768 dubitet,
1152 3714 1208 3755 non
1262 3697 1299 3752 mi
1314 3696 1387 3752 unde
1402 3696 1539 3753 laetaretur
1556 3697 1666 3767 inlerre,
1681 3697 1799 3755 scientes
1821 3716 1882 3756 eum
1896 3718 1949 3771 pro
1963 3720 2063 3773 supra-

404 3808 466 3851 eam
481 3792 618 3849 secularis
645 3790 774 3861 potentiae
802 3790 884 3846 timor
910 3788 1045 3857 humiliet,
1061 3804 1114 3844 non
1129 3788 1209 3843 lavor
1262 3786 1364 3857 scripta
1377 3802 1459 3840 causa
1473 3786 1608 3841 adversus
1624 3785 1713 3857 ipsum
1726 3803 1780 3843 non
1795 3803 1893 3858 parum
1905 3807 1964 3846 esse
1978 3792 2069 3847 turba·

405 3882 529 3949 inclinet,
545 3880 595 3935 aed
611 3878 718 3935 fortiter
732 3878 855 3948 incipiat,
871 3876 980 3946 incepta
996 3890 1057 3931 cum
1073 3876 1122 3931 Dei
1136 3874 1211 3944 arlJ'u·
1265 3882 1330 3930 tum.
1352 3874 1406 3931 Sed
1426 3875 1571 3930 anselmus
1600 3892 1634 3931 en
1662 3876 1705 3931 bis
1730 3876 1798 3931 nibil
1826 3878 1947 3933 rancoris
1974 3886 2068 3937 mente

407 3968 477 4025 torio
492 3966 635 4037 perficiam
652 3964 856 4037 insurgentibus
875 3965 998 4035 obsistat,
1023 3963 1211 4035 opprimentes

409 4055 550 4125 reprimat,
567 4057 746 4124 sanctamque
760 4062 875 4109 matrem
895 4060 1015 4109 nostram
1035 4066 1128 4109 contra
1143 4052 1212 4107 tales

411 4142 554 4201 deiendat.
574 4143 615 4199 lie
630 4141 774 4197 bisantem
790 4142 862 4199 unde
885 4140 966 4197 nobis
988 4142 1108 4214 dignitas
1123 4148 1213 4197 restra

412 4231 533 4289 scribere
562 4238 588 4287 et
615 4236 716 4286 nostrae
733 4230 874 4301 parvitatis
888 4227 1033 4285 consilium
1049 4238 1088 4285 est
1103 4230 1213 4303 dignata

411 4331 544 4390 quaerere,
561 4322 692 4388 quantum
715 4314 852 4371 recordari
876 4330 1029 4386 possumus,
1046 4314 1137 4371 dicere
1158 4330 1213 4370 non

411 4404 570 4462 omittimus.
598 4404 674 4461 lianc
699 4401 816 4475 denique
843 4403 915 4459 unde
942 4404 1077 4459 consuluit
1103 4419 1214 4459 causam

1264 3961 1431 4033 concipiens
1446 3962 1548 4033 placito
1563 3962 1640 4019 vultu
1655 3964 1730 4019 nulla
1746 3964 1850 4021 ratione
1872 3980 2014 4022 assensum
2030 3968 2069 4023 eis

1265 4051 1399 4122 praebere,
1414 4067 1466 4107 nec
1479 4050 1647 4123 episcopum,
1664 4051 1715 4107 nisi
1740 4052 1828 4124 primo
1849 4064 1977 4126 suscepta
1997 4073 2068 4128 pro-

1265 4139 1384 4197 fessione
1397 4139 1431 4195 ab
1453 4154 1486 4195 ec
1514 4140 1548 4195 de
1574 4140 1743 4211 subjectione
1770 4150 1798 4197 et
1824 4142 1981 4199 obediontia
2007 4162 2068 4215 sua,

1266 4244 1373 4285 sacrare
1387 4229 1481 4285 voluit.
1511 4230 1570 4284 ilex
1586 4246 1703 4301 quoqne,
1719 4229 1765 4285 ubi
1780 4230 1847 4302 quid
1867 4231 1988 4303 episcopi
2009 4250 2070 4290 mo-

1266 4316 1402 4373 liebantur
1415 4316 1528 4385 audivit,
1545 4318 1661 4373 asseruit
1676 4335 1705 4374 se
1721 4317 1797 4374 nullo
1811 4328 1893 4389 pacto
1917 4335 2070 4377 consensu·

1268 4423 1326 4461 rum
1340 4413 1369 4459 ut
1383 4422 1434 4475 pro
1448 4405 1589 4462 inimicitia
1607 4422 1688 4477 quam
1716 4416 1811 4463 contra
1832 4408 2068 4481 archiepiscopum

411 4492 538 4551 ventilari
553 4508 693 4563 nunquam
704 4491 867 4559 audirimus,
880 4492 944 4565 qnia
960 4494 1052 4547 nullus
1068 4492 1216 4565 aliquando
1267 4493 1489 4560 babebat,matri
1513 4511 1569 4549 suae
1594 4494 1723 4551 Ecclesiae
1742 4495 1928 4553 Cantuariensi
1957 4498 1992 4553 de
2019 4516 2069 4557 sua

412 4582 516 4640 exstitit
531 4582 575 4653 qui
591 4584 661 4637 banc
676 4580 867 4637 Cantnariensi
878 4581 1083 4653 archiepiscopo
1097 4589 1214 4651 potesta·
1269 4582 1401 4655 dignitate
1417 4582 1480 4653 quid
1496 4582 1584 4655 quiris
1598 4582 1761 4639 detraheret.

417 4678 474 4729 tem
487 4671 607 4727 adimere
623 4669 713 4739 vellet,
729 4678 755 4725 et
769 4685 803 4725 ne
818 4670 1018 4727 dedicationem
1038 4670 1212 4741 propriarum
1307 4673 1346 4727 Eo
1363 4679 1483 4741 tempore
1498 4670 1606 4726 curialis
1631 4672 1758 4741 juventus
1784 4673 1869 4731 ferme
1897 4682 1954 4731 tota
1979 4676 2070 4734 crines

417 4760 547 4817 duntaxat
574 4758 757 4817 Ecclesiamm
786 4758 896 4829 publice
911 4760 1021 4827 laceret,
1037 4760 1208 4814 detenderet.
1270 4760 1547 4830 suosjuvencularum
1562 4760 2068 4837 morenutriebat;etquotidiepeaa,

416 4848 529 4905 Exstant
553 4849 653 4921 quippe
667 4857 694 4905 et
708 4848 734 4903 iu
749 4856 841 4905 nostra
857 4848 963 4904 diaecesi
979 4848 1082 4915 altaria,
1098 4856 1213 4919 atquae·
1268 4866 1301 4905 ac
1326 4849 1486 4921 irreligiosis
1520 4849 1629 4903 nutibus
1667 4849 1914 4921 circumspectans,
1945 4854 2070 4911 delicatis

418 4936 578 4992 demetiam
594 4936 721 4995 Ecclesiae
749 4938 779 4992 in
807 4938 850 4993 his
873 4936 1060 4994 scilicetrillis
1075 4952 1143 5008 quas
1158 4936 1214 4993 Sti·
1267 4938 1399 5010 restigiis,
1417 4945 1508 4993 teucro
1525 4936 1641 5005 incessu,
1659 4938 1835 4995 obambulare
1848 4939 1928 4996 solita
1942 4950 2009 4997 erat.
2025 4942 2070 5001 Dc

419 5024 526 5097 gandus
535 5028 586 5097 to),
597 5032 694 5082 restrae
704 5026 872 5083 excellentiae
881 5026 1076 5099 predecessor,
1087 5024 1161 5081 baud
1176 5032 1214 5081 ta·
1271 5028 1369 5098 quibus
1383 5043 1444 5083 cum
1459 5027 1487 5080 in
1501 5026 1589 5096 capite
1600 5026 1697 5097 Jejunii
1711 5043 1863 5085 sermonem
1873 5029 1900 5085 in
1914 5030 2018 5101 populo
2032 5032 2070 5088 ad

417 5129 481 5169 men
493 5114 552 5181 jure
567 5114 758 5171 ecclesiastice
772 5115 1054 5184 baereditatia,sedex
1068 5115 1139 5171 dono
1154 5129 1215 5185 pos·
1271 5115 1386 5171 missam
1401 5131 1475 5169 snam
1491 5122 1517 5171 et
1531 5116 1568 5170 ad
1591 5115 1695 5171 cineres
1722 5116 1874 5173 confluente
1901 5117 1975 5173 idem
1989 5119 2070 5177 Pater

417 5201 523 5260 sederat
538 5202 676 5259 saecularis
690 5205 839 5274 potestatis,
851 5203 886 5259 ab
901 5204 960 5275 ipsc
976 5202 1101 5260 dedicata
1115 5202 1216 5258 nostris
1270 5204 1420 5271 habuisset,
1437 5204 1574 5273 copiosam
1598 5204 1704 5259 turbam
1720 5220 1755 5260 cx
1769 5204 1823 5261 illis
1837 5206 1863 5260 in
1878 5206 2070 5276 paenitentiam

423 5297 451 5346 ct
465 5289 645 5347 antecessoris
659 5290 744 5347 nostri
760 5293 935 5364 temporibus,
951 5292 1031 5349 nobis
1051 5292 1219 5361 inconsultis,
1270 5294 1337 5367 egit,
1349 5300 1375 5349 et
1388 5293 1501 5347 attonsis
1514 5292 1644 5361 crinibus,
1654 5292 1682 5348 in
1697 5292 1804 5349 virilem
1820 5295 1933 5350 formam
1948 5297 2067 5369 redegit.

418 5394 469 5437 nse
498 5388 578 5435 antea
591 5394 641 5437 nec
659 5386 756 5451 postea
784 5380 847 5437 inde
875 5380 1113 5451 calumniantibus,
1128 5389 1221 5452 utpote
1270 5381 1335 5439 lllos
1345 5389 1436 5437 autem
1450 5396 1519 5452 quos
1528 5381 1563 5435 ab
1573 5380 1625 5437 bac
1633 5380 1784 5453 ignominia
1793 5398 1924 5441 revocare
1933 5385 2067 5457 nequivit,

1064 5477 1280 5535 HENSCHENH
1300 5478 1413 5536 NOTAE.

450 5572 970 5659 (o)StiqandnssedemCantuariensem
980 5575 1208 5659 inaasitandttbb,
1264 5576 1305 5631 ais
1319 5576 1400 5633 classi
1414 5574 1519 5657 praebet
1532 5574 1684 5631 stationem.

412 5652 440 5702 et
453 5642 537 5771 ables
552 5646 827 5771 depositusmog‘tiuus
843 5653 883 5703 est
897 5648 947 5702 sub
963 5646 1116 5703 boemanni
1128 5646 1206 5703 toto.
1299 5650 1337 5717 (e)
1351 5648 1448 5702 Tenuit
1471 5645 1605 5702 liebertus
1633 5648 1821 5719 episcopatum
1849 5648 2066 5707 Linoolnicnaem

410 5716 1208 5873 lomoeg'asrgqslaizrclq'mw’erriqpffiteqiaaqd[lququtltlanrlnaaffi
1261 5718 1549 5870 8ἀ(ἓ)ῃῇ1ιῖιῗιῗιιιίοιξὶε
1571 5788 1701 5847 Ecclesia
1723 5789 1904 5862 suffraganeae
1919 5793 2001 5849 sodes
2015 5812 2064 5851 nu-

408 5858 482 5919 ilttrn
497 5861 695 5934 amplissimum
717 5868 875 5917 aestuarium
894 5858 1066 5917 commodam
1080 5868 1205 5934 quantae-
1260 5868 1398 5917 merantur
1411 5875 1558 5915 unsaraim
1573 5864 1616 5916 ti.
