4750 6725
424 577 477 636 tlt
933 569 1093 630 renuent
1108 569 1387 630 diurnamttrtsts
1400 572 1559 632 monuerit
2024 579 2075 638 tta

425 715 496 774 mus,
511 715 545 760 ex
559 703 653 760 rastra
664 705 739 774 parte
753 713 971 758 commemorans
986 712 1107 755 amorem
1122 705 1150 754 θῑ
1174 695 1221 753 be·
1235 694 1265 758 A
1278 699 1348 762 detis
1361 703 1539 773 voluntatem,
1553 711 1646 762 utrum
1668 703 1719 776 sie,
1748 702 1980 780 quemadmodum
2008 702 2075 775 diri,

425 791 586 866 nignitatern
601 805 682 866 qnam
695 807 805 863 semper
819 804 888 863 erga
914 803 957 845 me
982 787 1126 857 habuistis,
1156 785 1225 842 sub·
1278 794 1384 865 possim
1399 795 1427 849 in
1440 811 1508 867 pace
1522 802 1651 852 testreet
1664 793 1744 852 offleii
1759 794 1812 852 mei
1835 797 1970 868 potestate
1990 793 2079 850 redire

427 883 531 940 monuit
545 898 590 940 me
603 882 672 939 sient
686 879 924 951 archiepiscopum
944 885 1064 934 vestmm
1091 885 1120 932 ut
1144 875 1225 933 talem
1280 882 1308 938 in
1319 883 1456 957 ungriam,
1473 884 1587 940 Paratus
1601 884 1674 940 enim
1689 900 1750 940 eum
1764 892 1792 940 nr
1812 884 1892 941 vobin
1911 890 1939 941 nr
1966 881 2078 956 populo,

426 987 473 1029 ΨΘ
487 973 604 1029 facerim
617 969 800 1044 qualemlssiss
821 969 949 1024 intrarem
974 967 1003 1023 5¹¹
1029 965 1168 1038 Mefitim,
1196 972 1227 1021 nt
1280 972 1373 1030 divina
1387 974 1453 1028 milri
1468 972 1648 1046 dispositione
1662 973 1818 1043 commisso,
1834 971 1982 1030 officiimei
1994 971 2080 1028 survi·

427 1061 468 1118 Sic
483 1077 542 1118 0880
556 1075 665 1132 possem
680 1059 822 1116 vobiscum
837 1058 907 1114 sicui
922 1057 973 1114 suit
982 1063 1139 1112 antecessor
1151 1071 1227 1111 metis
1281 1060 1348 1118 tium
1361 1079 1412 1135 pro
1426 1062 1533 1120 viribus
1547 1071 1575 1119 et
1589 1063 1702 1118 scientia
1726 1077 1796 1131 meg,
1824 1070 1933 1118 servata
1958 1059 2080 1134 regulari

427 1165 489 1206 ium
503 1155 579 1222 Pssil'i
593 1155 693 1218 ι’θδῑῑῡ,
709 1153 736 1204 ii
751 1163 800 1204 l0⁵
813 1163 857 1204 ¹¹10
871 1146 970 1204 eodem
984 1146 1088 1202 h⁰¹1⁰l0
1109 1143 1226 1201 illiber·
1280 1151 1437 1222 obedentia,
1453 1150 1572 1208 fideliter
1585 1150 1726 1208 exhibere.
1742 1149 1822 1220 Quod
1836 1149 2014 1206 sirobisnon
2024 1147 2081 1221 pla·

429 1244 482 1294 tate
496 1237 647 1294 tractaretis
662 1251 716 1308 qua
725 1244 805 1308 pater
817 1244 910 1292 vester
923 1243 1123 1292 antecessorem
1135 1247 1227 1289 meum
1281 1242 1379 1313 cuerit,
1395 1250 1460 1313 puto
1474 1241 1547 1314 quin,
1563 1241 1587 1296 ni
1612 1242 1684 1314 quod
1709 1241 1859 1296 animarum
1887 1237 2080 1294 detrimentum

425 1326 568 1386 tractavit.
585 1327 616 1382 ln
630 1325 731 1399 quibus
754 1325 844 1383 verbis
869 1324 988 1382 intellexi
1011 1323 1076 1397 quie
1102 1322 1154 1378 nisi
1182 1336 1227 1378 rne
1280 1329 1345 1388 inde
1358 1329 1513 1402 eontigerit,
1529 1344 1591 1386 men
1618 1327 1702 1400 culpe
1727 1343 1782 1385 nnn
1811 1326 1870 1384 erit.
1899 1325 2082 1397 Omnipotens

427 1413 508 1471 talem
524 1415 652 1485 lacerem,
667 1415 785 1472 reditum
801 1430 890 1471 meum
906 1414 935 1469 iu
948 1413 1074 1486 Angliem
1088 1427 1144 1468 non
1165 1410 1227 1468 tel·
1281 1420 1355 1477 neus
1367 1420 1408 1477 sie
1420 1426 1518 1492 regnet
1531 1417 1559 1473 in
1571 1417 1654 1474 nonde
1667 1421 1759 1474 vestm
1779 1424 1809 1474 ut
1835 1431 1886 1473 vos
1910 1431 1962 1488 per
1989 1415 2083 1473 omnin

428 1502 498 1562 letis.
512 1504 553 1561 lia
566 1519 661 1562 amore
675 1504 788 1576 quidem
802 1511 828 1560 et
842 1503 1011 1577 benignitate
1034 1501 1138 1575 gratim
1161 1515 1226 1574 ago.
1281 1509 1402 1584 regnetis
1414 1509 1442 1564 in
1455 1508 1546 1581 gratie
1559 1506 1628 1578 ejus.
1640 1529 1652 1556 ι

429 1593 465 1650 Ut
478 1599 571 1650 autern
585 1593 622 1650 ita
637 1593 690 1650 sirn
703 1593 846 1650 vobiscum
872 1593 943 1648 sient
971 1599 1127 1648 antecessor
1151 1605 1229 1646 meus
1318 1600 1367 1656 ffis
1381 1600 1417 1656 in,
1430 1597 1528 1672 gennis,
1542 1596 1715 1669 immunis
1730 1595 1765 1653 de
1779 1595 1835 1652 suis
1846 1609 1942 1652 secum
1955 1592 2081 1659 retentis,

431 1679 483 1738 nu
497 1697 558 1738 ⁰¹¹¹¹¹
572 1689 649 1754 9³¹¹*ss
663 1691 764 1752 “⁵³02
780 1681 880 1751 iiiiii,
892 1695 947 1737 ⁰⁰¹¹
959 1695 1083 1753 possum,
1098 1678 1162 1750 quii
1179 1693 1231 1734 110⁰
1284 1689 1408 1763 Lugduni
1422 1687 1525 1744 resedit
1537 1687 1566 1743 in
1579 1702 1686 1743 summa
1698 1701 1767 1757 pace
1780 1692 1808 1742 et
1826 1686 1918 1756 qmete
1942 1681 2083 1756 propriam

434 1770 515 1827 robis
528 1769 689 1844 homagium
705 1771 805 1841 iecere,
820 1786 869 1826 nec
884 1768 1078 1842 accipientibus
1095 1767 1131 1826 de
1149 1782 1231 1824 manu
1284 1779 1406 1852 praeteri
1421 1776 1556 1850 pontificis
1569 1776 1679 1834 domum
1693 1774 1881 1846 inhabitando,
1897 1772 2008 1830 nuntior
2021 1786 2085 1828 snos

432 1867 522 1919 restra
536 1859 706 1917 investituras
725 1859 907 1916 Ecclesiamm
931 1865 1042 1930 propter
1069 1857 1229 1929 predictam
1283 1877 1454 1942 exspectans,
1469 1875 1498 1924 er
1510 1881 1545 1923 „a
1559 1866 1594 1923 gd
1609 1867 1702 1923 horem
1717 1865 1831 1936 quidem
1844 1864 1880 1920 ab
1893 1861 1927 1919 ijs
1944 1877 2008 1935 quae
2034 1856 2084 1918 Dei

431 1948 642 2022 prohibitionem
657 1964 702 2008 rne
716 1947 843 2006 audiente
856 1946 955 2006 iactam
969 1947 1057 2006 audeo
1075 1945 1230 2004 communi·
1283 1966 1346 2017 ,um
1360 1957 1447 2018 ,erbo
1460 1971 1490 2016 ω
1503 1954 1549 2015 ,01
1561 1963 1624 2013 ηοω
1637 1955 1780 2030 elongem,

431 2051 505 2096 care.
522 2039 600 2097 Unde
610 2051 710 2112 precor
723 2041 751 2095 ut
764 2036 831 2094 mihi
844 2044 972 2107 raanan,
988 2037 1011 2094 si
1029 2036 1130 2110 placet,
1146 2049 1227 2092 man-
1240 2025 1269 2092 Β

430 2211 880 2224 ——a*—-*—

1024 2381 1191 2480 LIBER
1210 2377 1498 2499 QUARTUS.

466 2809 555 2885 igitur
568 2808 614 2868 ubi
627 2808 804 2868 willhelmus
823 2807 952 2882 tngttam
967 2806 1100 2880 peruenit,
1115 2813 1142 2865 et
1162 2806 1233 2881 gesti
1287 2809 1335 2878 pto
1350 2805 1479 2862 mandata
1493 2811 1564 2872 sunt,
1580 2803 1643 2860 huic
1656 2803 1732 2875 operi
1746 2799 1844 2874 paucis
1859 2797 1959 2871 intigo.
1994 2793 2086 2853 Scribi

432 2898 536 2974 negotii
549 2897 646 2956 seriem
660 2899 777 2956 ilenrico
791 2897 850 2972 regi
865 2899 1004 2970 exposuit,
1020 2913 1067 2954 rex
1082 2895 1155 2953 illico
1170 2912 1232 2954 om·
1287 2895 1379 2967 itaque
1393 2895 1419 2950 ei
1433 2894 1546 2967 quidem
1559 2909 1654 2950 serrna
1668 2892 1718 2948 Dei
1733 2892 1782 2948 sic.

432 3003 481 3044 nes
493 2987 617 3044 redditus
640 2987 890 3060 archiepiscopatus
914 2986 1114 3062 Centrrariensis
1140 2986 1235 3042 insuus
1325 2985 1471 3041 «Domino
1492 2982 1651 3052 venerabili,
1680 2989 1708 3037 et
1734 2985 1828 3036 sancto
1855 2976 1928 3033 Patri
1955 2973 2086 3031 suntme

432 3092 497 3132 usus
511 3075 598 3149 redigi
613 3076 755 3148 precepit.
772 3075 842 3131 Cura
870 3083 959 3131 tarnen
988 3075 1111 3146 ipsorum
1136 3075 1233 3131 reddi·
1288 3071 1474 3132 cantuariensi
1488 3070 1702 3144 archiepisoopo,
1730 3068 1803 3124 illine
1829 3064 2033 3133 devotissimus,
2061 3067 2087 3118 et

433 3169 512 3221 tuum
537 3163 753 3238 colligendnmm
779 3163 887 3221 duobus
913 3163 1070 3221 hominibus
1097 3163 1234 3235 archiepi·
1287 3163 1377 3220 omnis
1391 3161 1502 3218 lamitiae
1517 3160 1625 3217 Domini
1640 3157 1768 3226 famulus,
1783 3157 1812 3213 in
1830 3155 1946 3212 Domino
1955 3151 2084 3208 salutern

433 3253 511 3328 scopi
525 3253 561 3310 ab
576 3252 640 3325 ipso
653 3269 720 3327 rege
735 3253 862 3326 delegata
876 3260 926 3322 est,
941 3268 974 3308 ee
989 3251 1116 3310 videlicet
1134 3261 1164 3308 nt
1183 3252 1233 3308 aba
1325 3276 1337 3302 α
1354 3250 1531 3307 Considerata
1544 3249 1597 3306 loci
1609 3249 1697 3305 nostri
1713 3255 1740 3303 et
1752 3261 1848 3302 sensns
1860 3242 1963 3316 inopia,
1991 3239 2087 3297 merito

434 3343 589 3401 recredere
604 3349 714 3400 nonest
741 3341 970 3413 consideratione,
1001 3354 1037 3398 ea
1065 3340 1175 3415 pietate,
1204 3337 1272 3405 utG
1287 3339 1440 3399 decrevisse
1454 3336 1600 3411 potuerim,
1618 3338 1700 3394 Pater
1712 3342 1816 3405 sancte,
1837 3349 1873 3390 ne
1900 3329 1993 3389 verbis
2019 3328 2087 3385 sim·

434 3439 508 3489 tanto
529 3430 685 3505 diligentins
706 3431 768 3488 aliis
793 3430 948 3487 hominibus
976 3438 1004 3487 et
1031 3430 1114 3486 rebus
1141 3429 1231 3502 ipsius
1284 3430 1405 3503 plicioris
1418 3428 1521 3501 ingenii
1535 3426 1620 3483 semel
1641 3425 1685 3482 rel
1713 3425 1810 3480 iterum
1838 3422 2000 3493 impedirem
2027 3423 2087 3474 stn-

434 3521 538 3577 domini
554 3522 594 3577 sui
607 3520 727 3577 studium
742 3520 931 3592 impenderent
945 3536 978 3577 ne
1005 3526 1180 3587 vexarentur,
1196 3535 1232 3575 ne
1286 3520 1361 3575 diurn
1376 3527 1476 3574 sanctae
1489 3516 1590 3572 mentis
1602 3524 1665 3585 tuus,
1686 3513 1785 3583 inquo
1810 3510 1951 3584 religionis
1978 3508 2088 3581 insigne

433 3610 664 3683 opprimerentur,
680 3625 715 3667 ne
730 3608 920 3681 diriperentur,
936 3615 1036 3681 quanto
1057 3606 1156 3679 majori
1176 3606 1231 3665 lide
1284 3608 1415 3680 refulget,
1430 3614 1456 3662 et
1472 3605 1584 3677 quidam
1604 3603 1729 3675 splendet
1752 3600 1859 3657 rinntis
1885 3613 1990 3665 comes,
2018 3598 2089 3651 nitor

432 3714 464 3755 ec
477 3708 648 3756 sacramento
662 3714 709 3755 eos
723 3698 897 3754 illiastrictos
925 3697 1012 3753 inisse
1041 3696 1233 3769 cognosceba·
1286 3697 1574 3770 sapientiae.Attamen
1599 3691 1704 3749 extollit
1730 3706 1784 3759 me,
1813 3688 1894 3745 etiam
1922 3702 2005 3758 supra
2032 3700 2087 3753 me,

434 3796 486 3843 tur.
506 3788 606 3845 Verum
634 3788 691 3845 site
719 3787 939 3859 obtemperatum
968 3795 1022 3842 tam
1050 3785 1232 3843 eonuderatta
1286 3785 1432 3857 tranquilla
1455 3791 1483 3839 et
1500 3782 1580 3839 beata
1600 3780 1689 3854 gratia
1706 3778 1842 3851 opinionis
1863 3786 1926 3845 tute,
1955 3783 2088 3848 quatenus

433 3876 527 3950 pietati
538 3884 564 3931 et
578 3876 631 3945 piae
645 3875 854 3933 considerationi
864 3875 898 3929 eit
912 3874 947 3931 ab
961 3873 1026 3943 illis,
1042 3874 1102 3931 sire
1116 3874 1231 3941 nonsit,
1287 3873 1539 3947 tibiqualiscunque
1566 3878 1608 3927 est
1635 3869 1770 3941 dirigatur
1787 3880 1878 3923 sermo
1904 3871 2009 3934 noster,
2034 3878 2089 3920 non

433 3964 498 4019 dum
514 3978 568 4019 non
583 3963 698 4019 multum
712 3978 775 4018 mea
789 3964 903 4029 intersit,
919 3979 990 4019 rane
1003 3962 1137 4019 scribendi
1161 3976 1231 4033 ope·
1285 3972 1315 4020 ut
1324 3972 1350 4021 te
1364 3962 1476 4019 doceam
1491 3959 1537 4032 qui
1545 3958 1590 4018 rix
1606 3958 1724 4015 bumana
1746 3955 1854 4029 indiges
1874 3953 2011 4021 doctrina,
2040 3954 2089 4009 sed

432 4065 491 4108 rarn
507 4051 681 4108 insumerem.
697 4051 795 4107 Veniet
810 4066 926 4123 namque
951 4050 1081 4107 Dominus
1104 4050 1231 4107 tenebra·
1285 4060 1316 4111 nt
1330 4059 1418 4109 tecum
1434 4058 1555 4107 nostrum
1572 4056 1597 4105 et
1612 4055 1686 4103 tuum
1713 4044 1874 4102 reminiscar
1891 4042 2027 4100 dolorem.
2058 4043 2089 4097 ln

433 4154 494 4195 rurn
509 4138 668 4195 abscondita
682 4138 893 4207 illuminaturus,
907 4146 934 4196 et
955 4139 1123 4212 singulorum
1147 4139 1232 4196 meri·
1286 4140 1460 4213 cnjusnostri
1475 4138 1611 4195 sermonis
1630 4134 1744 4194 exordio
1772 4150 1805 4192 eo
1833 4141 1913 4207 pacto
1939 4132 2089 4190 convenire

435 4226 469 4284 tia
485 4227 655 4301 aqualance
669 4243 718 4284 sua
732 4228 843 4301 premia
858 4228 1047 4285 retributurus.
1077 4228 1148 4301 Ego,
1177 4229 1232 4284 du·
1285 4229 1393 4303 postulo
1408 4245 1469 4285 cum
1482 4226 1634 4283 reverentia
1653 4231 1709 4293 tua,
1738 4230 1769 4280 nt
1793 4222 1875 4281 liceat
1893 4220 1961 4277 inihi
1980 4220 2089 4277 interim

432 4322 511 4371 cente
525 4314 592 4383 Deo,
608 4321 699 4385 coepto
713 4312 838 4369 narrandi
853 4313 921 4369 calle
934 4312 1107 4387 pmgroditt·
1286 4318 1429 4375 vindicare
1463 4316 1599 4373 dulciores
1627 4322 1720 4386 partes
1747 4312 1793 4385 pie
1823 4310 2006 4384 objurgantis,
2034 4326 2090 4366 uon

466 4403 584 4461 Evaluto
598 4402 680 4476 igitur
689 4410 751 4476 post
764 4404 823 4461 hac
835 4400 972 4473 aliquanto
991 4410 1125 4477 tempore,
1156 4402 1233 4459 uenit
1286 4403 1676 4464 amarasirandesadulantis.
1705 4402 1882 4459 sanctitatem
1894 4400 2000 4472 quippe
2014 4402 2090 4455 tuam

433 4492 468 4549 ad
482 4507 534 4549 not
548 4506 618 4547 unua
632 4490 818 4548 exmonachis
841 4490 1093 4559 cantuariensibus,
1123 4491 1234 4547 nomiae
1285 4510 1368 4553 nesse
1381 4494 1462 4551 velim
1477 4493 1549 4567 qnod
1560 4490 1667 4549 animos
1681 4498 1803 4559 nostros,
1819 4504 1936 4561 quornm
1946 4488 1974 4542 in
2001 4494 2030 4543 ts
2043 4486 2090 4543 ai·

432 4580 593 4647 lirernrdns,
610 4580 736 4638 deierans
749 4579 1090 4653 linselnrolitterasregis,
1109 4580 1137 4636 in
1167 4580 1232 4650 uui·
1286 4586 1373 4641 iectus
1387 4584 1460 4640 idern
1474 4590 1524 4649 est,
1539 4580 1744 4637 immoderatior
1756 4578 1861 4635 tristitia
1876 4575 2026 4632 absorbeat
2052 4576 2088 4632 de
2170 4589 2171 4628 1

432 4670 484 4727 bus
498 4668 568 4726 idern
583 4685 630 4727 rex
645 4670 725 4741 plane
739 4668 889 4725 testabatur
901 4684 931 4725 se
954 4682 1048 4725 eorum
1072 4684 1132 4739 quae
1156 4668 1407 4757 wil-Dabsentia
1423 4680 1468 4728 tna
1489 4670 1545 4744 qui,
1574 4669 1602 4726 ni
1626 4668 1714 4736 fallor,
1743 4668 1836 4724 utilius
1857 4674 1951 4722 nostro
1975 4665 2088 4722 adessa

431 4756 548 4816 lhelmus
564 4758 673 4827 ‚dixerat
686 4756 830 4814 discedens
845 4756 880 4812 ab
902 4756 1041 4828 anselmo,
1069 4765 1097 4814 ut
1123 4756 1231 4829 prelati
1283 4760 1417 4835 periculo,
1428 4767 1458 4816 nt
1471 4759 1565 4816 saltem
1579 4761 1607 4814 te
1621 4764 1775 4815 consortem
1803 4754 1918 4812 iiliomm
1947 4754 2088 4812 discrimi-

432 4863 535 4918 snmus,
549 4855 687 4905 auctorem
701 4862 772 4914 esse,
787 4846 840 4903 hoo
866 4852 916 4915 est,
944 4854 973 4901 ut
1000 4845 1144 4902 Anseimus
1172 4850 1230 4902 An-
1284 4852 1327 4906 nis
1340 4850 1493 4916 exhiberes,
1510 4863 1593 4922 quam
1603 4854 1700 4905 nostre
1714 4845 1918 4921 quodammodo
1932 4851 1960 4900 et
1987 4843 2088 4899 lisele-

432 4937 516 5011 gliem
530 4921 585 4994 non
600 4936 753 5010 repedaret,
768 4934 821 4991 nisi
835 4950 930 4992 omnes
952 4936 1038 5007 patris
1065 4950 1097 4991 ac
1125 4934 1231 4991 tractris
1284 4938 1333 4997 siae
1347 4939 1448 4996 oblitus
1460 4936 1567 5011 injuriae
1581 4936 1681 4993 absens
1694 4934 1834 5007 permittas
1847 4948 1899 4989 nos
1917 4930 2023 4989 turbari
2050 4932 2088 4989 ad

431 5025 473 5081 sui
487 5025 697 5082 consuetudines
710 5040 740 5081 se
754 5024 794 5081 illi
808 5032 974 5082 servatumm
985 5028 1074 5097 primo
1086 5024 1231 5096 pmmitte·
1284 5028 1406 5084 hostibus
1419 5025 1533 5099 impuris
1554 5032 1582 5081 et
1605 5023 1771 5094 crudelibus,
1800 5024 1845 5095 qui
1868 5036 1920 5080 nec
1946 5021 2088 5095 pudicitie

431 5122 481 5171 ret.
497 5114 578 5184 Quod
592 5114 660 5171 dum
673 5113 822 5171 anselmus
836 5115 928 5171 facere
942 5114 1037 5182 noluit,
1054 5113 1110 5170 suis
1124 5114 1231 5185 spolia·
1284 5124 1410 5189 parcant,
1426 5132 1477 5172 nec
1491 5114 1582 5171 saluti.
1596 5114 1655 5187 ligo
1669 5114 1751 5185 plene
1765 5118 1802 5183 te,
1817 5114 1898 5169 Pater
1918 5120 2023 5184 sande,
2052 5125 2089 5169 so
2169 5131 2170 5146 ι

431 5209 473 5258 tus
483 5201 607 5276 Lugduni
622 5203 763 5273 remansit,
779 5205 883 5275 degens
901 5202 973 5261 circa
1001 5218 1075 5275 saepe
1102 5202 1231 5259 nornine·
1285 5206 1344 5278 ipso
1358 5203 1497 5261 infelicem
1509 5202 1638 5259 arbitror.
1657 5201 1782 5273 Numqui
1810 5218 1871 5258 eras
1897 5209 2000 5259 sancte
2028 5201 2090 5275 spei

433 5298 492 5347 tum
506 5291 690 5349 venerabilem
705 5292 847 5366 llugonern
865 5292 951 5365 ipsius
972 5292 1092 5350 civitatis
1121 5291 1232 5349 antisti·
1286 5294 1385 5351 fidncia
1399 5293 1427 5349 in
1442 5301 1511 5363 tuos,
1523 5293 1545 5347 si
1560 5308 1634 5347 nunc
1648 5291 1740 5365 urgeri
1751 5290 1880 5363 hugliam
1907 5298 1964 5346 tam
1992 5290 2090 5363 inopi·

433 5388 498 5448 tera,
513 5395 584 5437 anno
604 5380 713 5453 integro
735 5389 761 5437 et
781 5380 920 5437 mensibus
937 5390 1064 5453 quatuor.
1084 5379 1152 5450 Quae
1180 5396 1232 5437 au·
1287 5393 1351 5440 nato
1365 5386 1442 5439 hoste
1456 5383 1573 5455 pigeret,
1588 5388 1721 5453 quantum
1735 5379 1941 5453 ingemisceres,
1957 5389 2092 5453 qnantum

431 5477 485 5526 tem
504 5468 579 5527 rnala
600 5484 634 5525 ex
654 5468 706 5524 hoo
725 5468 828 5525 duitino
848 5470 945 5527 exsilio
960 5471 1018 5540 ejus
1036 5486 1085 5543 per
1104 5470 1232 5543 Angliam
1286 5473 1433 5532 affectares
1457 5486 1623 5540 succurrere,
1652 5468 1697 5526 rel
1722 5469 1814 5525 subire
1841 5469 1983 5527 nobiseum
2018 5484 2092 5528 nora

432 5574 538 5633 quaque
563 5558 747 5623 emerserint,
776 5558 819 5615 vel
853 5559 1007 5630 cuiusmodi
1038 5560 1129 5616 studio
1160 5559 1234 5615 illins
1287 5562 1466 5621 acerbitatum
1481 5560 1604 5631 generat
1619 5558 1724 5631 Sponte
1738 5558 1872 5617 tunnullo
1895 5558 2011 5629 penitus
2037 5574 2090 5617 eo·
2168 5553 2169 5556 ’

427 5648 523 5721 ipsum
538 5646 673 5720 exsilium,
691 5646 768 5703 multi
790 5647 905 5704 reditum
932 5648 1004 5704 illius
1034 5648 1232 5718 desiderantes,
1289 5661 1371 5728 gente
1389 5659 1497 5723 ereptus
1507 5666 1539 5706 es
1553 5649 1684 5721 perieulis
1698 5648 1792 5719 nostri,
1821 5648 1935 5708 lomes
1961 5664 1997 5706 ne
2024 5664 2092 5706 aen-

431 5753 519 5813 eaque
537 5752 567 5797 ra
583 5738 674 5795 minus
692 5738 733 5795 rei
752 5736 836 5812 ipsius
854 5738 995 5797 venialem
1015 5739 1233 5804 considerantes,
1289 5746 1354 5799 tires
1368 5758 1429 5813 que
1443 5754 1492 5797 uos
1505 5738 1622 5811 perpeti,
1637 5746 1665 5795 et
1678 5738 1753 5810 qnod
1765 5738 1877 5810 pravius
1889 5744 1940 5807 est,
1965 5745 2092 5809 spectare

432 5827 615 5901 arnesriet,
635 5826 734 5884 melius
749 5830 815 5900 puto
833 5824 957 5900 liquebit,
978 5829 1003 5883 ni
1021 5826 1113 5899 ntique
1141 5843 1175 5883 ex
1201 5825 1235 5881 iis
1289 5829 1425 5903 cogimur,
1442 5828 1585 5885 sublimari
1600 5827 1635 5884 ad
1649 5843 1743 5885 sacros
1756 5828 1866 5886 ordines
1893 5826 2027 5900 quosdam
2056 5826 2092 5883 de

433 5932 494 5993 que
508 5914 550 5975 illi
568 5930 586 5973 a
602 5915 736 5991 religiosis
749 5916 815 5979 riris
828 5930 861 5975 aa
880 5916 968 5975 Deum
991 5914 1147 5974 amanubus
1170 5914 1237 5974 scri·
1290 5918 1435 5978 euriahbus
1448 5917 1610 5988 umbrantes
1622 5916 1755 5979 mnonioa
1774 5916 1883 5989 electio,
1910 5932 1963 5975 nec
1987 5914 2091 5989 institia
