4750 6725
387 537 441 590 247
678 537 708 594 S.
722 535 873 594 hastath
889 532 1057 591 anTtJttt.
1073 527 1236 588 tttcmtat’.
1252 525 1329 584 OPP.
1345 526 1432 584 PARS
1445 527 1495 583 ΙΙΙ.
1513 555 1551 568 -
1562 523 1753 584 EPISTOLAE.
1985 519 2038 572 248

389 657 492 715 trinum
506 659 632 718 clericum
647 669 722 718 tuum
737 669 764 719 et
777 678 826 734 per
839 660 908 716 alins
923 657 1027 730 accepi,
1051 672 1102 712 nen
1128 670 1184 710 non
1201 653 1227 714 Α
1240 666 1296 708 rem
1324 657 1444 706 rostrum
1472 648 1604 706 auxilinm
1632 657 1660 705 et
1673 646 1862 705 tortitudinem
1887 640 2040 700 totocorde

389 748 424 804 de
438 747 471 804 iis
486 765 546 821 qna
574 751 645 808 circa
672 757 698 807 te
726 759 855 823 genantur
882 748 1009 805 felicitate
1036 745 1132 802 salutis
1156 751 1183 800 et
1238 738 1375 810 supplico,
1391 739 1595 812 utdignitatem
1612 737 1746 796 Ecclesiae
1774 732 1976 793 cantuariensis
2002 732 2040 786 ab

388 837 573 908 prosperitatis
600 838 708 912 agitari,
738 823 805 894 'seito
834 852 879 893 me
906 834 1087 909 congratulari
1129 848 1184 888 non
1238 827 1457 885 antecessoribus
1470 827 1568 884 vestris
1595 834 1741 897 serratam,
1772 840 1853 897 qnam
1881 823 1954 879 Deus
1981 819 2040 876 tui·

389 925 545 982 minimum.
564 928 622 983 Nec
637 943 702 984 vero
717 927 909 984 conscientiam
919 924 1117 982 benevolentia
1131 929 1184 978 ture
1238 916 1307 972 tioni
1321 924 1418 973 vestrm
1431 915 1578 985 commisit,
1608 922 1635 971 et
1661 915 1745 986 cujus
1769 916 1857 970 honor
1883 916 1975 970 vester
1987 916 2039 978 est,

389 1013 483 1082 lateat,
500 1015 637 1084 quomodo
652 1015 796 1090 contigerit
809 1015 887 1073 nobis
901 1015 935 1070 de
945 1013 1080 1085 colloquio
1091 1019 1185 1068 nostro
1238 1004 1368 1061 minorari
1382 1004 1802 1074 nonperrnittatis.1)erneoerte
1813 1000 1875 1056 dico
1886 996 2042 1068 vobiaqnia

389 1102 460 1158 inter
471 1110 548 1158 meet
559 1103 1047 1178 LodoricumFranciaeregem,soiaa
1057 1100 1185 1174 quoniam
1238 1093 1330 1165 potius
1344 1101 1456 1165 paratus
1466 1109 1526 1149 sum
1540 1093 1620 1162 mori,
1636 1101 1666 1149 ut
1694 1093 1756 1163 ejus
1783 1089 1904 1163 dignitas
1930 1088 2040 1158 integra

389 1205 442 1262 ego
457 1204 518 1246 cum
532 1191 662 1264 pleraque
677 1193 755 1265 copia
769 1193 884 1250 militum
913 1207 1045 1260 meorum,
1075 1197 1102 1246 et
1128 1188 1186 1259 ipse
1238 1189 1370 1250 servetur,
1386 1198 1468 1254 quarn
1483 1190 1512 1238 ut
1526 1199 1588 1238 mea
1602 1182 1770 1256 negligentia
1793 1179 1963 1250 aliquatenus
1976 1175 2041 1232 vio-

390 1291 453 1333 cum
481 1278 648 1348 tortitudine,
678 1297 725 1337 sua
753 1281 871 1353 undique
899 1281 1012 1337 collecte
1053 1276 1187 1334 tenuimus
1240 1270 1320 1328 letor.
1336 1269 1607 1344 Omnipotens'Deus
1624 1287 1674 1328 vos
1689 1280 1716 1328 et
1731 1278 1824 1328 restra
1838 1281 1950 1339 semper
1967 1262 2041 1320 diri-

390 1365 566 1438 cottnquium.
582 1369 640 1442 Ego
655 1375 747 1425 atatem
762 1372 873 1427 studens
886 1369 985 1426 rationi
1012 1375 1039 1424 et
1066 1365 1188 1439 equitati
1239 1366 1288 1433 gat
1301 1367 1329 1415 et
1341 1366 1475 1433 protegat.
1490 1363 1588 1416 Arnen.

389 1469 452 1510 curn
467 1454 607 1513 moderata
633 1458 793 1528 humilitate,
823 1459 970 1516 observata
996 1465 1089 1513 tamen
1114 1453 1188 1528 regia
1502 1473 1672 1532 Eppspogp
1686 1473 1772 1530 xcv,

391 1543 556 1614 austeritate,
573 1553 675 1602 tantum
692 1564 770 1618 aequo
798 1555 824 1604 et
849 1549 922 1619 justo
951 1545 1085 1620 acquievi,
1101 1544 1188 1600 donec
1401 1561 1522 1603 ansanus
1549 1562 1585 1601 nn
1613 1561 1776 1602 assentatur
1790 1558 1892 1598 rtem.

391 1631 452 1704 ipse
467 1631 537 1689 tastu
551 1643 769 1707 presumptuose
783 1636 865 1692 nimia
880 1653 911 1692 ao
925 1636 1044 1708 superba
1059 1634 1124 1690 mihi
1139 1649 1187 1688 su·
1278 1634 1413 1690 Passenni
1428 1650 1536 1690 summo
1550 1633 1682 1705 pontifici,
1698 1649 1761 1691 cum
1790 1630 1935 1688 dilectione
1955 1640 2040 1682 rere-

392 1722 577 1793 perquaesivit.
588 1723 630 1794 Et,
641 1724 679 1779 ita
693 1725 852 1797 disponente
868 1725 983 1797 Spiritus
993 1723 1078 1780 sancti
1089 1721 1187 1796 gretie,
1241 1723 1337 1792 nendo,
1353 1732 1455 1779 etcum
1470 1722 1620 1779 reverentia
1634 1723 1787 1796 diligendo,
1815 1723 1964 1776 hnsaauns
1978 1730 2040 1770 ser-

392 1809 599 1867 oollocutionem
641 1829 729 1870 meam
758 1813 842 1883 finivi,
871 1822 900 1870 ut
940 1813 1085 1870 comitibus
1122 1809 1189 1866 mihi
1241 1829 1293 1869 vus
1307 1811 1436 1868 Ecclesiae
1455 1812 1665 1882 Cantnariensis,
1694 1811 1816 1868 debitam
1842 1805 2041 1879 subjectionem

392 1899 572 1956 existentibus
586 1901 689 1958 ratione
703 1910 730 1958 et
740 1901 843 1975 justitia
859 1903 1029 1959 recesserim.
1044 1903 1085 1957 Ita
1106 1899 1187 1956 eham
1242 1917 1304 1957 cum
1319 1901 1474 1956 orationum
1489 1901 1659 1957 assiduitate.

393 1994 423 2042 ut
437 1987 491 2058 ipsi
506 2003 575 2061 quos
589 1989 647 2062 ipse
662 1991 813 2048 Lodoviens
841 1991 869 2047 in
897 1991 1075 2049 conventione
1095 1995 1229 2073 nostraB
1279 1988 1408 2057 Quemvis
1434 2004 1489 2044 non
1516 2005 1551 2046 ex
1578 1989 1680 2046 meritis
1707 1989 1786 2059 meis,
1815 1995 1905 2042 tamen
1928 1982 2041 2056 quidmn

392 2074 460 2130 mihi
474 2075 617 2149 hostagios
632 2094 665 2134 ex
679 2087 754 2151 parte
765 2080 921 2151 suaposuit,
930 2079 999 2150 parti
1013 2092 1103 2134 causae
1118 2091 1188 2130 meae
1243 2077 1305 2150 quia
1320 2077 1411 2134 vident
1426 2094 1469 2134 me
1484 2077 1512 2134 in
1526 2079 1616 2149 causis
1629 2078 1699 2135 mem
1707 2075 1906 2151 benignitatem
1920 2080 2042 2131 nestram

393 2160 551 2230 assentiant,
581 2167 608 2218 et
635 2177 747 2218 cansam
775 2179 863 2220 meam
879 2171 1014 2230 tueantur,
1030 2171 1058 2218 et
1076 2175 1189 2217 oausam
1243 2182 1353 2236 semper
1365 2166 1467 2222 habere
1479 2175 1654 2238 praesentem,
1670 2172 1766 2240 putant
1794 2183 1837 2222 me
1864 2163 1937 2235 apud
1956 2158 2041 2217 celsi-

392 2247 521 2305 Lodovioi
547 2248 685 2306 infirmant
712 2255 739 2307 et
767 2253 919 2323 reprobant.
949 2252 1091 2324 Propterea
1119 2247 1191 2304 scias
1244 2254 1364 2310 tudinem
1380 2262 1497 2310 vestram
1512 2256 1539 2310 in
1553 2256 1587 2310 iis
1602 2271 1662 2327 quae
1676 2255 1749 2312 illam
1763 2255 1863 2310 decent
1874 2251 1942 2306 siout
1967 2247 2039 2303 fide-

393 2337 522 2410 qnoniam
537 2339 676 2410 negotium
693 2342 769 2412 quod
784 2341 913 2398 interme
941 2349 967 2397 et
995 2341 1191 2412 imperatorem
1243 2342 1298 2399 lem
1325 2359 1435 2401 servum
1462 2343 1564 2416 aliquid
1591 2359 1685 2416 posse.
1714 2342 1887 2414 Quapropter
1926 2338 2044 2395 aliomrn

394 2426 579 2482 Romanomm
607 2429 782 2498 tractabatur,
811 2429 901 2503 gratia
928 2429 977 2486 Dei
1006 2430 1040 2486 ad
1060 2430 1191 2484 honorem
1245 2431 1373 2501 precibus
1387 2440 1497 2488 coactus
1512 2433 1648 2503 majestati
1663 2439 1761 2489 vestrae
1789 2431 1942 2502 supplicare
1968 2441 2048 2498 prae-

393 2513 443 2570 Dei
458 2521 631 2584 etnostrum,
660 2525 688 2573 et
715 2526 817 2576 sancte
843 2518 973 2576 Ecclesiae
1000 2527 1028 2575 et
1049 2515 1194 2573 Christiani
1246 2534 1336 2585 sumo,
1352 2519 1491 2576 utlatoris
1507 2521 1810 2592 presentium'causam
1838 2517 1931 2574 audire
1945 2515 2050 2588 digne·

392 2602 485 2675 populi
501 2605 536 2659 ad
551 2603 634 2660 finem
649 2605 839 2678 perduximus.
858 2608 899 2664 De
913 2615 1022 2676 caetero,
1037 2607 1071 2661 do
1086 2606 1118 2660 iis
1132 2621 1193 2678 quae
1247 2614 1305 2672 tur;
1322 2608 1396 2664 etde
1410 2624 1443 2664 ea
1458 2611 1532 2682 quod
1546 2609 1690 2680 sapientiae
1714 2625 1771 2665 suae
1786 2606 1915 2680 placebit,
1943 2602 2049 2676 praeri-

394 2689 422 2746 in
449 2691 547 2764 hnglia
574 2701 646 2763 sunt,
676 2696 832 2768 etquaeibi
848 2703 1002 2765 tractantur,
1018 2696 1123 2753 volout
1147 2710 1192 2750 vo·
1246 2711 1320 2766 pere.
1351 2696 1533 2769 Omnipotens
1561 2699 1635 2754 Deus
1662 2698 1692 2753 in
1718 2698 1848 2754 dintuma
1867 2692 2050 2766 prosperitate

393 2779 489 2836 luntati
519 2787 572 2838 tnae
599 2793 709 2854 pereant
737 2794 764 2840 et
793 2785 906 2841 consilio
934 2791 981 2841 tuo
995 2785 1188 2856 disponantur.
1247 2785 1419 2842 sanctitatem
1435 2795 1553 2843 nestram
1568 2787 1647 2844 nobis
1662 2793 1815 2844 conservet.
1831 2786 1930 2840 Amen.

395 2868 476 2938 Quod
490 2870 572 2926 etiam
587 2886 639 2943 ego
651 2871 812 2942 justiciariis
839 2873 939 2930 nostris
968 2873 1020 2929 leri
1043 2871 1192 2944 cognitum.
1503 2901 1676 2960 EPISTOLA
1690 2903 1785 2958 ΧΕῊΙ

396 2955 493 3013 Filium
509 2974 600 3016 meum
616 2966 642 3016 et
656 2959 739 3017 liliam
769 2962 817 3018 tibi
844 2961 995 3030 committo,
1025 2970 1054 3016 ut
1081 2964 1196 3032 paterna
1284 3004 1406 3047 “ml
1420 3007 1456 3046 A„
1471 3006 1619 3049 mom
1634 3007 1844 3047 mmmm
1859 3002 2012 3045 mmm

396 3045 543 3103 dilectione
571 3062 619 3104 eos
645 3049 751 3119 loreas,
781 3055 809 3106 el
836 3050 870 3106 de
899 3050 936 3104 iis
964 3048 1089 3106 liliastino
1103 3064 1196 3104 amore
1285 3079 1437 3135 mmm
1466 3078 1689 3150 archiepiscopus
1731 3076 1884 3134 Cautum
1923 3076 2050 3134 Smsom

396 3149 489 3194 curam
505 3151 580 3208 agas.
596 3136 676 3194 Teste
704 3137 822 3194 ltanulio
850 3138 1014 3196 cancellario
1042 3137 1115 3210 opud
1138 3139 1196 3193 Eo·
1250 3165 1379 3240 episeopo
1393 3167 1584 3241 wigornensi,
1600 3168 1729 3224 saluum·
1887 3119 1894 3148 ’

395 3223 564 3298 ‘mmmm‘
1287 3255 1342 3311 Vos
1356 3255 1433 3311 scitia
1448 3255 1514 3329 quid
1530 3256 1650 3312 Ecclesia
1664 3255 1850 3313 Eboraoensis
1876 3253 1975 3310 debeat
1997 3251 2049 3307 Ec-

653 3315 820 3374 EP¹ST0¹⁴A
842 3316 938 3374 XCIV·
1208 3343 1342 3429 ceresta
1369 3344 1564 3414 santuanensi,
1580 3353 1607 3401 a
1617 3344 1753 3417 quomodo
1768 3344 1809 3400 rtn
1817 3341 2051 3416 subjecissemus

492 3426 613 3469 ΝΜ]
627 3429 663 3469 *⁰
677 3428 821 3472 flssflfflffll'
835 3430 930 3472 ΠΜ
943 3430 1105 3472 ffifflllffl·
1251 3449 1323 3491 esse.
1352 3434 1497 3505 Postquam
1521 3450 1590 3507 ergo
1604 3436 1723 3491 Thomas
1738 3435 1842 3491 electus
1855 3440 1897 3490 est
1910 3432 2051 3503 archiepi-

435 3518 554 3576 Domino
581 3535 631 3576 suo
658 3521 821 3579 charissimo
849 3523 986 3591 Hannrno,
1030 3522 1117 3595 gretia
1149 3520 1207 3589 Dei,
1252 3537 1353 3593 scopus
1366 3522 1558 3591 Eboraoensis,
1570 3524 1809 3595 debuitrcquirere
1818 3521 2052 3579 consecrationem

401 3606 525 3679 glorioso
539 3609 597 3680 regi
611 3610 772 3683 anglorum,
801 3614 952 3668 hnsnnstus
980 3612 1200 3683 archiepiscopus
1253 3627 1341 3680 suam,
1357 3618 1384 3666 et
1398 3610 1517 3683 profiteri
1531 3612 1716 3668 obedientiam
1741 3628 1822 3684 quarn
1849 3610 1932 3667 debet
1958 3607 2054 3665 archi-

404 3695 619 3767 Cantuariensis,
636 3697 715 3756 fidele
729 3699 869 3757 servitium
897 3716 959 3758 curn
981 3700 1158 3768 orationibus,
1174 3707 1202 3757 et
1255 3698 1400 3771 episcopus
1408 3700 1754 3772 Eboraraeerchiepiscopo
1761 3709 1789 3756 et
1797 3698 1927 3755 Ecclesia
1937 3698 2054 3753 Cantus

403 3783 621 3843 benedictionem
636 3788 686 3843 Dei
701 3796 727 3844 et
741 3804 829 3856 suam,
845 3798 977 3861 quantum
993 3789 1074 3845 valet.
1254 3788 1312 3844 riae.
1324 3788 1492 3859 Contempsit
1500 3788 1593 3845 iacere
1603 3790 1676 3860 quod
1686 3788 1775 3845 iacere
1785 3788 1887 3844 debuit.
1895 3788 2055 3860 Egotamen

441 3873 549 3929 Gratias
562 3888 616 3947 agn
644 3876 821 3948 omnipotenti
849 3880 907 3934 Deo
935 3893 969 3934 ex
997 3878 1094 3934 intimo
1112 3876 1202 3934 cordis
1254 3876 1473 3934 exabundantia
1488 3876 1826 3936 charitatisinritaaieum
1848 3876 1891 3932 bis
1904 3891 1954 3947 per
1966 3874 2053 3931 oleri-

408 3959 504 4017 eliectu
520 3978 568 4033 pro
596 3964 700 4019 cunctis
729 3966 956 4037 prosperitatibus
984 3976 1010 4022 et
1028 3965 1201 4023 successibus
1255 3981 1302 4022 cos
1315 3971 1432 4035 nostms,
1449 3974 1475 4022 et
1489 3966 1568 4023 tertio
1581 3982 1632 4037 per
1645 3967 1714 4022 duos
1734 3966 1886 4037 episcopos,
1902 3970 1932 4021 ut
1946 3964 2053 4022 veniret

406 4064 475 4119 quos
490 4052 564 4105 Deus
583 4066 633 4121 per
661 4068 738 4107 suern
767 4054 886 4125 gratiam
914 4070 978 4127 erga
1006 4069 1055 4110 vos
1082 4054 1202 4125 benigne
1255 4053 1289 4110 ad
1304 4062 1419 4111 matrem
1446 4070 1524 4111 suam
1552 4056 1773 4112 Cantueriensem
1801 4053 1960 4121 Ecclesiam,
1975 4051 2054 4109 etad

406 4138 536 4211 dignatur
563 4141 678 4210 operari,
694 4149 722 4199 et
749 4158 798 4198 oro
813 4158 873 4198 eum
889 4151 917 4198 ut
931 4158 1039 4214 semper
1058 4142 1204 4199 eelsitudi·
1255 4159 1299 4199 me
1315 4144 1358 4198 cui
1372 4143 1554 4199 ministerium
1569 4143 1628 4214 ejus
1641 4145 1819 4201 commissum
1833 4152 1884 4212 est,
1907 4149 1934 4199 et
1948 4142 2054 4198 laceret

408 4242 471 4281 nem
486 4236 604 4284 nestram
619 4230 655 4286 ad
670 4231 772 4301 majora
786 4238 814 4288 et
827 4231 941 4288 meliora
953 4230 1035 4288 iaciat
1058 4232 1201 4303 proficere,
1256 4239 1283 4287 et
1297 4232 1446 4302 susciperet
1460 4234 1534 4306 quod
1548 4232 1670 4290 deberet.
1686 4232 1739 4302 Qui
1753 4233 1826 4304 qnod
1839 4231 1934 4288 debuit
1960 4229 2054 4286 lacere

407 4324 435 4371 et
448 4334 499 4389 per
512 4319 667 4374 continuam
683 4320 782 4376 terreni
797 4320 875 4393 regni
885 4322 1094 4393 prosperitatem
1103 4320 1204 4392 pordu·
1256 4320 1387 4393 neglexit,
1403 4330 1431 4377 et
1444 4322 1584 4392 respondit
1597 4338 1626 4377 se
1640 4321 1746 4379 misisse
1772 4322 1881 4378 nuntios
1907 4334 1972 4376 suos
1999 4318 2055 4375 ao·

405 4415 449 4463 oet
476 4406 511 4463 ad
539 4408 658 4465 coelestis
685 4410 763 4482 regni
792 4408 956 4466 felicitatem.
987 4410 1095 4466 Gratias
1121 4410 1204 4466 etiam
1259 4426 1342 4477 marn,
1371 4419 1399 4466 ct
1425 4410 1453 4465 in
1480 4410 1724 4475 Nortbmanniam;
1754 4411 1799 4483 qui
1828 4426 1889 4466 cnm
1923 4408 2054 4477 redirent,

406 4512 460 4569 ago
475 4496 624 4569 dignationi
639 4505 747 4567 vestrm,
763 4515 823 4570 quae
837 4498 914 4569 mihi,
930 4498 1085 4555 siouthdeli
1100 4507 1127 4555 et
1141 4514 1205 4555 vere
1258 4498 1358 4555 taceret
1374 4500 1446 4569 quod
1460 4498 1576 4555 consilio
1590 4516 1701 4555 suorum
1716 4498 1862 4570 acciperet.
1891 4497 1972 4568 Quod
1993 4512 2055 4552 rca-

407 4586 529 4643 ditectori
544 4601 605 4653 suo,
621 4586 800 4644 amicabiliter
814 4602 875 4659 quae
889 4588 962 4644 circa
990 4604 1019 4643 se
1047 4596 1118 4649 sunt.
1134 4588 1206 4643 litte-
1258 4603 1374 4659 ponsum
1389 4588 1416 4642 in
1431 4588 1484 4644 hoc
1498 4587 1608 4661 negotio
1623 4588 1802 4661 intelligimus
1820 4603 1874 4644 non
1903 4602 1963 4643 esse
1990 4600 2056 4640 sns-

405 4675 512 4731 rissuis
527 4674 699 4748 significavit,
728 4684 756 4733 et
783 4690 831 4733 cor
857 4692 948 4731 meum
977 4677 1012 4732 de
1039 4676 1133 4732 laetitia
1155 4692 1206 4731 aua
1259 4676 1396 4748 ceptibile.
1413 4677 1512 4732 Mando
1526 4692 1592 4749 ergo
1606 4676 1686 4734 vobis
1700 4675 1870 4733 sicutamico
1884 4683 1910 4731 et
1930 4674 2057 4746 professo

407 4768 436 4820 et
449 4764 630 4836 prosperitate
644 4762 798 4823 letificavit.
815 4764 894 4834 Quod
918 4768 1009 4821 antem
1038 4781 1105 4821 mere
1132 4780 1204 4821 curte
1260 4766 1391 4822 Ecclesiae
1406 4772 1515 4834 nostras,
1531 4773 1667 4822 utcontra
1681 4767 1751 4821 hanc
1765 4765 1904 4836 injuriam,
1920 4780 1982 4836 quae
1998 4778 2055 4818 non

408 4862 489 4924 atque
503 4852 640 4910 dilectioni
655 4852 740 4909 tilium
761 4862 880 4910 veebum
896 4863 923 4910 et
951 4852 1033 4909 tiliam
1058 4862 1110 4909 tarn
1139 4853 1204 4908 dili·
1258 4864 1298 4911 est
1313 4861 1415 4910 tanturn
1430 4870 1513 4925 super
1525 4870 1580 4922 me,
1599 4854 1648 4911 sed
1676 4870 1761 4925 super
1786 4869 1883 4911 omnes
1910 4853 2057 4925 episcopos

406 4948 502 5015 genter
517 4942 723 5011 commendatis,
739 4950 765 4999 et
779 4942 990 5016 qucdvoluntati
1004 4958 1074 4999 mea
1088 4956 1204 5014 regnum
1258 4950 1286 4999 et
1312 4941 1444 4999 ecclesias
1471 4940 1724 5013 archiepiscopatus
1750 4951 1778 4999 et
1804 4940 1936 5013 primatus
1957 4938 2054 5007 nostri,

407 5036 530 5087 vestrum
545 5039 571 5087 et
585 5030 697 5104 negotia
711 5032 789 5105 regni
804 5032 885 5087 vestri
912 5032 1088 5102 committitis,
1104 5046 1204 5104 quem·
1257 5048 1341 5103 snper
1354 5046 1468 5102 regnum
1483 5030 1564 5086 etiem
1587 5028 1703 5103 Angliae,
1719 5030 1778 5086 sitis
1792 5030 1858 5085 mihi
1880 5030 1908 5085 in
1923 5028 2054 5085 auxilium

404 5118 446 5177 nis
460 5119 488 5174 in
502 5118 809 5190 rnenonsitsapientia
823 5120 858 5177 nd
872 5121 925 5178 boo
939 5120 1083 5188 sufficiens,
1113 5128 1204 5176 nmen
1257 5120 1292 5176 ad
1307 5119 1540 5191 comprimendam
1564 5127 1618 5174 tam
1633 5118 1833 5176 intolerabilem
1860 5115 2054 5190 praesumptio-

406 5209 469 5280 quia
483 5207 702 5264 benevolentiam
718 5213 835 5263 vestram
850 5208 1023 5279 immensam,
1045 5214 1074 5266 et
1086 5208 1203 5281 grabam
1256 5226 1330 5266 nem.
1360 5209 1439 5264 Certa
1466 5207 1562 5280 utique
1589 5206 1624 5263 sit
1638 5214 1728 5265 restra
1741 5208 1890 5265 reverentia
1905 5206 1970 5280 quia
1983 5206 2055 5263 nihil

405 5313 472 5369 erga
497 5312 541 5352 me
569 5294 702 5369 intelligo,
732 5304 863 5369 quantum
890 5296 918 5353 in
939 5314 983 5354 me
998 5305 1046 5366 est,
1063 5306 1204 5370 gratanter
1257 5298 1330 5370 quod
1357 5296 1449 5353 iacere
1476 5296 1592 5368 possim,
1621 5304 1667 5353 aut
1694 5296 1767 5368 apud
1794 5298 1883 5353 Deum
1911 5305 1956 5351 aut
1978 5296 2054 5366 apud

403 5385 529 5457 suscipio,
559 5392 586 5442 et
613 5401 674 5457 quse
697 5384 763 5441 mihi
789 5386 964 5455 committitis,
993 5387 1043 5443 Dei
1059 5403 1201 5459 perquem
1256 5385 1380 5443 hominos
1394 5384 1538 5453 dimittam,
1567 5393 1597 5441 ut
1624 5385 1684 5442 haec
1711 5384 1770 5455 ejus
1797 5385 1951 5441 inordinata
1976 5401 2053 5455 prae-

402 5484 500 5533 cuncta
526 5475 597 5531 bene
625 5474 814 5546 disponuntur,
842 5475 1006 5532 commendo
1029 5474 1202 5546 dispositioni
1256 5474 1376 5546 sumptio
1390 5472 1563 5530 annihiletur.
1585 5474 1740 5531 Meminisse
1755 5475 1867 5530 deberet
1881 5474 1944 5545 quin
1971 5473 2054 5530 ordi-

402 5576 429 5625 et
442 5564 553 5623 auxilio.
569 5566 610 5621 De
635 5564 723 5620 electo
749 5564 931 5621 Eboraoensis
956 5565 1087 5622 Ecclesiae
1115 5566 1201 5621 archi·
1255 5580 1306 5620 nes
1321 5563 1439 5633 majores
1454 5578 1523 5634 quos
1537 5562 1619 5618 babet
1632 5563 1661 5618 in
1677 5563 1910 5634 archiepiscopatu
1937 5579 2010 5629 mco,
2026 5572 2055 5618 et

403 5658 543 5731 episcopo,
565 5654 799 5727 quemadmodum
816 5668 846 5710 se
860 5670 903 5710 res
917 5654 1012 5722 habet,
1042 5670 1091 5726 per
1118 5656 1200 5710 dom·
1254 5652 1434 5709 saeerdotium
1450 5668 1511 5706 mea
1522 5651 1648 5723 jussione
1661 5651 1790 5722 suscepit,
1818 5662 1845 5708 et
1873 5668 1935 5708 meo
1957 5652 2054 5709 farore

403 5764 467 5805 num
483 5743 683 5801 Baldeuninum
711 5741 820 5798 fidelem
849 5752 875 5799 et
900 5742 1062 5799 dilectorem
1082 5751 1200 5800 vestmm
1254 5742 1312 5811 ejus
1327 5741 1424 5798 electio
1439 5740 1508 5796 lacta
1524 5739 1582 5796 init.
1599 5740 1773 5811 Quapropter
1784 5741 1807 5796 si
1820 5749 1894 5797 recte
1921 5741 2052 5797 conside—

402 5834 562 5896 snblimitati
590 5840 688 5893 vmtrae
715 5830 778 5890 rire
804 5846 872 5891 rone
899 5830 1036 5905 significo.
1051 5832 1093 5889 nd
1117 5848 1199 5905 quam
1253 5838 1335 5901 reret,
1365 5846 1419 5887 non
1447 5845 1477 5888 sc
1504 5828 1617 5887 deberet
1644 5836 1699 5887 tam
1720 5828 1872 5887 inordinate
1886 5836 1981 5887 eontra
1995 5847 2050 5899 me,
