4750 6725
301 646 352 701 arr
714 708 720 717 ,
1078 642 1170 704 ttrr.
1900 664 1952 724 g„

301 770 464 839 devotionis,
493 786 555 826 cnm
569 766 642 841 apud
662 766 869 825 dldecbiarcum
898 768 954 839 (ib)
984 769 1143 840 hospitioA
1160 782 1289 843 mantum
1303 772 1379 847 prius
1389 778 1422 832 de
1437 777 1557 833 fraterna
1576 781 1696 849 turbatus
1706 786 1840 860 ungndia,
1852 797 1955 849 tentum

300 866 487 931 susceperunt.
518 858 625 915 Deinde
649 858 737 930 posita
778 858 806 911 in
839 856 971 913 viridario
1000 873 1103 927 mensa,
1159 868 1255 930 postea
1269 862 1304 919 ds
1320 864 1578 939 selutegevisurus.
1598 868 1637 924 Er
1653 872 1787 941 quoenim
1803 878 1956 949 supcrposi-

300 950 453 1005 ccmaaotus
468 962 517 1003 aer
529 945 698 1017 tempestatis
726 945 806 1019 signa
831 945 972 1017 praemisit.
994 944 1105 999 Turbati
1158 955 1216 1003 tum
1229 958 1269 1005 est
1282 952 1366 1007 ulceri
1385 953 1501 1027 iignum,
1517 964 1543 1011 et
1562 973 1661 1029 panem
1671 957 1867 1022 benedictionis
1883 963 1958 1022 infir·

300 1037 455 1093 discursant
469 1034 593 1103 ministri,
611 1034 675 1105 quid
688 1032 767 1089 beret
782 1050 816 1089 ex
831 1032 962 1103 appositis
974 1032 1032 1103 juna
1051 1032 1104 1087 da·
1160 1052 1223 1093 mus
1231 1040 1357 1111 comedit,
1368 1041 1406 1097 ita
1420 1043 1562 1115 explosum
1576 1055 1614 1100 est
1623 1048 1739 1117 putrida
1753 1052 1841 1107 carnis
1849 1052 1957 1111 iucom-

300 1126 383 1197 pibus
395 1125 561 1197 ignorantes.
574 1122 706 1177 Ceterum
721 1122 773 1177 Dei
788 1120 916 1189 famulus,
931 1122 1105 1177 cleransma·
1160 1124 1271 1181 modum
1281 1136 1309 1183 ut
1321 1130 1410 1186 nullus
1426 1130 1513 1198 (tolon,
1531 1134 1607 1189 nulla
1618 1136 1673 1193 illic
1687 1137 1960 1201 inlimritatisindicia

300 1228 376 1282 num,
402 1211 492 1269 erucis
517 1210 626 1283 signum
651 1209 787 1281 opposuit,
807 1216 835 1265 et
853 1209 1039 1265 imminentem
1066 1208 1105 1265 sie
1158 1227 1341 1275 remanerent.

302 1302 394 1379 abegit
408 1306 607 1371 tempestatem.
623 1298 692 1367 Qun
704 1312 740 1355 ne
758 1314 820 1354 casu
833 1296 925 1373 potius
944 1313 1025 1370 quam
1040 1312 1103 1353 rne-
1491 1292 1604 1351 CAPUT
1622 1295 1654 1352 V·

301 1390 362 1446 mis
385 1388 494 1446 um
522 1386 689 1444 inuasisse
714 1386 864 1454 ,idem
893 1387 1104 1459 ,imumque
1160 1376 1435 1445 dulcicanurtcrunr
1443 1382 1570 1453 quedam
1580 1386 1614 1441 nt
1624 1400 1656 1441 co
1665 1385 1743 1445 mato
1753 1386 1872 1463 depulsa
1878 1412 1888 1460 ,·
1901 1406 1958 1451 rnn-

299 1478 401 1551 pluuils
415 1475 625 1533 desaevientibus
639 1483 666 1531 et
680 1473 817 1543 tonitruis,
839 1474 920 1531 locus
933 1474 979 1530 ille
993 1481 1105 1546 tempe·
1161 1463 1245 1520 ‘mil'
1253 1465 1394 1523 ‘livinum
1399 1470 1509 1540 Wlffl-
1520 1472 1688 1530 mimmii
1696 1477 1756 1549 01⁸⁵
1763 1486 1957 1551 COmPWSWi·

301 1567 377 1623 statis
407 1582 514 1637 expers,
542 1572 569 1620 et
596 1580 710 1620 serenus
732 1562 900 1619 remansisse
928 1562 1100 1633 perhibetur.
1195 1552 1240 1607 ²9·
1262 1552 1387 1623 ΟΜΝ
1402 1564 1538 1627 1³¹*aeterea
1551 1560 1597 1615 dfe
1615 1560 1680 1616 dum
1706 1564 1852 1638 Pilffissief
1873 1569 1960 1627 imm

302 1656 398 1712 ΜΗ
414 1655 482 1725 (49),
512 1668 627 1729 puemm
647 1651 807 1723 quemdam,
824 1652 987 1707 monmicae
1006 1667 1107 1708 conse.
1160 1640 1338 1703 cbdomriret.
1354 1658 1387 1700 ex
1409 1656 1628 1719 urgentecausa,
1652 1640 1713 1706 en'm
1734 1656 1862 1712 monachi
1881 1658 1960 1715 enci·
2068 1719 2070 1724 ,

302 1752 407 1801 eratum
435 1740 540 1798 militiae
567 1741 698 1798 decidens
734 1756 767 1795 ex
791 1738 909 1796 cuimine
937 1736 1106 1810 campanarii
1159 1734 1293 1786 taverunt.
1309 1732 1401 1788 Abbts
1419 1741 1600 1809 tnterruguns:
1622 1733 1638 1786 's
1667 1737 1700 1795 Ut
1723 1740 1788 1810 quid
1815 1744 1878 1813 buc,
1909 1745 1958 1814 ait,

303 1830 762 1905 tmnlnprcstrnrir.10tempore
785 1828 881 1884 beatus
902 1827 987 1884 abbas
1008 1826 1106 1884 tratres
1160 1816 1242 1875 istum
1256 1816 1410 1877 adduxistis
1429 1838 1544 1895 pnemm
1564 1826 1607 1878 r»
1628 1824 1838 1899 Respondemnt
1860 1846 1960 1893 monna

302 1922 462 1979 ,isumus
490 1917 622 1975 paredum
645 1924 808 1974 accesserat,
825 1919 904 1985 Puer,
926 1916 953 1971 m
968 1932 1021 1987 quo
1035 1932 1104 1972 con·
1159 1904 1204 1961 abi
1218 1910 1398 1966 saneminem
1420 1910 1576 1969 adduxisse.
1597 1912 1828 1988 Subdiditabbas,
1845 1920 1958 1995 diceus²

304 2010 384 2067 suita
396 2006 546 2080 poilicibus
560 2022 637 2065 uenae
653 2006 807 2079 proximum
832 2004 990 2061 nuntiabant
1008 2002 1104 2060 interi·
1161 1993 1318 2068 «Nunqnid
1339 2014 1394 2054 non
1413 2000 1512 2057 videtis
1534 2000 1610 2058 illum
1625 2005 1762 2077 elegantis
1784 2007 1879 2069 formae
1892 2026 1962 2083 pue·

303 2108 371 2169 tum,
387 2096 537 2155 semiviros
549 2096 585 2151 ed
600 2110 662 2151 eum
676 2094 816 2157 delertnr;
845 2093 942 2149 iratres
957 2094 1030 2149 uelut
1053 2108 1103 2149 ex·
1118 2126 1146 2188 B
1159 2100 1221 2139 rum
1233 2084 1249 2139 i
1259 2107 1269 2133 u
1291 2086 1393 2143 liumus
1413 2102 1476 2145 cum
1491 2093 1616 2150 monachi
1636 2094 1811 2163 mirarentur,
1824 2104 1961 2156 attestan-

303 2188 429 2244 stinctum
444 2184 544 2242 delient
558 2198 681 2257 puerum,
704 2182 750 2253 qui
778 2182 823 2237 uix
838 2182 865 2237 in
894 2180 991 2238 eastris
1019 2180 1103 2251 spin'-
1161 2178 1202 2230 tes
1221 2188 1252 2230 se
1287 2177 1427 2233 nominem
1451 2191 1566 2249 prorsus
1601 2180 1707 2250 ridere,
1741 2184 1962 2245 animadvertens

304 2274 386 2332 tuelle
399 2272 502 2331 miiitiae
517 2270 609 2331 virere
619 2272 784 2328 inchoasset.
796 2270 920 2342 Denique
929 2272 992 2341 pius
1006 2268 1105 2339 abbas,
1160 2262 1246 2318 abbas
1273 2273 1411 2321 ostensum
1437 2268 1489 2328 sibi
1517 2268 1638 2325 dielnurn
1669 2271 1781 2345 ailquid,
1809 2291 1962 2334 sermonem

305 2372 395 2421 mente
422 2368 608 2432 cumpunctus,
638 2360 783 2416 contritum
812 2366 961 2414 contrectat
979 2374 1104 2429 puerum,
1161 2352 1424 2421 transmittendis,
1442 2354 1544 2412 nullam
1564 2358 1677 2414 ulterius
1698 2359 1803 2417 iaciens
1823 2362 1859 2424 de
1876 2382 1963 2436 puero

305 2468 355 2524 pro
370 2452 507 2524 exsequiis
521 2448 661 2520 obsequiis
675 2447 785 2515 insistit,
801 2454 828 2503 ct
843 2446 876 2502 ad
892 2446 991 2502 ostium
1005 2446 1107 2502 dirinae
1159 2442 1337 2497 mentionem.
1360 2442 1448 2499 Credo
1462 2442 1487 2500 ei
1504 2446 1660 2518 apparuisse
1676 2448 1817 2509 custodem
1838 2452 1964 2527 corporis

304 2540 414 2617 pietatis
440 2539 540 2595 Christi
567 2536 702 2611 procurrit
735 2536 835 2592 curisti
856 2542 1010 2606 veteranus,
1036 2542 1109 2589 tanta
1161 2528 1345 2603 suiangelnm
1361 2532 1421 2601 Dei,
1449 2533 1527 2605 cujus
1549 2536 1681 2605 excubiis,
1704 2541 1879 2597 eteerierum
1899 2548 1962 2598 ten-

304 2644 415 2703 precum
430 2627 560 2683 instantia
570 2632 635 2681 ntet
648 2640 735 2695 puero
750 2626 836 2692 salus,
852 2631 879 2679 et
904 2638 971 2700 puer
985 2638 1107 2681 conren-
1162 2620 1280 2674 tamenta
1295 2628 1465 2691 potestatum,
1485 2622 1690 2680 etimminentia
1704 2626 1827 2701 corporis
1840 2630 1964 2700 pericula

307 2718 346 2775 tui
358 2716 527 2774 redderetur.
1162 2706 1328 2768 declinabat.
1348 2708 1497 2769 Undecum
1506 2712 1744 2782 apudlierziacum
1754 2718 1811 2788 (51)
1826 2734 1856 2773 se
1870 2718 1964 2791 sapori

341 2807 388 2865 28.
422 2802 532 2861 inritati
561 2802 716 2875 complores
740 2800 897 2873 hujusmodi
916 2798 1108 2857 miraculorum
1163 2794 1293 2865 dedisset,
1323 2798 1448 2871 angelice
1480 2808 1616 2873 protectus
1652 2803 1784 2874 custodie,
1822 2807 1964 2878 multiplex

311 2894 465 2969 praeconiis,
486 2908 548 2949 eum
571 2892 665 2947 videre
686 2890 888 2962 preoptabant,
908 2888 933 2946 ci
957 2889 1107 2959 adherere,
1162 2884 1259 2941 mortis
1283 2886 1430 2946 discrimen
1453 2890 1547 2946 erasit.
1564 2888 1686 2961 Repente
1710 2907 1827 2965 namque
1852 2897 1964 2953 turbato

306 2994 333 3041 et
357 2982 537 3041 sanctissimis
571 2980 631 3051 ejus
658 2978 761 3036 erudiri
783 2978 967 3035 documentis.
1002 2977 1109 3049 Quippe
1163 2986 1231 3029 aere
1240 2981 1440 3049 consurgentes
1451 2978 1535 3046 venti,
1549 2979 1622 3034 uelut
1641 2979 1796 3038 conflictum
1816 2984 1965 3053 quemdam

308 3082 364 3130 tota
379 3074 438 3144 ejus
454 3071 518 3135 vita,
532 3070 619 3125 sacris
633 3084 683 3139 per
697 3067 834 3137 institutis,
852 3074 907 3122 tota
922 3066 1107 3139 ejusconuer-
1162 3060 1232 3119 inire
1259 3074 1411 3135 cocpemnt;
1445 3065 1611 3139 frequentior
1638 3066 1769 3125 desevire
1801 3074 1962 3142 comssatio,

309 3160 379 3218 satio
394 3162 473 3216 beate
487 3156 596 3214 uiuendi
605 3156 791 3231 magisterium
803 3154 864 3210 tuit.
876 3152 1009 3210 Nullarel
1020 3168 1109 3225 pauca
1163 3148 1299 3223 lapidibus
1312 3160 1339 3208 et
1353 3154 1603 3227 grandineconcuti
1618 3156 1725 3225 domus,
1740 3158 1832 3214 volare
1848 3159 1964 3217 fulmina

306 3252 383 3307 luere
397 3247 574 3311 monasteria,
591 3260 652 3321 quaa
664 3260 719 3300 non
732 3243 902 3315 profecerint
916 3242 973 3312 ejus
990 3242 1108 3299 circnm-
1163 3240 1261 3311 quibus
1273 3257 1324 3298 nec
1339 3242 1529 3299 dormitorium
1544 3243 1642 3317 patris,
1657 3246 1800 3303 adhaerens
1824 3248 1962 3319 ccclesiae,

306 3338 407 3412 spectis
434 3334 651 3393 institutionibus
678 3340 725 3390 ant
746 3332 887 3404 exemplis.
913 3330 1109 3388 convenientes
1161 3327 1292 3386 intactum
1312 3331 1450 3405 reinausiq
1466 3332 1533 3390 illud
1548 3332 1619 3388 enim
1635 3333 1677 3393 vis
1695 3335 1847 3410 irrumpens
1867 3337 1961 3394 fulmi-

305 3437 396 3486 autem
411 3427 447 3482 ad
461 3441 490 3482 se
508 3425 656 3481 monachos
680 3423 723 3479 rel
748 3421 870 3486 abbates,
886 3435 968 3495 quam
994 3429 1109 3492 patemo
1162 3417 1214 3484 nis,
1229 3428 1283 3474 tam
1299 3421 1410 3494 vaganti
1425 3422 1547 3477 discursu
1570 3421 1714 3494 praelatum
1735 3435 1902 3496 perscrutata
1921 3435 1962 3483 est

305 3516 532 3587 complecteretur
560 3511 669 3580 adactu,
697 3525 778 3582 quum
805 3507 966 3564 sufficienter
978 3523 1107 3579 quaeren-
1123 3472 1147 3543 0
1163 3505 1331 3564 domicilium
1347 3516 1384 3574 ut,
1396 3525 1447 3582 par
1457 3509 1617 3566 miraculum
1633 3508 1734 3579 dicem,
1746 3520 1800 3568 tres
1810 3515 1837 3568 in
1853 3516 1962 3573 lomace

307 3607 377 3662 tibus
404 3603 591 3675 responderet,
619 3615 700 3673 quem
714 3599 759 3671 pie
783 3599 901 3669 aperiret
925 3595 1106 3668 pulsantibus,
1161 3611 1271 3672 pueros,
1287 3604 1314 3651 et
1328 3597 1399 3654 inter
1411 3595 1536 3652 flammas
1550 3599 1692 3654 sevientes
1705 3607 1827 3656 sanctum
1841 3601 1892 3668 Dei
1900 3621 1963 3661 con·

306 3691 416 3752 didicile
431 3689 624 3762 estenplicare.
641 3689 716 3745 luter
731 3703 799 3757 quos
820 3685 1023 3742 suessionensis
1051 3685 1106 3754 (50)
1161 3693 1310 3741 servatum.
1339 3686 1483 3758 degebant
1509 3685 1656 3744 discrimen
1679 3698 1811 3745 caementa
1838 3691 1917 3755 simul
1936 3701 1962 3752 et

306 3783 395 3840 abbas
407 3781 440 3836 ad
455 3783 601 3852 primatem
610 3775 951 3848 monasticaepersectionis
963 3772 1107 3840 accedens,
1162 3767 1271 3845 lapides
1299 3772 1420 3849 undiquc
1448 3782 1612 3841 corruentes,
1645 3791 1714 3846 quos
1754 3776 1875 3835 fulminis
1908 3781 1964 3841 icta

304 3871 491 3945 presbyterum
517 3867 674 3940 quemdam,
710 3865 817 3920 Petrum
850 3864 970 3930 nominc,
1004 3861 1109 3916 itineris
1162 3868 1242 3932 rupta
1258 3864 1377 3918 maceria
1392 3863 1466 3919 circa
1481 3863 1659 3920 dormientem
1674 3863 1844 3923 diffundebat
1872 3869 1962 3926 abba-

305 3957 549 4022 comitemhabuit,
565 3955 666 4011 dudum
693 3955 723 4010 a.
749 3951 871 4024 lingosus
900 3949 1108 4007 iamiliaritntem
1161 3958 1227 4005 tem.
1243 3952 1440 4007 Discum-ebant
1456 3951 1561 4022 lemnii,
1584 3953 1711 4010 monachi
1723 3954 1906 4024 querebantur
1919 3960 1963 4016 vei

305 4054 467 4106 assecutum.
497 4043 557 4114 Qua
583 4059 616 4100 ex
645 4041 826 4097 lumiliaritnte
841 4042 1109 4108 meuriuseumpre·
1162 4038 1290 4095 ebmtum
1302 4040 1380 4096 ruina
1398 4049 1426 4096 et
1444 4039 1594 4111 lapidibus,
1610 4043 1656 4098 rel
1682 4041 1747 4116 igne
1771 4055 1962 4118 consumptum

305 4138 402 4208 sbptcr
422 4135 556 4191 allocutus
573 4149 580 4187 ι
597 4131 716 4198 Scimus,
745 4129 844 4200 inquit,
874 4137 908 4196 te,
939 4127 1108 4184 sanctissime
1162 4127 1293 4184 abbatem
1309 4131 1464 4200 opinantes.
1480 4129 1632 4186 llienutem
1644 4131 1962 4205 diuinisprotectusex-

306 4227 395 4294 Pater,
418 4237 510 4279 curam
538 4235 633 4294 gerere
659 4219 830 4284 miserorum,
855 4225 881 4273 ct
909 4217 986 4287 juxta
1013 4229 1109 4271 rocem
1161 4217 1260 4284 subtis,
1289 4233 1339 4273 nec
1366 4218 1479 4288 strepitu
1505 4235 1642 4290 soporem,
1685 4235 1736 4276 nec
1768 4223 1965 4293 populantibus

306 4313 444 4386 Apostoli,
460 4325 521 4368 oum
542 4307 744 4364 infirmantibus
771 4303 907 4361 infirmari
923 4305 959 4376 (lt
982 4303 1045 4360 Cor.
1065 4318 1106 4370 nr,
1161 4305 1277 4360 dammis
1287 4304 1442 4376 sospitatem
1456 4307 1555 4362 amisit.
1573 4307 1613 4362 lta
1628 4307 1677 4363 liei
1694 4323 1800 4378 serens,
1827 4311 1962 4370 horrendo

304 4403 362 4474 29).
380 4397 559 4472 Undeetpro
575 4395 696 4469 quodam
714 4395 874 4450 fratremne
889 4391 1039 4448 adustium
1056 4399 1108 4447 tuae
1161 4393 1356 4465 circumseptus
1379 4393 1515 4463 moendio,
1547 4395 1644 4452 uirtute
1666 4399 1815 4468 promeruit
1839 4399 1960 4474 liberari,

305 4491 416 4564 pulsans
428 4484 633 4554 misericordiae,
649 4484 735 4540 suerin
750 4481 916 4538 orationibus
932 4481 984 4536 tuis
999 4479 1109 4536 miserie
1162 4489 1189 4537 et
1202 4481 1308 4538 illaesus
1335 4483 1429 4539 exirit.

304 4577 444 4637 subveniri
460 4575 585 4648 deploro,
601 4589 681 4656 quem
695 4571 830 4644 putridum
851 4569 957 4640 r'ulnus,
974 4576 1002 4632 et
1028 4567 1110 4628 brius
1197 4575 1242 4626 99.
1264 4572 1376 4643 neptum
1396 4572 1471 4629 iden
1485 4572 1563 4628 Pater
1575 4571 1602 4627 in
1617 4572 1677 4629 aliis
1689 4575 1773 4635 etin
1786 4584 1962 4637 succensens

305 4668 459 4726 muniamus
487 4679 627 4736 occupans
645 4667 745 4732 partes,
776 4660 804 4716 'sn
836 4657 1035 4730 desperationis
1061 4656 1107 4714 di·
1161 4661 1300 4731 periculis,
1311 4659 1423 4732 ejusque
1447 4676 1526 4718 secer
1553 4663 1693 4730 transitus,
1722 4665 1768 4736 qui
1799 4668 1963 4741 munima

304 4757 422 4816 numen
434 4752 557 4810 adduxit.
585 4748 705 4806 undem
721 4749 783 4822 pius
812 4749 895 4802 Pater
909 4745 1107 4802 miserabilibus
1160 4745 1318 4809 infirmitate
1330 4749 1473 4809 ridebatur
1485 4749 1638 4819 imminere,
1659 4761 1811 4810 conuentus
1828 4755 1962 4816 interece-

305 4843 406 4904 cedens
418 4837 666 4908 umecrauuuibua,
680 4853 779 4912 panem
794 4836 840 4908 qui
860 4835 895 4892 dc
914 4849 1010 4894 mensa
1024 4827 1149 4908 ipsiusD
1165 4839 1257 4907 sione,
1269 4844 1299 4894 et
1319 4837 1487 4910 sumptuosis
1507 4838 1741 4912 &amoenamus
1768 4846 1908 4914 expensis,
1933 4845 1966 4904 in

305 4932 485 5005 eminere,
502 4928 596 4987 aiinrri
609 4926 753 4998 precepit,
773 4927 884 4984 allatuin
897 4924 1045 4990 inmaduit,
1061 4923 1109 4980 ‹le-
1163 4927 1601 4985 macilentissimum.
1619 4927 1744 4997 Quodam
1757 4945 1879 5002 namque
1889 4940 1964 4989 tesn-

305 5023 347 5080 dit
366 5020 542 5078 benedictum
557 5015 692 5073 snomduti
708 5031 716 5079 ;
732 5013 992 5082 dediteietpartem
1007 5011 1107 5082 baculi,
1162 5029 1241 5086 pure,
1258 5015 1617 5090 baugenciacensem
1642 5016 1755 5073 affictus
1783 5019 1908 5078 molestia
1931 5027 1964 5077 ut

306 5121 389 5184 quem
412 5124 496 5164 manu
524 5114 644 5180 gestare,
667 5118 720 5176 quo
740 5101 884 5160 euremari
912 5107 1103 5158 consueverat.
1162 5103 1308 5160 imminens
1331 5103 1534 5161 incommodum
1549 5104 1611 5162 rita·
1625 5103 1778 5176 desperatio
1792 5117 1963 5182 sequereturr

306 5198 416 5269 Qubus
430 5197 482 5266 ille
490 5194 623 5266 acceptis,
635 5193 668 5252 in
677 5207 727 5264 spe
739 5189 855 5250 dmuict
867 5187 924 5248 ide
943 5189 1111 5264 regreditur,
1162 5191 1305 5260 demedio
1316 5193 1425 5261 munds,
1443 5191 1490 5264 qui
1504 5190 1636 5252 cluniaca
1650 5194 1769 5264 adjacet,
1785 5197 1864 5267 quasi
1874 5197 1963 5258 iratri-

342 5394 398 5476 (lu)
421 5387 656 5460 'didecbiarcum
690 5385 732 5444 lib
753 5385 798 5444 oni
837 5385 864 5441 in
898 5383 967 5454 vna,
993 5382 1103 5455 antiqua
1194 5385 1250 5453 tuot
1278 5384 1457 5512 li'cgrrpphum
1485 5389 1603 5442 nostrum
1639 5384 1844 5456 Suecionensis,
1864 5385 1962 5448 melius

305 5467 423 5532 Cluniae,
440 5465 517 5522 locus
540 5477 595 5524 non
609 5457 733 5532 nucula
751 5457 853 5528 ,asilea
867 5455 953 5512 situs:
970 5463 1012 5512 est
1035 5469 1104 5526 crgo
1158 5459 1251 5529 utique
1266 5473 1347 5527 quam
1382 5455 1545 5522 ccionensis,
1561 5458 1599 5513 uti
1614 5457 1776 5529 impressum
1804 5461 1836 5515 in
1857 5461 1963 5517 biblio-

303 5533 460 5593 dltenkircb
487 5535 609 5614 quinque
649 5529 801 5586 miliaribus
825 5528 939 5596 distans,
964 5525 998 5580 ad
1027 5526 1104 5580 illam
1158 5526 1964 5602 theca,-quosautemSuessionensisS.Crispiniabbatie,

304 5609 417 5664 tluvium
433 5605 538 5672 ,dinen
562 5611 652 5660 autem
666 5600 811 5656 Germanis
836 5597 978 5654 ecclesium
997 5593 1105 5668 siqnin-
1159 5609 1221 5656 anre
1246 5597 1468 5654 sustentationem
1496 5597 1560 5653 anni
1585 5601 1665 5664 ΗΜ,
1691 5600 1804 5656 abbates
1821 5601 1949 5656 habuerit

304 5685 363 5744 cat,
392 5695 409 5732 a
432 5692 498 5736 uoce
523 5673 619 5734 umen
640 5671 783 5756 Knprusbu,
810 5669 995 5736 licininicum,
1013 5676 1042 5722 ut
1058 5681 1104 5722 no·
1158 5671 1309 5746 ignoratur.
1322 5668 1460 5726 celebrior
1471 5667 1573 5724 itidem
1589 5678 1630 5726 est
1644 5671 1703 5752 alia·
1715 5669 1743 5728 S.
1764 5670 1898 5752 liedardi,
1911 5641 1964 5750 sed

304 5760 364 5815 lunt
376 5755 510 5828 plerique,
522 5770 592 5826 quus
606 5754 644 5810 ad
666 5751 806 5828 iudicium.
821 5764 921 5808 vocare
934 5753 1103 5828 nonlraeet.
1159 5749 1232 5822 extra
1256 5755 1348 5797 munos
1371 5755 1431 5811 qtae
1445 5753 1501 5797 non
1528 5740 1610 5797 sotlec
1631 5755 1742 5798 nomme
1755 5741 1960 5798 Summum,

343 5821 744 5901 itallamdumpciuratusin
767 5817 1103 5900 nummiodunensndtec-
1159 5827 1266 5872 uenire.
1339 5880 1345 5894 ·
1482 5880 1487 5892 ι
1610 5882 1617 5894 ·
1812 5881 1819 5894 .
1941 5881 1949 5892 ι

305 5899 372 5967 ῢθῠίι
395 5913 469 5958 eune
493 5899 545 5954 999
574 5908 701 5958 maenus
729 5891 899 5954 cluniacensi
918 5888 1043 5950 coennltrc
1069 5887 1105 5946 ab
1194 5883 1249 5965 (bt-t
1272 5883 1583 5966 bemacumpnoratus
1609 5898 1637 5939 tn
1662 5899 1728 5957 agro
1757 5881 1967 5958 ldauseenenst„

305 5965 570 6046 Beuenetpiswpo,
586 5963 947 6046 e0·tie.‹ptoantu1ueupra.
1159 5955 1188 6011 in
1202 5955 1326 6027 epusdem
1341 5965 1458 6035 nominis
1472 5953 1585 6034 oppido.
1623 6029 1626 6036 =
