4750 6725
356 494 409 549 ild
1133 484 1228 540 vlla.
1955 499 2012 557 911·

353 615 485 674 seaeritas
497 612 634 671 excedens
656 612 815 669 haberetur.
835 612 937 684 Spiritu
950 626 1016 669 vero
1028 611 1149 684 pmpbe-
1164 609 1194 675 Α
1209 612 1283 681 dam,
1298 611 1421 684 seipsum
1446 613 1475 668 iu
1489 614 1607 689 quadem
1621 614 1688 673 silva
1701 616 1808 675 necavit
1822 636 1828 673 :
1845 628 1904 677 erat
1917 628 2005 679 tamen

354 704 399 762 tie
420 704 577 761 discernere
605 703 635 757 io
662 700 774 757 novitiis
784 701 963 773 solebat,qui
986 708 1079 758 esseut
1092 700 1152 755 lru-
1207 698 1356 759 iracundie
1383 702 1484 775 gravis,
1514 718 1568 773 qua
1587 704 1648 775 ejus
1672 706 1860 779 complexione
1890 716 2006 769 tentator

354 792 436 849 menti
457 791 607 849 stabilitate
633 788 779 858 solidandi,
807 797 833 845 et
853 788 900 861 qui
926 796 1054 861 tanquam
1068 788 1153 860 palear
1207 786 1348 857 excitatas,
1364 787 1435 845 lorte
1450 789 1608 861 prevaluit.
1621 793 1708 861 llujus
1719 795 1810 851 anima
1824 796 1859 852 od
1871 797 2004 866 iudicium

354 881 449 955 spiritu
465 879 587 953 maligno
611 877 775 936 vapulandi.
794 877 920 949 Quodam
938 892 1005 934 vero
1019 885 1151 948 tempore,
1205 884 1293 949 rapta,
1309 884 1506 945 accusatorem,
1532 882 1747 951 praetendentem
1770 885 1844 955 (101)
1866 885 2005 945 cultellum

353 986 416 1028 cum
430 966 795 1041 essetapndllarciniacum,
811 967 938 1035 albaneto
951 964 1003 1021 sibi
1018 962 1152 1037 praeclaro
1205 964 1384 1033 necatorium,
1414 966 1543 1023 infestum
1570 967 1674 1025 babuit.
1702 970 1851 1028 nisarsne
1872 973 2005 1047 prodigus

351 1058 481 1117 anselmo
523 1055 709 1113 cantuariensi
731 1054 947 1125 archiepiscopo,
971 1053 1017 1123 qui
1043 1061 1153 1125 propter
1205 1052 1314 1121 euimae,
1336 1063 1431 1110 exutus
1459 1055 1604 1125 acuculla,
1634 1058 1784 1128 apostolica
1811 1060 2004 1121 intercessione

348 1147 480 1221 iustitiam
493 1146 529 1201 ab
552 1144 790 1217 archiepiscopatu
812 1149 934 1200 semotum
948 1141 1152 1212 incendebatur
1204 1141 1320 1199 obtinuit
1348 1150 1480 1215 quatenus
1508 1152 1570 1200 aule
1597 1144 1737 1202 innuitum
1765 1147 1876 1205 claustri
1898 1150 2004 1207 Clunia·

350 1235 529 1307 ejussolatio,
556 1233 648 1292 divim
669 1233 834 1290 revelatione
851 1230 1016 1300 admonitus,
1032 1238 1149 1287 mortem
1205 1231 1296 1287 censis
1310 1239 1365 1287 tam
1390 1231 1436 1288 diu
1450 1240 1582 1301 maneret,
1599 1234 1734 1290 cucullam
1748 1235 1853 1293 hebens
1867 1238 1897 1295 in
1910 1238 2001 1295 mani-

345 1324 481 1383 Willelmi
500 1322 694 1397 regisllngliae
709 1328 927 1379 momentaneam
942 1317 1162 1390 praenuntiariu·
1203 1316 1262 1389 bus,
1290 1318 1378 1377 donec
1402 1320 1529 1390 precibus
1558 1320 1587 1376 S.
1609 1321 1733 1393 lingonis
1761 1331 1787 1381 et
1801 1324 1914 1383 trabum
1927 1326 2003 1391 illam

345 1420 373 1470 et
386 1420 416 1468 ut
435 1411 607 1483 predixerat,
631 1409 740 1467 accidit.
755 1410 825 1465 Nam
845 1407 972 1465 dumille
997 1423 1049 1479 per
1061 1406 1148 1463 saltus
1205 1416 1356 1464 mereretur
1367 1408 1479 1465 induere
1500 1416 1527 1465 et
1540 1410 1664 1466 ordinem
1687 1428 1765 1469 suum
1787 1414 1918 1485 recipere.
1935 1415 2002 1487 Quae

346 1503 456 1575 fugaces
480 1514 576 1557 servos
601 1498 732 1573 sagittare
751 1497 878 1571 gestiret,
907 1496 1045 1570 saggitam
1058 1494 1148 1553 sabito
1202 1492 1317 1553 didmus
1343 1497 1426 1553 irater
1453 1496 1565 1569 quidem
1579 1498 1607 1555 in
1621 1498 1725 1556 risione
1754 1502 1933 1573 conspiciens,
1949 1505 2002 1563 do·

345 1590 375 1647 in
387 1589 471 1647 eorde
485 1587 603 1660 suscepit
616 1601 671 1659 qua
684 1585 764 1642 miles
781 1602 848 1643 snus
860 1600 972 1643 cervum
985 1584 1147 1656 impetebat.
1201 1583 1276 1641 mino
1290 1584 1382 1641 abbati
1397 1584 1531 1642 nuntiavit
1542 1604 1549 1650 ;
1573 1601 1629 1641 non
1642 1594 1734 1645 minen
1747 1590 1839 1647 statim
1854 1598 1885 1648 ut
1898 1592 2001 1655 debuit.

348 1678 412 1737 Alio
426 1684 560 1750 tempore,
589 1691 653 1733 cnm
674 1674 805 1732 dormiret
832 1673 905 1731 idern
919 1676 1009 1742 Pater,
1037 1671 1107 1729 vidit
1118 1671 1147 1728 in
1201 1672 1336 1744 Quocirca
1362 1674 1535 1747 intempore
1567 1673 1758 1749 Rogatianum,
1788 1680 1915 1751 quoniam
1942 1699 2004 1754 quae

345 1781 443 1825 sumno
456 1765 508 1821 suh
521 1763 611 1836 capite
625 1780 674 1821 suo
687 1763 791 1821 cubare
812 1762 980 1833 serpentium
995 1759 1146 1818 multitudi·
1200 1760 1308 1817 viderat
1343 1760 1467 1817 nuntiare
1495 1761 1644 1832 distulerat,
1672 1765 1830 1837 verberibus
1853 1768 1946 1841 utique
1968 1771 2004 1831 ad

348 1854 601 1917 cameriensem
618 1850 664 1925 qui
678 1854 729 1907 sub
742 1849 834 1923 capite
853 1850 993 1908 excutiens
1006 1859 1033 1909 et
1048 1852 1147 1924 exqui-
1198 1848 1397 1923 pmpalandum
1425 1850 1583 1923 compulsus
1598 1861 1656 1917 est:
1673 1853 1779 1911 caeteris
1801 1856 1836 1911 ed
1850 1859 2001 1928 processio-

346 1959 410 2001 reus
434 1943 587 2014 supposita,
615 1940 718 1997 invenit
745 1940 848 1996 librum
875 1940 995 1997 blaronis
1022 1940 1094 1999 forte
1108 1941 1146 1997 ibi
1162 1954 1267 2025 Bnem
1294 1938 1430 2009 euntibus,
1459 1939 1535 1997 solus
1562 1941 1591 1996 in
1623 1941 1706 2001 choro
1734 1943 1874 2015 remansit,
1909 1954 2004 2019 utpote

348 2033 522 2092 collocatum.
551 2032 614 2087 ldox
632 2030 740 2101 abiecto
765 2029 889 2085 seculari
914 2028 1011 2086 codiee
1034 2029 1063 2086 io
1077 2046 1145 2102 pace
1205 2026 1330 2085 claudus.
1346 2028 1480 2099 apparuit
1493 2028 1522 2085 S.
1552 2028 1634 2087 Odilo
1648 2031 1739 2087 eidem
1764 2032 1890 2105 vigilanti
1904 2035 1998 2095 visibil

345 2121 460 2196 quievit,
475 2119 658 2193 cognovitque
684 2117 797 2175 modum
811 2116 933 2175 materias
946 2116 1021 2189 libri,
1043 2118 1147 2177 visioni
1200 2114 1291 2173 forma
1305 2130 1368 2174 curn
1396 2116 1503 2173 duobus
1529 2118 1615 2190 viris;
1631 2126 1658 2175 et
1686 2135 1749 2177 ecee
1773 2120 1844 2179 laum
1867 2123 2000 2196 oratione,

343 2218 485 2283 congruas,
510 2224 603 2280 quem,
614 2206 831 2264 obscenitatibus
844 2213 872 2261 et
894 2206 1036 2278 gentilium
1050 2208 1148 2263 ritibus
1201 2204 1249 2261 illo
1259 2212 1355 2263 vocato
1371 2205 1523 2276 Capitulum
1538 2206 1677 2280 ingressus
1691 2215 1743 2277 est,
1759 2209 1903 2283 fratrisque
1916 2213 2002 2287 pigri-

348 2299 470 2369 plenum,
499 2297 642 2370 iudignum
661 2299 721 2351 erat
746 2294 876 2352 cubiculo
896 2295 984 2352 sancti
1011 2295 1062 2354 viri
1075 2296 1145 2353 sub·
1201 2292 1265 2351 tiam
1281 2292 1440 2365 increpavit,
1457 2310 1557 2369 magna
1571 2296 1725 2368 asperitatis
1738 2296 1912 2355 vehementia
1925 2317 2000 2372 prm-

346 2385 439 2443 stemi.
469 2384 586 2455 Quidam
615 2384 708 2455 imter,
737 2382 847 2441 nominc
860 2384 1005 2440 Durannus
1031 2384 1067 2442 de
1081 2386 1146 2442 liro·
1200 2381 1305 2453 cipieus
1332 2381 1517 2439 assessoribus
1530 2382 1587 2439 suis
1614 2384 1713 2441 acritm
1740 2384 1780 2441 illi
1800 2385 1901 2444 inlerre
1914 2388 2001 2447 disci-

343 2476 399 2531 don
413 2475 500 2547 (101),
518 2473 591 2547 prius
613 2471 697 2530 idiota
711 2487 856 2545 apparens,
873 2472 1050 2545 postmodnm
1066 2474 1144 2545 blop-
1200 2470 1312 2545 plinam.
1328 2471 1391 2528 Post
1404 2470 1512 2529 lianim
1532 2480 1670 2546 correptus
1691 2473 1826 2532 nuntiavit
1839 2475 1931 2534 abbati
1946 2485 2001 2537 tem

342 2562 431 2621 sensis
444 2562 532 2621 abbas
545 2577 598 2619 non
613 2562 791 2636 incongruus,
809 2562 909 2619 dehinc
928 2562 967 2618 ad
980 2563 1145 2622 Tolosanum
1200 2560 1335 2618 visionem
1363 2576 1444 2631 quam
1471 2560 1516 2617 sui
1543 2558 1727 2619 afflictionem.
1763 2562 1910 2623 0001000100
1937 2564 2001 2638 pius

341 2653 531 2726 episcopatum
554 2651 695 2723 sapientiae
710 2651 895 2724 praerogativa
907 2655 1060 2723 promotus,
1076 2652 1147 2709 iuter
1201 2650 1281 2705 Pater
1302 2648 1491 2722 eleemosynis,
1515 2650 1641 2722 precibus
1665 2650 1801 2707 ethostiis
1820 2653 2001 2725 100010010-

342 2742 488 2813 operarios
513 2741 686 2815 agriculture
707 2740 759 2796 Dei
773 2739 869 2797 merito
889 2740 1081 2798 sollicitudinis
1097 2742 1144 2798 in·
1200 2736 1273 2809 cepit
1286 2738 1420 2808 insistere,
1435 2753 1576 2813 meusque
1596 2745 1733 2810 spectrum
1749 2740 1803 2797 alia
1815 2740 1922 2819 visione
1936 2758 1999 2803 cum

342 2830 449 2887 dustria
464 2829 573 2888 claruit.
589 2828 932 2903 llic,circumspeclnsper
945 2831 1146 2900 caetera,verba
1199 2826 1292 2881 habitu
1320 2841 1397 2883 sacro
1425 2826 1560 2899 apparuit,
1575 2834 1602 2883 et
1629 2842 1727 2900 corpus
1754 2830 1910 2889 coemelerio
1937 2846 1995 2891 nou

337 2919 423 2976 risum
437 2918 572 2975 moventia
594 2934 668 2990 saepe
691 2917 825 2973 incautius
845 2917 1011 2991 proferebat.
1034 2918 1096 2989 Qua
1108 2920 1145 2978 de
1195 2912 1490 2989 judicaturindignum
1506 2916 1592 2985 (108).
1931 2990 1934 2996 Ι

341 3007 549 3064 reveneraudns
577 3006 655 3062 Pater
668 3005 748 3079 llugo
758 3006 898 3064 multoties
912 3022 975 3063 enm
988 3008 1143 3079 increpans,
1235 3002 1261 3057 8.
1282 3001 1400 3076 Contigit
1423 3003 1570 3074 aliquando
1584 3002 1614 3062 S.
1638 3004 1783 3079 lingonum
1809 3006 1999 3068 eucharistiam

345 3111 398 3152 nec
411 3092 644 3166 satisprolicieus,
660 3094 696 3149 de
719 3094 808 3151 futuro
830 3094 1010 3152 interminans
1021 3097 1144 3168 prophe·
1199 3090 1347 3162 prebuisse
1371 3090 1480 3148 cuidam
1505 3091 1624 3163 leproso,
1649 3093 1832 3151 communioni
1858 3096 1999 3153 hominum

341 3182 393 3240 tice
420 3183 460 3239 sic
483 3182 591 3255 iuquit:
620 3205 632 3231 ι
668 3181 758 3248 Certe,
787 3182 870 3239 irater
895 3183 1064 3252 charissime,
1089 3181 1146 3241 nisi
1200 3178 1378 3251 corporaliter
1400 3179 1549 3251 subtracto,
1575 3188 1640 3237 tuuc
1663 3196 1728 3239 vero
1759 3184 1998 3257 communicanti3

340 3271 447 3328 ludicra
470 3269 567 3339 verba,
589 3271 723 3328 monacho
745 3287 856 3344 prorsus
878 3271 1032 3344 interdicta,
1047 3273 1182 3364 viveusc
1199 3266 1244 3339 qui
1261 3267 1425 3325 tumentibus
1438 3268 1519 3325 labiis
1532 3276 1560 3325 et
1573 3268 1697 3327 ulceroso
1712 3286 1760 3327 ore
1773 3286 1873 3345 corpus
1887 3272 1999 3331 Domini

323 3359 489 3427 dimiseris,
513 3368 705 3430 postmortem
727 3361 873 3433 apparebis
886 3362 1040 3420 enormiter.
1057 3361 1141 3433 Quod
1195 3351 1325 3428 iniuriose
1338 3357 1496 3426 masticans,
1517 3357 1717 3430 portiunculam
1732 3358 1887 3433 importuna
1900 3376 1995 3418 screa·

341 3465 409 3506 sane
422 3448 579 3506 vaticinium
595 3464 628 3504 eo
654 3450 789 3522 migrante
817 3456 924 3506 constat
947 3467 1006 3508 esse
1019 3451 1142 3523 comple·
1196 3446 1268 3502 lione
1294 3445 1398 3517 rejecit,
1424 3454 1555 3518 sequente
1583 3447 1710 3502 nimirum
1734 3455 1876 3505 naumuel
1896 3464 1995 3520 spuma

342 3545 409 3592 tum.
424 3539 497 3594 Nam
522 3537 638 3611 Signino
662 3538 781 3605 cuidam,
798 3538 940 3610 capellano
961 3539 1141 3611 10010000-
1197 3533 1328 3590 horribili.
1345 3534 1421 3590 Tune
1435 3532 1535 3589 Christi
1558 3535 1636 3592 miles
1658 3533 1847 3608 Godsrannus,
1872 3538 1919 3610 qui
1933 3535 1998 3596 adc-

342 3641 421 3682 moso
440 3642 488 3682 ore
503 3641 650 3698 apparens,
672 3625 829 3697 postulabat
849 3626 975 3683 flebiliter
987 3627 1047 3697 ejus
1057 3627 1142 3697 jure·
1196 3630 1248 3689 rat,
1263 3621 1376 3678 Domini
1397 3621 1437 3677 sui
1452 3629 1623 3678 sacramenta
1636 3622 1675 3679 ita
1696 3623 1808 3698 indigue
1822 3625 1996 3698 conspiciens

340 3730 416 3784 men,
431 3715 473 3771 cni
488 3714 576 3770 noluit
597 3714 722 3784 obedire,
739 3715 803 3770 dum
817 3715 934 3772 vireret.
955 3716 1015 3772 lloc
1028 3715 1074 3772 ubi
1089 3716 1143 3774 do·
1196 3712 1302 3786 agitari,
1326 3710 1399 3784 quod
1422 3711 1552 3785 egerebat
1574 3711 1657 3770 celeri
1677 3713 1827 3786 colligebat
1849 3715 1993 3788 obsequio,

344 3804 419 3860 mino
434 3803 528 3858 abbati
555 3803 684 3876 siguinus
712 3804 811 3872 retulit,
835 3804 966 3876 praeeepit
994 3812 1023 3861 ut
1037 3812 1142 3878 septem
1196 3802 1232 3857 lit
1245 3816 1309 3858 ecce
1319 3800 1361 3857 vir
1371 3799 1574 3874 magnanimus,
1587 3815 1684 3858 manus
1694 3810 1821 3875 utrasque
1835 3819 1993 3879 supponens

342 3892 440 3948 trahes
453 3906 507 3947 nna
528 3891 701 3949 hebdomada
715 3908 765 3964 pm
788 3892 918 3950 defuncto
933 3893 1143 3950 taciturnitatem
1197 3888 1312 3948 vivificis
1326 3888 1514 3960 sacramentis,
1542 3889 1570 3944 in
1583 3905 1631 3947 ore
1652 3905 1702 3948 suo
1723 3891 1841 3964 proiecit
1865 3891 1996 3952 vomitum

342 3979 445 4052 pmprii
460 3981 517 4036 oris
540 3981 736 4049 continuarent,
758 3981 794 4037 ad
809 3981 862 4038 hoc
886 3981 1143 4055 iratribns'septem
1197 3978 1355 4035 nauseantis
1377 3977 1454 4052 regri,
1480 3977 1625 4036 lethalibus
1654 3980 1771 4040 choleris
1795 3981 1996 4048 coherentibus

344 4068 467 4133 elcens;
498 4069 601 4125 caeteris
628 4069 828 4138 obedientibus,
865 4086 937 4126 uuus
961 4086 1057 4128 eorum
1089 4070 1144 4127 voti
1198 4065 1315 4124 fideliter
1327 4066 1489 4124 absorbens.
1515 4068 1574 4138 Qua
1589 4069 1618 4124 in
1632 4068 1736 4141 repins
1758 4069 1889 4142 magister
1901 4078 1997 4143 stupe-

342 4163 513 4229 contemptor
539 4157 678 4213 silentium
693 4157 846 4228 interrupit.
875 4158 980 4215 llursus
1006 4157 1143 4231 pontilex,
1199 4156 1296 4224 iactus,
1325 4162 1351 4211 et
1371 4157 1476 4213 herens
1505 4155 1635 4229 discipuli
1663 4159 1833 4229 perfectione
1860 4159 1998 4228 attonitus,

343 4243 432 4301 eidem
447 4245 536 4302 denuo
558 4245 704 4315 revelatus,
720 4254 761 4301 est
776 4247 854 4302 valde
877 4257 1045 4318 conquestus
1060 4263 1146 4318 super
1199 4243 1335 4302 Laurentii
1362 4245 1521 4302 craticulam
1545 4245 1763 4303 tolerabiliorem
1788 4247 1872 4304 luisse
1885 4248 1996 4304 indubi-

345 4333 392 4389 illo
408 4334 490 4390 tratre
518 4333 633 4406 perfido,
663 4334 708 4407 qui
724 4335 787 4390 dum
813 4351 868 4391 nou
893 4335 978 4402 siluit,
1002 4335 1145 4392 sanitatem
1199 4333 1488 4390 antemuralibus
1514 4333 1632 4404 deniqne
1647 4333 1875 4393 Goderannnsad
1889 4336 1998 4408 episco-

344 4423 404 4492 ejus
432 4421 618 4495 interpolavit.
650 4424 775 4480 Audiens
803 4423 853 4480 ista
889 4423 1027 4494 piissimus
1052 4425 1142 4498 lingo,
1197 4428 1290 4492 patum
1305 4419 1495 4476 Sanctonicum
1520 4429 1672 4493 promotus,
1688 4436 1743 4496 quo
1766 4421 1892 4479 accendit
1905 4423 1995 4494 altius,

345 4511 478 4584 praecepit
501 4518 530 4568 ul
544 4510 660 4570 fractura
682 4512 792 4578 silentii,
813 4529 874 4584 quae
888 4529 1037 4584 perunum
1051 4513 1143 4570 conti·
1198 4524 1232 4566 00
1246 4508 1346 4567 clarius
1358 4508 1471 4566 refulsit.

342 4609 432 4672 geret,
447 4599 561 4657 aberam
587 4609 690 4672 septem
718 4601 823 4657 diemm
849 4601 957 4658 silentio
986 4601 1138 4660 sarciretur.
1232 4599 1259 4654 tl.
1276 4599 1335 4654 lllos
1354 4605 1395 4654 est
1415 4596 1602 4656 Cluniacensis
1629 4599 1800 4668 monasterii,
1817 4598 1925 4656 caeterh
1948 4615 1998 4656 eo·

344 4687 404 4756 Quo
418 4687 487 4744 laclo
503 4688 592 4744 anima
611 4688 747 4759 pontilicis
763 4689 839 4747 tertio
864 4706 1009 4763 apparens,
1025 4690 1054 4747 in
1069 4699 1140 4747 statu
1153 4647 1184 4717 D
1196 4686 1378 4744 lemuitatibus
1398 4686 1571 4744 Nativitatem
1598 4686 1708 4744 Dovuini
1722 4687 1841 4760 quodam
1865 4687 1998 4761 singulari

342 4775 530 4848 apostolicose
540 4777 682 4845 exhibens,
695 4779 833 4852 purgatori
845 4794 895 4835 suo
905 4781 981 4851 (105)
993 4788 1142 4838 memorato
1197 4773 1294 4832 affectu
1308 4774 1433 4832 devotius
1446 4791 1541 4850 agere,
1557 4783 1584 4832 et
1602 4775 1736 4834 candcum
1752 4775 1889 4846 melodiis,
1905 4791 1997 4834 cereo·

343 4881 509 4937 semperque
523 4866 699 4923 memorando
723 4867 832 4940 liugoui
855 4867 960 4942 gratias
975 4867 1143 4942 integritatis
1196 4880 1258 4922 rum
1272 4863 1485 4934 accensionibus,
1505 4864 1633 4938 qnodque
1654 4864 1737 4938 louge
1750 4863 1925 4936 prestantius
1944 4872 1998 4957 est,

344 4969 401 5009 suae
415 4954 574 5026 repedavit.
1198 4951 1330 5026 spirituali
1342 4952 1490 5010 devotione
1505 4953 1648 5026 multaque
1659 4953 1838 5024 lacrymarum
1852 4951 1999 5026 effusione,

380 5043 408 5097 l.
423 5043 491 5098 ltem
505 5041 533 5098 in
547 5042 693 5102 silviniaco
708 5045 782 5114 (100)
797 5045 908 5117 quidam
923 5045 1015 5116 frater,
1032 5045 1142 5102 nomine
1197 5057 1259 5099 cum
1273 5040 1381 5113 angelis
1395 5040 1589 5098 solemnizare.
1610 5041 1667 5098 linc
1680 5039 1764 5113 igitur
1778 5041 1924 5100 festivitate
1938 5041 1998 5098 ira·

345 5130 509 5201 Stephanus,
534 5132 619 5189 bostis
630 5132 733 5205 antiqui
747 5133 937 5204 supplantatus
950 5133 1065 5202 insidiis,
1078 5149 1141 5190 ma·
1199 5138 1253 5185 tres
1274 5144 1305 5186 se
1323 5144 1427 5200 suaque
1450 5128 1540 5185 omnia
1569 5135 1804 5200 preparaverunt.
1828 5129 2000 5188 Venerabilis

346 5231 398 5270 nus
411 5213 462 5270 sibi
486 5216 615 5288 ingerens
633 5216 670 5274 ad
697 5232 826 5274 coronam
852 5215 971 5289 martyrii
993 5217 1142 5289 anticipan-
1199 5217 1245 5274 ille
1260 5218 1339 5275 Pater
1352 5219 1442 5290 lingo,
1458 5217 1506 5292 qui
1527 5217 1616 5274 adhuc
1629 5233 1715 5275 senex
1728 5225 1878 5292 supererat,
1893 5219 1997 5292 capitu·

375 5385 455 5466 (101)
480 5391 641 5460 cognomen
667 5389 721 5446 hcc
739 5389 900 5462 ignoravere
932 5387 1142 5459 Sammarthaui,
1200 5403 1275 5456 maus
1289 5403 1316 5452 et
1329 5395 1472 5452 comitatus
1484 5395 1575 5452 situm.

347 5455 401 5514 alio
416 5460 461 5532 qui
475 5463 503 5518 in
516 5460 568 5516 sibi
581 5459 699 5533 coguitis
713 5459 875 5516 adnomodis
889 5459 987 5516 seduli.
1236 5465 1997 5540 (llll)Ecgroplvumproererleatempedtnncaddendum

387 5530 460 5603 (105)
478 5533 662 5613 ecgraphum.
679 5533 917 5602 Ptrpolorilsal.
993 5601 999 5612 ·
1200 5537 1541 5610 essetetproeeedeutem.

383 5606 457 5673 (000)
474 5603 654 5682 Silvinvacum
665 5601 749 5674 vulgo
761 5600 917 5682 8000100),
928 5617 982 5657 nou
993 5601 1061 5658 rllnd
1070 5604 1146 5674 quod
1237 5611 1311 5679 (108)
1339 5607 1428 5665 Potuit
1453 5608 1540 5678 illum,
1556 5618 1618 5683 post
1631 5609 1728 5665 vulnus
1754 5608 1853 5665 lethale
1880 5606 1955 5666 sibii
1976 5606 1999 5663 si

348 5677 377 5733 iu
391 5673 585 5732 masmanna
609 5671 709 5729 limbus
731 5671 791 5728 as.
808 5672 887 5728 Vrtalr
908 5673 1047 5729 conditum
1062 5675 1146 5730 havi·
1201 5679 1341 5746 inflictum,
1378 5679 1537 5751 poeoituisse
1561 5681 1690 5764 peccatis
1720 5680 1793 5762 quod
1834 5678 1924 5750 reipsa
1963 5695 1996 5734 ι.

348 5747 459 5808 niseum
473 5746 610 5826 dicituret
624 5744 678 5799 cito
701 5742 943 5825 ad'Cisterc-iensas
960 5745 1083 5828 trausiit;
1097 5747 1147 5802 sed
1201 5758 1284 5820 ctum,
1313 5766 1481 5822 presumere
1508 5759 1582 5828 cogit
1595 5753 1646 5812 ista
1659 5751 1788 5809 auxilium
1802 5749 1918 5824 petentis
1944 5764 1997 5825 ap.

350 5819 426 5887 alibi,
442 5817 556 5878 forsitan
570 5831 599 5876 m
613 5813 776 5889 burgundia
789 5814 903 5890 oppido,
919 5816 953 5872 ad
967 5817 1085 5874 muhata
1098 5817 1146 5876 du·
1204 5821 1313 5896 paritio.
