4750 6725
361 626 395 683 93
997 618 1064 677 Llll.
1088 616 1135 689 Ill,
1156 613 1270 674 aetsr.
1299 616 1385 675 Lllll.
1976 620 2014 681 ot

359 751 455 807 rotam
470 764 481 819 ,·
496 750 525 807 ct
540 750 616 807 sicin
630 748 768 823 stipulam
784 753 852 807 cate
863 750 967 822 todem
981 748 1161 821 venti(Psot.
1178 744 1325 806 Atuitioni
1339 752 1366 803 et
1381 742 1553 818 dispositioni
1581 762 1630 803 vos
1659 746 1843 805 commisistis.
1863 748 1960 823 Utique
1988 748 2016 805 in

358 855 469 909 axxxu,
513 840 579 910 tt);
611 847 638 895 ct
665 856 726 911 quae
760 839 885 911 proxime
901 846 1064 911 sequuntur.
1104 837 1165 891 Non
1222 836 1274 892 boc
1289 836 1339 907 ipsi
1356 836 1444 907 potius
1459 844 1555 891 contra
1571 837 1656 893 Deum
1673 854 1752 909 quam
1768 845 1863 894 contra
1881 854 1930 894 vos
1954 837 2016 895 vio·

356 928 417 985 haec
431 928 550 1001 loquitur
569 929 666 994 David,
689 928 739 984 sed
759 929 875 1000 Spiritus
903 929 954 983 Dei
979 928 1039 983 Filii
1067 927 1164 993 David,
1221 924 1286 979 lenti
1303 925 1422 993 luerunt,
1435 933 1461 981 et
1476 942 1525 980 ros
1541 927 1628 997 magis
1657 928 1689 980 ad
1714 928 1800 982 Deum
1824 927 1962 983 clamastis
1985 934 2016 982 ut

357 1018 405 1088 qui
417 1018 508 1073 dixit:
527 1018 633 1073 ectum
648 1022 676 1073 ct
687 1022 766 1073 terro
789 1016 973 1084 transibunt,
999 1017 1082 1073 verbo
1110 1034 1164 1072 ou·
1222 1014 1352 1084 aspiceret
1367 1024 1392 1069 et
1404 1016 1536 1084 judicaret
1552 1016 1624 1087 qaod
1635 1016 1672 1069 illi
1685 1024 1778 1071 contra
1790 1034 1850 1071 eom
1868 1016 1944 1071 vobis
1971 1016 2015 1071 in·

357 1110 416 1163 iem
425 1122 489 1163 orec
501 1122 558 1163 eoo
569 1107 735 1163 transibunt
749 1107 861 1175 (ilinttb.
881 1122 954 1171 xxiv,
971 1106 1027 1175 35).
1047 1106 1088 1160 dd
1116 1121 1165 1161 ros

358 1197 486 1267 pertinet,
500 1196 651 1251 reverenda
666 1196 777 1251 domina
805 1204 832 1250 et
858 1196 914 1250 tilia
942 1195 1113 1261 charissima,
1135 1201 1163 1248 ut

356 1284 418 1340 brec
429 1292 457 1339 et
466 1283 627 1354 hujusmodi
643 1285 702 1339 riro
716 1294 807 1340 vostro
824 1283 981 1353 frequentor
1002 1290 1161 1355 opportune,

359 1372 515 1442 importune
527 1374 682 1445 suggeratis
699 1393 706 1438 ;
723 1378 749 1426 ct
764 1379 855 1428 utnon
871 1372 1026 1439 dominum,
1053 1372 1102 1425 sed
1130 1369 1161 1399 ⁸¹¹

355 1461 534 1523 abvocatum
544 1476 599 1516 nou
607 1462 829 1533 privignum,sed
843 1459 937 1515 fillium
951 1478 980 1515 se
995 1460 1093 1531 probet
1102 1475 1161 1514 esse

355 1550 498 1616 Ecclesiae,
513 1550 669 1605 consulatis.
683 1551 762 1605 Certe
784 1550 825 1605 sic
836 1550 886 1604 erit
907 1558 1025 1620 potestas
1050 1548 1160 1619 placens

354 1639 424 1706 Deo,
445 1646 472 1693 et
487 1646 667 1694 omaesactus
681 1640 740 1709 ejus
750 1638 904 1711 dirigentur
920 1638 955 1693 ab
971 1654 1013 1702 eo,
1025 1646 1052 1692 et
1065 1646 1160 1692 contra

362 1742 464 1783 omnes
484 1726 547 1797 ejus
561 1727 795 1783 adr-erariossrit
810 1742 871 1783 curn
888 1741 933 1781 eo.
945 1728 1120 1782 dloneteenut
1131 1733 1159 1781 ut

353 1831 496 1887 nunqnam
504 1816 648 1871 adversetu
660 1816 714 1888 legi
724 1815 782 1880 Dei,
795 1814 911 1887 quiaqui
921 1815 959 1868 illi
970 1814 1071 1870 subditi
1080 1822 1152 1881 suat,

357 1904 514 1977 Scriptura,
531 1919 593 1977 quse
606 1920 661 1959 non
676 1904 811 1970 mentitur,
842 1903 939 1959 asserit
963 1904 1023 1958 illos
1045 1904 1155 1958 indubi-

353 2001 447 2049 tanter
461 1993 588 2049 inimicos
595 2008 657 2049 esse
671 1993 735 2048 Dei.
753 1994 794 2048 Ne
808 1991 1048 2048 credatconsilium
1058 1999 1155 2049 contra

1217 1103 1292 1173 juste
1309 1106 1437 1158 lecerunt.
1455 1106 1516 1159 Non
1530 1104 1676 1169 miremini,
1693 1122 1781 1173 neque
1806 1105 1876 1160 ultra
1904 1092 2014 1161 modum

1221 1192 1542 1258 turbetureorrestrum,
1570 1193 1592 1249 si
1619 1193 1804 1248 tribulationes
1833 1194 1860 1247 in
1889 1194 1938 1248 bac
1961 1196 2013 1250 rita

1219 1282 1350 1352 patimini,
1368 1280 1430 1353 quia
1446 1284 1577 1351 scriptum
1597 1285 1833 1354 est2tipcrietrros
1844 1284 2011 1355 perrrrultns

1219 1372 1418 1427 tritntcttoaes
1432 1373 1554 1427 introire
1562 1374 1593 1427 ιἰι
1608 1374 1779 1441 repausabat
1793 1373 1867 1443 (dci.
1883 1388 1940 1437 mv,
1953 1372 2010 1441 at).

1218 1462 1250 1515 Et
1263 1462 1359 1533 gaude,
1370 1478 1383 1515 e
1394 1462 1524 1516 debemus
1540 1476 1600 1516 cum
1616 1462 1751 1531 Apostoto
1781 1460 1806 1513 in
1829 1461 2010 1527 tribulatione,

1216 1552 1336 1606 scientes
1352 1551 1421 1621 cuod
1437 1551 1584 1606 tribulatio
1599 1552 1772 1617 patientiam
1792 1554 1937 1622 operulas,
1957 1566 2010 1621 pc-

1216 1642 1318 1695 ticrrtic
1331 1640 1534 1711 probationem,
1546 1640 1672 1713 probatio
1682 1654 1838 1705 oeroapem,
1849 1644 2011 1709 sperantem

1215 1746 1272 1785 eron
1281 1730 1433 1799 corifundit
1443 1728 1533 1798 (dom.
1542 1745 1568 1794 v,
1578 1732 1619 1798 3).
1635 1728 1668 1783 Et
1680 1728 1894 1798 speraredebitis
1905 1727 1933 1781 io
1943 1728 2010 1793 Deo,

1214 1818 1278 1889 quia
1294 1817 1384 1873 fidelis
1399 1825 1449 1884 est,
1465 1818 1640 1889 necpatietur
1650 1818 1746 1871 tentari
1758 1832 1840 1887 sopra
1851 1830 1932 1885 quam
1943 1814 2010 1869 lerre

1213 1908 1325 1977 potetis.
1345 1908 1393 1961 Dei
1407 1907 1505 1979 gratia,
1526 1923 1579 1962 non
1609 1906 1732 1977 patimini
1762 1914 1873 1976 propter
1901 1902 2011 1975 aliquod

1213 1996 1329 2064 crimen,
1341 2003 1470 2067 quiantum
1491 1995 1524 2049 ad
1548 1996 1694 2050 humanum
1722 1995 1842 2066 pertinet
1860 1992 2008 2063 judicium,

354 2082 503 2138 consilium
510 2082 782 2153 Dei,quiellomious
792 2082 1156 2153 roprobctcoasilioprioci·
1170 2092 1197 2151 Β
1213 2084 1261 2140 sed
1276 2088 1388 2156 propter
1399 2084 1533 2151 justitiam
1551 2084 1603 2147 ;illi
1617 2100 1682 2139 vero
1698 2100 1845 2154 supervos
1869 2098 1898 2136 se
1927 2082 2008 2153 ingo·

353 2188 436 2243 pum,
451 2171 604 2226 consilium
619 2174 717 2226 cutem
726 2171 944 2228 Doraim'moact
965 2172 997 2225 in
1018 2175 1159 2228 eternum

358 2260 450 2329 (Psoi,
463 2273 553 2323 xxxii,
562 2260 605 2328 to)
617 2264 668 2326 ;et,
679 2259 821 2330 sapientie
835 2260 1018 2328 airrssaecctt,
1031 2260 1161 2314 stultitia

354 2352 399 2404 cst
413 2346 491 2419 nptsd
504 2347 595 2402 Deum
612 2346 639 2416 (1
660 2348 721 2403 Cor.
746 2362 787 2413 us,
812 2346 867 2416 to).
897 2346 1045 2402 Consilium
1072 2354 1161 2402 autem

356 2433 468 2489 Domini
478 2440 521 2488 est
535 2448 616 2490 sacra
631 2434 785 2505 Scriptura,
794 2442 820 2489 et
831 2450 925 2490 eorum
941 2435 1037 2506 quibus
1060 2434 1129 2489 dixit
1153 2447 1159 2482 t

355 2522 410 2591 Qui
420 2538 466 2579 vos
481 2523 576 2590 cudit,
595 2538 639 2578 mc
651 2522 733 2578 cudit
745 2522 817 2593 [Luc.
834 2539 862 2590 x,
874 2524 917 2593 to)
929 2542 936 2589 ;
950 2522 1159 2579 ctadCbristia-

353 2624 418 2665 nam
432 2610 598 2681 religionem
613 2610 744 2667 instituta.
761 2611 827 2666 Haec
841 2626 871 2656 nr
885 2618 1002 2676 moneat,
1020 2612 1077 2667 baec
1095 2627 1162 2667 con-

354 2697 435 2764 sulat,
453 2714 534 2771 rogo,
562 2699 624 2755 viro
647 2714 698 2754 suo
725 2700 866 2756 comitissa
892 2698 1056 2764 Clementia,
1082 2707 1115 2754 ut
1135 2689 1161 2754 ot

351 2786 470 2843 illamet
484 2786 559 2843 illam
573 2786 735 2860 adregnum
762 2791 894 2845 coelorum
921 2788 1047 2845 sublevet
1069 2787 1161 2844 divina

352 2874 507 2932 clementia.
523 2874 571 2932 Sic
584 2874 643 2931 liat.
672 2877 769 2932 Amen.

635 2964 805 3022 EPISTOLA
818 2965 875 3021 LX.

352 3066 1157 3112 ansatusancaaaannunaoascaasaasaannrmrscornu.

352 3160 388 3217 Sc
411 3176 471 3217 acts
500 3161 647 3233 scripsisse
667 3162 781 3217 litteras
800 3162 875 3217 unde
906 3162 1013 3233 duplic
1035 3162 1159 3235 episcopi

572 3232 666 3305 ipsum
680 3232 929 3289 criminabantur.

387 3318 556 3389 Ansanrma,
581 3335 677 3379 servus
703 3321 836 3378 Ecclesiae
862 3320 1077 3391 Cantauriensis,
1103 3322 1158 3377 Ga·

351 3424 448 3466 mnne
472 3409 625 3466 reverendo
652 3410 861 3482 archiepiscopo
876 3410 1054 3477 Eboracensi,
1077 3411 1194 3501 salu-C

357 3506 426 3555 iem.

387 3585 522 3657 Quemvis
536 3603 581 3643 me
596 3587 678 3644 talem
694 3587 796 3644 nesciat
817 3603 880 3643 mea
899 3587 1063 3644 conscientie
1082 3603 1152 3659 qun-

351 3674 407 3732 lem
420 3691 466 3731 me
480 3675 569 3748 pingit
583 3684 675 3732 restra
688 3677 841 3748 prudentia,
872 3685 961 3733 tamen
986 3693 1042 3733 non
1065 3676 1153 3734 debeo

351 3779 414 3823 csse
427 3764 559 3836 ingratus,
571 3765 633 3835 qnia
648 3764 722 3820 bona
736 3781 801 3837 quar
815 3781 860 3821 me
875 3765 976 3834 dicitis,
993 3782 1072 3836 quarn
1083 3781 1152 3838 erga

350 3876 394 3916 me
408 3860 527 3927 habetis,
542 3861 622 3917 robis
633 3861 779 3932 persuadet
794 3861 995 3920 benevolentia.
1011 3862 1091 3931 Quod
1107 3880 1151 3920 me

351 3950 473 4005 hortatur
486 3956 578 4005 vestra
592 3949 702 4006 dilectio
716 3951 851 4022 nepotiar
873 3968 962 4022 neque
990 3953 1070 4007 ratim
1100 3968 1150 4009 re·

350 4046 434 4094 susm
447 4046 475 4093 et
488 4037 626 4095 sociorum
642 4043 795 4096 vestrorum
807 4039 1011 4110 contumeliam,
1033 4041 1151 4097 libenter

350 4127 469 4196 accipio,
486 4141 537 4182 nec
547 4128 637 4183 sentio
648 4143 691 4183 me
701 4129 847 4201 aliqnando
861 4144 922 4184 eam
937 4131 1150 4201 autquaesirisse

350 4223 398 4272 aut
410 4216 543 4273 soluisse.
558 4217 628 4271 Nom
639 4217 743 4273 litteras
757 4219 830 4287 illas,
846 4219 880 4274 de
896 4235 1008 4291 quornm
1023 4220 1150 4292 publica·

348 4304 423 4360 tione
438 4306 491 4361 hoc
505 4305 646 4360 estimatis
672 4306 828 4379 contigisse,
854 4323 905 4363 nec
919 4324 971 4381 ego
981 4309 1149 4380 transcripsi,

348 4409 402 4449 nec
411 4393 636 4450 transcribendas
649 4394 728 4451 alicui
739 4396 857 4462 ostendi,
870 4411 923 4452 nec
931 4397 1028 4468 alianis
1038 4413 1088 4468 per
1095 4415 1148 4454 me.

347 4481 475 4552 maique
488 4497 550 4538 cum
565 4482 704 4538 vobiscum
715 4484 819 4557 loquar,
836 4484 943 4542 confido
957 4487 986 4540 in
1009 4488 1066 4542 Deo
1087 4489 1151 4559 quia

348 4571 463 4627 omnino
488 4587 532 4627 me
556 4570 584 4626 in
606 4572 659 4628 bac
687 4588 719 4628 re
747 4574 941 4645 inculpabilem
964 4576 1148 4648 cognoscetis.

347 4660 427 4716 Vale.

610 4731 783 4789 EPISTOLA
806 4733 884 4788 LXI.

476 4848 598 4893 masmar
607 4851 644 4892 sn
657 4853 809 4894 uoascnns
823 4854 848 4894 s,
861 4854 1017 4896 aanunaar.

349 4925 513 4999 infractum
537 4927 740 4984 monachorum
754 4932 790 5054 §a
811 4929 935 5054 aduersis
956 4933 1150 4988 constentiam

694 5016 753 5070 prce
773 5015 841 5054 tec.

384 5087 549 5154 Assacano,
566 5085 787 5158 archiepiscopus
801 5087 963 5156 cantuarie,
975 5089 1107 5147 iratribus
1121 5102 1151 5150 et

346 5173 410 5230 filiis
437 5173 610 5232 cbarissimis
649 5176 787 5232 monacbis
814 5177 931 5232 coenobii
958 5179 1048 5235 Sancti
1076 5181 1147 5236 Ead-

345 5264 453 5331 mundi,
468 5263 594 5329 salutern,
603 5269 630 5319 et
641 5261 669 5318 in
684 5264 858 5322 tribulatione
872 5266 1071 5325 misericordiae
1095 5269 1146 5325 Dei

350 5351 577 5408 consolationem.

1214 2180 1491 2245 runtproptorsuam
1519 2171 1780 2243 concupiscentiam.
1809 2172 1876 2227 Cum
1906 2168 2010 2224 stabitis

1215 2262 1315 2333 pariter
1329 2268 1390 2317 ante
1406 2261 1512 2316 tribuna
1535 2260 1646 2327 Christi,
1663 2260 1709 2315 ubi
1724 2259 1836 2331 recipiet
1859 2256 2009 2328 uniusquis-

1216 2366 1269 2420 que
1283 2350 1453 2423 proutgessit
1465 2349 1624 2419 incorpore,
1642 2349 1699 2403 sire
1714 2350 1825 2413 bonum,
1855 2346 1915 2402 sivo
1943 2362 2006 2401 mn-

1214 2437 1283 2504 lum,
1300 2438 1383 2509 liquet
1398 2440 1482 2507 390
1498 2438 1561 2509 qnia
1577 2437 1717 2493 vobiscum
1732 2444 1773 2492 est
1788 2438 1815 2490 in
1829 2438 1879 2492 bac
1894 2452 1922 2489 re
1930 2435 2009 2505 justi-

1216 2526 1262 2596 tia,
1276 2543 1340 2583 cum
1357 2526 1409 2581 illis
1421 2534 1460 2581 est
1473 2525 1587 2582 malitia.
1600 2527 1628 2583 Si
1643 2528 1717 2581 Deus
1744 2528 1803 2581 baec
1827 2522 1956 2579 discernit
1982 2522 2010 2577 in

1216 2615 1333 2684 actione,
1351 2615 1574 2685 utiquedicernet
1590 2622 1614 2670 et
1630 2615 1657 2669 in
1672 2614 1860 2669 retributione.
1894 2610 2009 2667 Consule

1214 2705 1295 2761 etiam
1310 2703 1389 2759 vobis
1404 2710 1432 2757 ut
1447 2710 1524 2774 poter
1538 2702 1611 2768 filiis,
1629 2710 1762 2774 quatenus
1786 2702 1843 2756 baec
1861 2716 1922 2769 quae
1936 2699 2010 2769 pati-

1215 2792 1282 2847 mini
1294 2792 1435 2864 imputetis
1451 2791 1568 2863 peccatis
1583 2790 1677 2846 vestris
1689 2790 1841 2846 secundum
1856 2789 1906 2843 Dei
1928 2787 2007 2855 judi-

1215 2881 1297 2949 cium,
1313 2888 1340 2935 at
1355 2880 1539 2950 unusquisque
1554 2886 1676 2934 vestrum
1704 2878 1832 2934 discutiat
1859 2876 2007 2931 conscien-

1114 2995 1117 3000 ·
1214 2968 1279 3024 tiam
1291 2976 1416 3035 suamet
1426 2967 1577 3023 satisfaciat
1605 2969 1662 3021 Deo
1687 2982 1737 3036 per
1761 2964 1887 3021 effectum
1915 2963 2007 3033 poeni-

1215 3058 1306 3113 tentiae
1315 3065 1341 3114 et
1356 3057 1566 3113 contessionem.
1579 3056 1653 3112 Solet
1667 3056 1737 3110 enim
1749 3056 1822 3110 Deus
1850 3051 2005 3108 multitudi-

1213 3162 1274 3203 nem
1284 3146 1509 3219 propter·culpam
1519 3160 1665 3215 paueomm
1675 3144 1824 3215 flagellare.
1837 3142 2008 3212 Quapropter

1211 3236 1396 3307 unusquisque
1410 3234 1672 3304 qttodcommuniter
1687 3231 1812 3304 patimini
1839 3231 1891 3285 sibi
1915 3230 2007 3300 impu·

1212 3332 1258 3392 tet,
1268 3330 1295 3382 et
1306 3332 1433 3398 quantum
1449 3324 1476 3378 in
1491 3323 1551 3395 ipso
1570 3330 1620 3390 est,
1637 3321 1808 3379 clementiam
1823 3319 1873 3374 Dei
1887 3335 1935 3389 per
1959 3332 2006 3372 aa·

1210 3415 1392 3471 tisioctioncm
1413 3429 1497 3484 saper
1518 3429 1548 3468 aa
1563 3419 1590 3467 et
1604 3428 1687 3482 super
1701 3411 1769 3466 elios
1785 3412 1903 3466 invocet.
1930 3409 2006 3462 Deus

1210 3503 1281 3558 enim
1293 3503 1377 3557 dicit:
1395 3502 1580 3557 dancrtimtnr'
1593 3500 1628 3555 cd
1642 3515 1696 3565 mo,
1715 3502 1745 3555 ct
1766 3515 1813 3568 epo
1826 3501 1954 3553 revertor
1969 3495 2005 3550 cd

1206 3608 1253 3649 cos
1265 3591 1392 3660 (llolcclt.
1410 3605 1450 3658 ur,
1466 3591 1508 3658 i).
1527 3587 1707 3655 Omnipotens
1723 3587 1796 3642 Deus
1811 3599 1860 3640 sua
1872 3601 1921 3640 vos
1933 3597 2000 3655 pro-

1206 3680 1321 3737 tectione
1337 3686 1363 3733 et
1377 3677 1539 3733 detonsione
1550 3675 1647 3741 visitet,
1675 3682 1703 3730 et
1728 3673 1855 3731 clementi
1874 3671 2004 3730 consola-

1207 3766 1419 3826 tionelaetilloet.
1436 3765 1535 3820 Amen.

1438 3877 1607 3934 EPISTOLA
1630 3877 1703 3932 LXII
1718 3873 1761 3932 ⁸¹⁵.

1303 4020 1423 4063 aasabim
1437 4021 1475 4062 Al)
1490 4019 1659 4060 tt'tbbnbttt'tt
1672 4015 1908 4059 sucutbttcotttttt.

1206 4133 1242 4189 Dc
1257 4149 1313 4187 nors
1327 4131 1493 4202 scalpendis
1509 4127 1584 4185 dctis
1596 4130 1713 4186 concilii
1729 4127 1926 4187 londinensis.
1941 4124 2000 4180 atsi

1238 4206 1319 4276 prius
1343 4207 1371 4257 et
1392 4203 1498 4256 iterum
1518 4202 1654 4270 episcopia
1685 4199 1738 4254 illc
1764 4197 1995 4254 communicarit.

1241 4275 1435 4346 Cupitutoram
1451 4273 1568 4327 interim
1579 4269 1998 4342 sententiasntrqrscssupccrr't.

1239 4383 1389 4438 desanaus
1416 4377 1648 4448 archiepiscopus,
1671 4377 1829 4432 ll'rnnauuo
1864 4373 2002 4431 archidia-

1204 4485 1284 4536 cono,
1295 4470 1394 4525 dilecto
1409 4482 1468 4531 suo,
1485 4465 1640 4522 salutemet
1655 4465 1884 4520 benedictionem.

1240 4557 1393 4614 Sententiae
1408 4553 1587 4624 capitulorum
1604 4553 1710 4608 concilii
1725 4551 1864 4624 expositas
1878 4549 1941 4606 uolo
1958 4564 2001 4606 vo-

1204 4647 1246 4703 bis
1261 4653 1306 4702 aut
1320 4645 1399 4700 alicui
1414 4644 1448 4698 ad
1464 4657 1585 4714 praesens
1599 4641 1713 4705 mittere,
1728 4641 1804 4714 quia,
1834 4638 1943 4708 quando
1968 4639 1997 4691 in

1204 4731 1525 4808 ipsoconcilioexpositae
1538 4737 1608 4794 sunt,
1626 4745 1680 4784 non
1710 4733 1855 4799 potuerunt
1874 4727 1909 4782 ad
1938 4725 1999 4796 plo-

1205 4841 1269 4880 num
1280 4831 1307 4880 et
1320 4823 1438 4893 perlecto
1454 4819 1570 4884 recitari,
1582 4825 1723 4888 propterea
1739 4817 1804 4889 quia
1827 4815 1915 4870 subito
1939 4814 1998 4870 sine

1204 4911 1439 4986 praemeditatione
1475 4923 1507 4964 uc
1530 4905 1693 4974 competenti
1723 4905 1891 4970 tractatione,
1930 4905 2003 4960 sicut

1204 5007 1372 5074 oportuerat,
1389 5005 1451 5052 sunt
1466 4995 1577 5067 prolatae
1590 4993 1631 5051 ⁸¹⁶.
1648 4995 1724 5052 Unde
1739 4995 1844 5064 aetiam
1874 4992 2000 5048 ridentur

1203 5090 1338 5154 addenda,
1363 5095 1389 5143 et
1416 5086 1530 5142 lorsitan
1554 5086 1675 5156 qrraedarn
1691 5084 1828 5146 mutanda,
1845 5083 1916 5154 quod
1944 5098 1999 5137 non

1201 5180 1253 5236 nisi
1268 5176 1406 5234 communi
1434 5189 1566 5230 consensu
1593 5175 1814 5246 coepiscoporum
1843 5180 1997 5228 nostrorum

1202 5269 1266 5326 volo
1281 5267 1381 5324 iacere.
1395 5263 1461 5318 Volo
1477 5279 1544 5334 orgo
1554 5279 1600 5318 ens
1610 5263 1724 5331 dictare,
1740 5267 1767 5316 et
1785 5261 1863 5332 prius
1892 5260 1995 5315 eisdem

1200 5355 1334 5430 episcopis
1346 5353 1503 5416 ostendere,
1519 5367 1579 5407 cum
1589 5349 1995 5422 primooonrenerimus,quam

382 5439 475 5496 baudo
497 5455 548 5495 roa
566 5446 594 5495 ot
609 5439 716 5514 gaudeo
730 5441 795 5513 quia
816 5443 891 5499 nulla
917 5443 1043 5500 violentia
1066 5447 1145 5504 robis
1198 5464 1248 5519 per
1261 5443 1398 5501 Ecclesiae
1412 5441 1519 5514 dagliae
1530 5440 1639 5496 dictatae
1654 5449 1679 5496 et
1694 5439 1825 5511 expositae
1837 5439 1989 5492 mittantur.

345 5526 509 5586 violentiam
532 5528 722 5603 inperantibus
741 5531 886 5606 restitistis,
912 5534 961 5590 sed
984 5535 1067 5591 solius
1093 5537 1143 5593 Dei
1197 5537 1316 5592 Nomina
1330 5539 1419 5588 tamen
1433 5543 1526 5586 rerum
1541 5527 1575 5583 do
1590 5527 1688 5602 quibus
1717 5527 1753 5581 ibi
1781 5525 1863 5582 locuti
1886 5541 1989 5591 sumus,

974 5705 1104 5762 erRlAE
1148 5705 1356 5764 LECTlONES.

388 5845 420 5878 '¹'
430 5847 464 5906 Ut
478 5863 533 5905 non
546 5849 635 5905 solum
644 5851 790 5908 Dominum
800 5854 848 5910 sed
859 5873 912 5912 ms.
930 5860 956 5911 et
966 5861 994 5911 ut
1008 5871 1061 5911 noo
1073 5857 1219 5914 Dominum
1235 5860 1293 5917 scd.
1327 5857 1358 5890 '¹‘
1370 5859 1547 5934 Religionem.
1569 5860 1633 5918 liceo
1647 5876 1700 5918 ms.
1717 5859 1888 5934 Religionem
1904 5857 1988 5918 insti·

347 5921 419 5978 tata.
439 5919 513 5978 iloec.
550 5919 653 5980 ⁸¹‘Cum
668 5923 763 5982 ecdem
776 5941 830 5983 ras.
850 5927 964 5985 cottotc.
1002 5925 1153 5990 'taratara
1166 5948 1220 5988 ms.
1236 5931 1366 6012 prolate.
