4750 6725
405 587 459 646 lbi
903 581 1063 638 EAllllElll
1086 573 1366 636 CANTUAlllENSIS
1390 575 1552 636 noraoth
2002 575 2058 632 toa

409 707 582 770 tumdomini
605 723 682 784 papae
706 707 779 782 (nam
803 707 853 766 hoc
882 705 906 763 ci
934 722 984 780 per
1011 705 1114 762 litteras
1136 704 1203 762 olim
1217 702 1245 766 A
1259 711 1444 760 oonseoretur.
1465 701 1608 761 ·tteten:
1627 724 1639 753 ι
1655 702 1718 760 Nou
1740 701 1833 760 omnia
1856 699 1981 759 iacienda
1993 707 2058 759 suut

410 800 599 870 mandaverat)
614 798 733 856 reddidit
747 796 889 854 Ealdwino
912 795 1018 868 virgam
1041 794 1205 866 pastoralem
1261 809 1321 864 qun
1334 793 1399 850 fidei
1414 792 1548 850 contraria
1565 809 1620 850 oon
1633 801 1705 863 sunt,
1720 790 1842 864 alioquin
1853 789 1935 864 plura
1950 791 2051 848 iueon·

412 891 529 948 ahhatiae
544 890 579 946 de
593 887 730 955 ilamensi,
746 902 835 959 quam,
861 893 890 940 ut
912 901 995 957 supra
1019 884 1207 952 meminimus,
1261 882 1397 939 venientia
1411 881 1518 939 fierent.
1534 884 1594 939 lloe
1607 897 1714 954 quoque
1728 883 1801 940 unde
1814 881 1912 954 agitur,
1923 880 2058 952 quamvis,

415 979 572 1054 perdiderat
585 977 612 1034 iu
627 975 742 1033 coneilio
757 974 955 1032 Luudoniensi.
1262 971 1286 1026 ai
1300 971 1384 1040 heret,
1401 971 1465 1027 fidei
1484 971 1651 1028 contrarium
1666 987 1721 1027 non
1736 979 1817 1037 esset,
1837 969 1896 1026 lieri
1920 977 2011 1024 tamen
2024 984 2060 1026 ex

451 1071 482 1126 ln
496 1065 671 1138 subsequenti
687 1064 769 1120 etiam
784 1065 877 1136 quinta
888 1063 965 1132 feria,
977 1062 1095 1120 sacrarit
1109 1063 1135 1119 in
1149 1062 1210 1134 ipss
1262 1060 1460 1117 consuetudine
1480 1077 1536 1116 non
1559 1060 1654 1129 debet,
1677 1075 1711 1116 eo
1730 1059 1803 1133 quod
1824 1059 1905 1114 nitriis
1924 1058 2061 1114 inooure-

416 1159 481 1214 sede
507 1155 652 1212 liebertum
681 1153 844 1210 monachum
872 1152 989 1208 coenobii
1017 1151 1109 1208 Sancti
1136 1150 1210 1208 Petri
1261 1149 1340 1206 niens
1353 1157 1436 1206 esset.
1452 1149 1485 1204 Ει
1499 1148 1601 1221 quippe
1613 1149 1660 1220 qui
1673 1147 1804 1204 canonice
1813 1146 1880 1203 mibi
1894 1146 2062 1203 etEeelesire

415 1242 667 1312 westmonasterii,
696 1243 732 1299 ad
759 1242 881 1315 regimen
904 1241 1021 1298 abbane
1044 1241 1130 1298 saneti
1152 1241 1209 1296 ha·
1262 1248 1362 1296 nostrae
1383 1255 1433 1311 per
1456 1238 1548 1294 omnia
1571 1235 1671 1307 subjici
1695 1236 1786 1303 debet,
1811 1234 1936 1292 subditus
1958 1234 1986 1290 iu
2008 1234 2064 1290 hoo

411 1333 536 1393 dmuudi.
1263 1337 1358 1386 contre
1389 1327 1516 1384 ordinem
1538 1325 1646 1382 fierem.
1669 1325 1712 1381 Ad
1737 1327 1816 1392 haee,
1839 1323 2065 1395 archiepiscopus

451 1421 594 1480 Ordinatio
618 1430 709 1478 autern
738 1419 845 1476 abbatis
874 1419 967 1478 Sancti
995 1419 1139 1491 Augustini
1161 1436 1211 1492 per
1263 1416 1465 1475 cantuariensis
1479 1416 1582 1487 primas
1595 1423 1636 1471 est
1650 1415 1733 1471 totins
1746 1414 1867 1488 Augilas,
1884 1413 1994 1478 Scotiae,
2009 1412 2063 1466 tti-

412 1516 442 1571 id
457 1512 593 1584 temporis
607 1527 639 1568 ea
653 1525 748 1579 cansa,
759 1517 787 1565 ut
800 1509 838 1565 ita
849 1507 975 1575 dixerim,
986 1508 1068 1564 dilata
1082 1515 1121 1564 est
1137 1509 1210 1580 quod
1261 1508 1363 1564 berniae
1378 1512 1405 1562 et
1416 1505 1600 1576 adjacentium
1620 1504 1780 1571 insulamm,
1795 1518 1847 1560 uec
1869 1516 1919 1574 pro
1944 1499 2065 1572 alicujus

415 1605 476 1676 ipse
497 1601 545 1673 qui
563 1600 591 1656 iu
612 1600 750 1666 abbatem,
765 1597 868 1655 scilieet
882 1599 961 1671 lingo
976 1598 1126 1655 monachus
1140 1599 1210 1655 lieo·
1261 1612 1388 1669 personae
1410 1594 1634 1664 consecratione,
1657 1591 1713 1648 nisi
1736 1591 1909 1649 solummodo
1929 1590 2004 1662 regis
2028 1604 2065 1646 ao

414 1691 512 1760 nensis,
525 1690 627 1746 electus
641 1695 710 1758 erat,
736 1686 854 1743 nondum
878 1702 969 1742 sacros
992 1687 1101 1743 ordines
1121 1688 1209 1744 hahe-
1262 1687 1376 1761 regium,
1392 1684 1488 1742 sedem
1503 1699 1581 1740 suam
1596 1699 1632 1739 ex
1647 1681 1843 1739 eonsuetudine
1854 1679 2009 1754 egreditur.
2029 1678 2062 1734 Si

415 1782 472 1838 hat.
489 1778 633 1837 Ordinatus
652 1793 718 1833 vero
743 1783 784 1832 est
807 1776 840 1831 ad
865 1775 1035 1834 diaconatum
1058 1775 1093 1832 ab
1117 1776 1210 1832 archi·
1262 1792 1329 1850 ergo
1343 1791 1392 1830 rex
1407 1774 1464 1829 vult
1478 1781 1508 1828 ιιι
1531 1788 1583 1846 ego
1605 1772 1732 1828 eumdem
1755 1772 1890 1828 honorem
1912 1768 2062 1826 exhibeam

417 1869 547 1942 episeopo
561 1865 589 1922 iu
603 1865 708 1936 capella
722 1879 773 1920 sua
787 1865 937 1920 Cantuariae
951 1879 1013 1921 cum
1027 1865 1117 1921 multis
1139 1864 1211 1936 eliis,
1263 1864 1355 1923 abbati
1369 1862 1462 1920 Sancti
1475 1860 1622 1936 Augustini
1636 1875 1720 1934 quem
1732 1860 1797 1929 sihi,
1813 1875 1908 1933 parem
1929 1873 1991 1914 eum
2006 1857 2066 1915 rult

414 1957 442 2014 iu
457 1955 565 2030 jejunio
580 1953 688 2026 septimi
703 1953 816 2022 mensis,
839 1960 866 2010 et
889 1953 952 2009 item
976 1953 1009 2008 ad
1032 1954 1210 2026 presbytera·
1263 1955 1292 2010 in
1305 1969 1391 2027 regno
1406 1967 1455 2008 sno
1470 1951 1557 2008 lasere
1572 1949 1632 2005 sibi.
1649 1948 1728 2020 Quod
1743 1964 1778 2004 ue
1791 1948 1840 2005 hat
1854 1947 1977 2014 consulo,
1991 1946 2066 2004 sicut

414 2055 471 2103 tum
486 2059 503 2100 a
517 2042 677 2100 willhelmo
691 2043 840 2099 Exoriensi
855 2043 984 2114 episeopo
1003 2042 1030 2098 in
1052 2042 1146 2100 eadem
1162 2059 1208 2099 oa·
1223 2057 1251 2118 Β
1266 2044 1292 2100 ei
1305 2042 1349 2098 cui
1369 2041 1450 2097 iidem
1464 2039 1564 2108 debeo,
1580 2048 1714 2111 quatenus
1736 2055 1769 2096 se
1788 2038 1824 2094 ab
1846 2036 1900 2094 hae
1922 2037 2064 2094 voluntate

415 2133 489 2206 pella
497 2131 603 2205 jejunio
615 2129 714 2187 decimi
724 2130 825 2186 mensis
835 2128 885 2202 (a).
898 2131 1044 2188 Anselmus
1053 2131 1125 2188 euim
1137 2130 1211 2186 infir·
1264 2132 1399 2190 oobiheat.
1420 2130 1460 2186 lle
1474 2128 1575 2186 etenim
1589 2144 1654 2185 rera
1674 2127 1737 2184 dioo
1758 2127 1822 2199 qnia
1845 2127 1868 2182 ai
1891 2124 1919 2182 in
1942 2141 2065 2198 nuquam

418 2222 552 2290 mabatur,
568 2229 595 2276 et
607 2219 704 2289 partim
720 2235 750 2275 ea
765 2235 805 2286 re,
820 2219 920 2290 partim
934 2228 1043 2292 propter
1066 2220 1212 2276 imminens
1264 2229 1338 2278 tanta
1360 2218 1524 2276 inordinatio
1539 2217 1566 2272 in
1581 2215 1679 2290 Anglia
1702 2215 1774 2274 laeta
1797 2215 1890 2287 suerit,
1910 2231 1965 2272 non
1978 2215 2065 2272 modo

415 2312 515 2368 festum
530 2307 685 2367 Nativitatis
713 2307 821 2376 Christi,
849 2308 1020 2364 Cantuarium
1049 2309 1084 2364 ad
1109 2309 1211 2365 Ansel·
1265 2311 1334 2381 regi,
1360 2309 1409 2364 sed
1433 2306 1655 2378 archiepiscopis,
1680 2305 1827 2377 episeopis,
1843 2303 2019 2376 principibus,
2035 2309 2066 2358 et

418 2415 493 2457 mum
508 2397 581 2455 idem
597 2398 743 2470 episeopus
755 2397 851 2467 jussus
865 2404 983 2455 venerat.
999 2397 1064 2454 Post
1077 2398 1137 2455 haee
1150 2415 1213 2456 enm
1266 2401 1315 2456 toti
1328 2412 1413 2470 regno
1428 2395 1532 2470 mande
1546 2394 1707 2466 opprobium
1718 2393 1779 2450 erit.
1791 2417 1803 2442 ι
1814 2393 1962 2450 Direruut:
1976 2392 2063 2462 dita,

414 2487 558 2546 Auselmus
586 2485 786 2544 ordinationem
814 2485 902 2558 ipsius
929 2486 1035 2542 abbatis
1062 2488 1213 2545 accelerare
1266 2489 1290 2546 si
1304 2503 1366 2544 eum
1381 2487 1409 2542 in
1427 2486 1493 2542 sede
1516 2500 1564 2540 sna
1587 2483 1714 2540 ordinare
1734 2482 1794 2538 istis
1814 2481 1965 2538 rationibus
1986 2490 2066 2538 artus

415 2577 506 2645 veltet,
522 2591 554 2634 eo
576 2575 648 2649 quod
661 2591 705 2632 res
717 2574 847 2632 Ecclesiae
870 2575 1069 2647 pessumibant,
1093 2585 1121 2632 et
1142 2593 1212 2649 quo·
1266 2594 1321 2635 non
1346 2576 1399 2642 ris,
1422 2575 1535 2630 mandat
1557 2582 1587 2629 ιιι
1608 2572 1636 2628 in
1661 2587 1709 2628 sua
1732 2571 1845 2645 capella,
1868 2587 1899 2628 se
1920 2578 2068 2642 presente,

415 2662 480 2720 tidie
494 2661 523 2718 in
538 2660 578 2717 sui
594 2659 799 2717 diminutionem
818 2659 892 2716 intus
906 2667 933 2716 et
947 2667 1024 2716 extra
1039 2661 1212 2732 decidebant,
1267 2667 1342 2722 illum
1356 2663 1478 2722 ordinari
1493 2662 1636 2735 permittas
1648 2661 1683 2717 ab
1696 2661 1789 2734 aliquo
1804 2661 1996 2732 episcoporum
2019 2659 2071 2716 eui

416 2750 545 2810 soluitur
558 2747 707 2822 pradictus
727 2748 874 2820 episcopus
898 2765 958 2806 cum
980 2749 1008 2804 in
1031 2749 1157 2806 abbatem
1179 2751 1215 2808 ad
1267 2756 1328 2829 ipso
1352 2753 1551 2827 praeceperit.»
1577 2750 1748 2822 Respondit:
1769 2771 1781 2799 ι
1799 2751 1855 2806 Cur
1868 2749 1944 2806 illum
1958 2749 1993 2806 ab
2009 2749 2068 2806 alio

418 2841 505 2898 altare
533 2838 632 2894 Christi
660 2838 814 2895 Cantuariae
846 2839 1003 2894 solemniter
1029 2841 1069 2912 (se
1096 2840 1215 2912 astante)
1269 2844 1399 2917 episeopo
1423 2840 1546 2898 ordinari
1572 2838 1753 2911 permitterem
1778 2853 1857 2911 quem
1881 2852 1951 2911 ego,
1973 2838 2069 2911 gratia

419 2935 599 2987 consecraret.
616 2927 671 2984 Sed
687 2925 734 2982 uhi
747 2926 889 2982 monacbis
903 2927 993 2984 Sancti
1008 2929 1148 3002 Augustini
1169 2945 1216 2987 res
1269 2933 1330 3003 Dei,
1345 2948 1395 3003 pro
1410 2945 1472 2987 meo
1484 2930 1555 3000 jure,
1566 2929 1606 2984 nti
1620 2928 1720 2994 debeo,
1729 2928 1856 2985 ordinare
1869 2927 1942 2998 potis
1956 2927 2039 2984 sumt
2053 2951 2067 2978 ι

418 3017 554 3085 innotuit,
580 3015 615 3072 ad
639 3015 882 3072 contradicendum
907 3016 1019 3072 anirnati
1040 3025 1114 3074 sunt.
1144 3021 1216 3074 llam
1272 3044 1284 3072 ι
1302 3023 1336 3078 Et
1349 3023 1403 3079 hoe
1417 3018 1539 3091 quidem,
1555 3017 1642 3088 aiunt,
1657 3017 1760 3086 mallet,
1776 3025 1805 3072 ut
1818 3015 1875 3073 illio
1889 3031 1952 3072 eum
1966 3023 1995 3072 ιιι
2007 3016 2074 3087 ipae

420 3104 570 3162 Ecclesiam
583 3117 660 3159 suern
675 3103 820 3177 privilegia
838 3103 939 3162 babere
959 3107 1133 3164 commentati
1156 3114 1219 3164 sunt
1271 3125 1480 3170 consecrares.»
1499 3107 1573 3164 Dixit
1588 3125 1594 3162 ι
1614 3107 1669 3162 «st
1683 3107 1736 3163 boo
1751 3106 1842 3164 secero
1856 3104 2016 3162 nonnullam
2028 3105 2075 3160 iu·

417 3209 468 3268 per
483 3209 546 3266 quae
562 3192 690 3249 abbatem
704 3208 785 3248 snum
798 3207 853 3250 non
868 3192 919 3248 nisi
935 3194 962 3248 in
982 3195 1046 3251 sede
1070 3211 1118 3252 sua
1140 3197 1217 3252 ordi·
1268 3200 1373 3270 jurium
1388 3198 1488 3255 laoiam
1503 3195 1557 3268 ipsi
1573 3195 1683 3252 domino
1695 3210 1775 3260 meo;
1790 3210 1885 3250 meum
1900 3194 2000 3268 quippe
2016 3209 2077 3251 non

422 3283 480 3340 nari
505 3282 605 3339 debere
628 3279 775 3337 manifesto
802 3282 970 3355 allegatione
998 3299 1028 3339 se
1056 3285 1219 3356 probaturos
1273 3297 1312 3346 est
1327 3288 1354 3344 in
1368 3286 1474 3358 capella
1495 3284 1557 3358 ejus
1581 3284 1694 3340 missam
1717 3283 1867 3353 celebrare,
1891 3283 1942 3340 nisi
1963 3283 2078 3355 quando

422 3370 826 3430 asserueruntlluraritautem
835 3374 895 3429 haro
905 3372 997 3429 sabula
1005 3373 1112 3431 illorum
1122 3376 1220 3433 diebus
1275 3379 1335 3451 ipsa
1349 3376 1431 3434 dehet
1445 3391 1462 3433 a
1477 3392 1521 3433 me
1534 3374 1668 3433 ooronnri.
1693 3376 1790 3446 imque
1814 3374 1840 3429 si
1860 3375 1915 3432 boe
1937 3374 2008 3432 lucio
2021 3388 2078 3445 pro

424 3460 581 3531 nonnullis,
610 3460 742 3517 Anselmo
769 3459 922 3517 nullatenus
950 3462 1093 3519 assertioni
1127 3479 1222 3521 eorum
1280 3467 1388 3524 abbatis
1415 3463 1631 3534 consecratione,
1659 3462 1754 3537 regius
1780 3462 1868 3519 honor
1894 3461 2021 3530 vilescet,
2052 3472 2081 3519 at

425 3552 522 3609 eadere
536 3550 653 3607 volente.
673 3548 797 3606 Tandem
818 3549 847 3605 in
862 3549 938 3607 initio
950 3551 1169 3625 quadragesime
1184 3555 1222 3626 (b)
1280 3556 1411 3627 deinceps
1435 3554 1488 3611 mei
1516 3554 1642 3623 exemplo
1657 3552 1784 3626 exigetur
1806 3568 1858 3623 pro
1880 3550 2082 3609 musuendine

425 3656 487 3699 eum
499 3640 644 3697 Anselmus
653 3638 731 3710 juxte
745 3638 913 3695 Lundouiam
930 3656 980 3712 pro
995 3639 1131 3713 colloquio
1150 3642 1225 3715 regis
1280 3644 1353 3716 quod
1367 3644 1501 3699 haetenus
1515 3640 1597 3699 teon
1611 3647 1712 3699 statuto
1727 3648 1852 3712 tempore
1865 3656 1915 3712 pro
1933 3641 1991 3697 solo
2003 3639 2082 3712 regis

429 3730 558 3799 venisset,
580 3728 690 3801 quidam
712 3745 746 3783 ex
771 3728 836 3800 ipsis
855 3729 997 3786 monachis
1019 3748 1086 3802 quos
1109 3732 1144 3787 ad
1166 3748 1224 3789 rem
1280 3734 1392 3789 bonore.
1412 3733 1510 3788 Verum
1524 3730 1590 3804 quie
1604 3732 1664 3802 ipse
1678 3729 1736 3787 rnlt
1750 3735 1779 3785 ut
1792 3729 1916 3801 proxime
1929 3744 2080 3785 oonseme-

432 3818 613 3877 exercendam
641 3817 660 3873 ii
689 3816 735 3889 qui
763 3817 836 3875 domi
865 3826 1052 3875 remanserant
1077 3820 1135 3891 pari
1163 3828 1227 3877 roto
1281 3830 1333 3889 tur,
1349 3821 1470 3892 eoquod
1493 3820 1616 3877 nondum
1639 3818 1802 3876 eonfirmeto
1826 3818 1926 3875 abbate
1947 3817 2083 3875 ιιιιοιιιιιιιι

430 3907 549 3965 selectos
564 3922 597 3963 eo
612 3905 778 3972 direxerant,
794 3905 902 3962 omissis
921 3906 1069 3980 privilegiis
1082 3908 1137 3963 suis
1153 3910 1228 3981 (quae
1281 3927 1328 3968 res
1340 3910 1468 3975 ahhnttae,
1485 3908 1508 3964 si
1523 3908 1646 3976 voluerit,
1663 3908 1707 3964 hio
1721 3907 1748 3963 iu
1764 3906 1871 3979 capella
1891 3906 2001 3978 hospitii
2021 3906 2083 3963 mei

431 3995 505 4052 nulla
519 3994 563 4051 rel
577 4008 632 4049 non
644 4002 702 4049 rata
715 4009 731 4049 a
745 4008 810 4067 rege
825 4001 852 4049 et
866 3994 1035 4066 principibus
1055 3998 1230 4069 comprobata
1283 4016 1346 4056 eum
1359 3998 1503 4067 ordinabo,
1520 3996 1648 4068 quoniam
1662 3996 1772 4067 quidem
1783 3996 1850 4053 mibi
1865 3995 1946 4053 sanilo
1959 4010 2015 4051 nou
2037 4000 2085 4051 est

436 4090 499 4139 sunt
515 4091 542 4139 et
555 4081 695 4151 damnata)
711 4098 760 4153 per
773 4097 837 4139 suos
851 4082 999 4139 advocatos
1013 4086 1071 4157 regi
1085 4102 1230 4157 persuase-
1282 4104 1334 4162 pro
1349 4095 1402 4143 tam
1417 4087 1472 4145 leri
1491 4102 1520 4143 re
1535 4088 1587 4143 hae
1610 4087 1669 4144 viee
1692 4085 1865 4142 cantuariam
1879 4084 1928 4141 ire.
1947 4106 1958 4132 ι
1983 4084 2085 4141 Relata

436 4175 499 4227 runt
526 4177 555 4226 ιιι
581 4169 710 4227 buselino
740 4169 882 4227 mandaret
909 4171 1034 4227 abbatem
1061 4173 1089 4229 in
1116 4176 1233 4232 eeclesia
1283 4176 1410 4233 suntista
1424 4176 1484 4248 regi
1498 4183 1534 4243 et,
1548 4174 1701 4247 approbata
1723 4176 1828 4231 ratione
1842 4172 1973 4242 Anselmi,
1988 4173 2089 4229 lauda·

437 4259 528 4317 Sancti
557 4258 700 4331 Augustini
729 4274 761 4315 ex
785 4259 897 4333 antique
915 4261 1102 4319 consuetudini
1129 4277 1231 4320 eonse—
1285 4266 1324 4325 rit
1338 4272 1367 4321 ut
1381 4265 1491 4322 omissis
1504 4264 1611 4321 eunetis
1624 4262 1812 4337 objectionum
1826 4262 1990 4334 amhagibus
2000 4262 2090 4319 abbas

436 4363 523 4405 erare.
552 4348 642 4418 Hujus
672 4348 792 4404 mandati
815 4348 901 4404 nuntii
924 4349 1034 4407 luerunt
1057 4351 1233 4409 willhelmus
1287 4362 1450 4425 sacraretur,
1465 4354 1503 4408 uti
1517 4353 1588 4408 dixit
1600 4352 1754 4410 Anselmus.
1779 4352 1927 4411 ordinarit
1944 4351 2029 4424 igitur
2051 4351 2091 4406 il-

439 4438 583 4509 episoopus
603 4436 811 4506 wintoniensis,
834 4440 862 4494 et
885 4440 1018 4511 hogerius
1037 4439 1232 4512 serberiensis,
1286 4443 1343 4499 lum
1359 4459 1388 4497 ιιι
1403 4442 1462 4499 liat.
1478 4442 1578 4507 hlartii,
1595 4441 1691 4511 quinta
1713 4441 1781 4498 teria
1806 4443 1903 4513 primae
1925 4440 2091 4512 septimense

437 4533 464 4582 et
479 4525 660 4582 Willhelmus
674 4526 848 4595 tironiensis,
861 4542 922 4583 eum
939 4528 1108 4585 Giesleberto
1122 4528 1231 4599 abbate,
1288 4531 1517 4603 Quadragesimm
1527 4530 1600 4603 apud
1609 4530 1783 4586 lambetham
1793 4530 1821 4585 in
1830 4529 1937 4602 capella
1947 4526 2092 4601 ilerdensis

438 4614 778 4687 westmonasteriiarege
787 4615 1156 4689 adAnselmnm.llespondit
1166 4634 1235 4692 ergo
1288 4620 1421 4688 eeclesiae,
1442 4619 1489 4675 nbi
1510 4626 1573 4675 tune
1596 4618 1741 4675 Anselmus
1765 4628 1824 4676 erat
1843 4618 2007 4690 hospitatus.
2031 4619 2091 4674 Ae·

438 4704 606 4759 Anselmus:
626 4726 637 4752 ·
655 4702 683 4760 Si
699 4720 747 4759 rex
763 4719 806 4759 me
826 4713 937 4777 rogaret
961 4714 1090 4776 quatenus
1112 4722 1161 4779 pro
1184 4723 1233 4765 suo
1289 4716 1368 4781 cepta
1386 4708 1422 4763 ab
1438 4724 1471 4764 eo
1484 4706 1668 4779 professione,
1684 4724 1718 4764 ex
1740 4724 1827 4777 more,
1842 4724 1897 4780 qna
1910 4723 1940 4764 se
1954 4705 2091 4763 Eoelesiae

435 4807 530 4850 amore
545 4792 633 4864 ipsum
648 4792 776 4849 abbatem
800 4792 829 4849 in
853 4792 969 4849 ecclesia
989 4811 1039 4851 sua
1063 4796 1229 4866 ordinarem,
1245 4775 1272 4838 Ῑ)
1288 4796 1490 4855 Dorohernensi
1513 4803 1541 4853 et
1562 4796 1771 4868 archiepiscopis
1793 4797 1854 4869 ejus
1876 4795 2014 4853 mnonieae
2037 4811 2089 4867 per

435 4881 558 4939 fortassis
586 4881 716 4949 lacerem,
746 4896 780 4937 ee
807 4882 1042 4950 consideratione,
1072 4900 1105 4942 eo
1132 4884 1231 4942 intuitu
1285 4886 1377 4943 omnin
1390 4886 1567 4943 obediturum
1589 4885 1723 4957 promisit.
1743 4885 1766 4942 li
1789 4902 1859 4958 ergo
1882 4885 1928 4957 qui
1949 4883 2087 4941 aliuemnt

437 4969 509 5041 quod
534 4976 734 5027 antecessorum
755 4986 888 5038 meorum,
902 4972 973 5041 juris
996 4972 1045 5028 luit
1067 4981 1094 5029 et
1117 4975 1169 5029 mci
1193 4981 1235 5031 est
1288 4974 1373 5031 multo
1388 4974 1528 5031 honestius
1551 4973 1640 5046 ipsum
1660 4974 1816 5031 Cuntueriae
1836 4974 1957 5046 potuisse
1979 4971 2085 5030 sacrari

438 5056 624 5115 indifferenter
637 5074 686 5130 per
700 5058 837 5131 Angliem,
853 5060 1007 5133 ubieunque
1021 5060 1147 5118 voluntas
1164 5062 1232 5131 tulit,
1287 5063 1424 5134 dixerunt,
1440 5071 1476 5130 et,
1493 5063 1566 5135 quod
1579 5062 1973 5134 majorhonoressetabhati,
1989 5061 2086 5134 requi-

437 5144 592 5218 episcopale
607 5144 727 5202 ollicinm
742 5146 941 5207 administrare.
963 5152 1041 5208 Nune
1065 5160 1153 5207 autem
1169 5152 1234 5223 quis
1286 5169 1346 5210 rere
1360 5160 1466 5227 patrem
1480 5152 1578 5225 patriae
1593 5169 1642 5224 pro
1656 5152 1846 5211 benedictione
1859 5168 1909 5209 sua
1930 5151 1958 5207 in
1977 5158 2086 5209 metro·

436 5234 1017 5305 mandatutidlaeiamexoonsuetudiue,
1033 5240 1095 5296 dieo
1114 5255 1233 5297 consue·
1286 5242 1341 5313 poli
1369 5242 1435 5299 sede
1462 5256 1545 5315 quam
1577 5240 1605 5297 in
1641 5240 1747 5313 capella
1777 5239 1915 5299 nonensis
1942 5240 2080 5299 eoelesire.

438 5320 539 5379 tudinis
553 5321 619 5379 illud
635 5337 689 5379 nou
704 5338 775 5380 esse.
795 5346 806 5374 ι
828 5325 868 5380 At
891 5326 930 5381 illi
947 5344 953 5381 :
972 5348 983 5375 α
1001 5327 1029 5384 Si
1044 5336 1135 5384 eontra
1149 5327 1232 5385 iidem
1285 5331 1359 5387 luter
1373 5332 1432 5387 haee
1445 5330 1586 5387 Anselmus
1604 5329 1677 5387 misit
1699 5328 1811 5387 domino
1834 5344 1915 5403 papas
1938 5328 2088 5403 epistolam

436 5426 492 5469 noo
506 5426 568 5469 esse
582 5411 760 5485 dignoscitur,
776 5414 887 5471 omnino
908 5414 964 5471 vult
986 5423 1015 5471 ιιι
1037 5416 1066 5472 in
1089 5432 1138 5473 sue
1163 5417 1232 5474 sede
1286 5419 1381 5475 hane:

1084 5542 1300 5602 HENSCHENII
1317 5545 1431 5602 NOTAE.

435 5706 442 5719 ·
469 5633 510 5719 (ιι)Ι
520 5634 599 5718 lluuo
612 5634 716 5705 passim
732 5634 1028 5722 QuttuorTempomm
1040 5651 1230 5711 nunenpnntur
1320 5643 1356 5713 (b)
1371 5646 1448 5699 Anno
1472 5642 1541 5698 tros
1564 5640 1705 5709 bissextili,
1728 5643 1837 5715 qnando
1864 5641 1965 5697 Pascha
1988 5638 2086 5697 incidit

433 5712 488 5765 rsta
499 5720 616 5793 peJnnta,
638 5721 671 5763 eo
694 5708 774 5793 quod·
790 5718 884 5779 quater
908 5728 934 5766 ιιι
959 5726 1031 5767 anno
1053 5712 1226 5768 habeantur:
1283 5712 1310 5768 in
1326 5728 1345 5767 v
1359 5714 1467 5787 Aprilis,
1479 5722 1506 5771 et
1519 5714 1579 5771 dies
1589 5713 1715 5771 (liberum
1731 5714 1759 5769 iu
1773 5730 1818 5771 ru
1827 5712 1968 5770 Februarii
1982 5710 2078 5769 litteris

433 5784 548 5853 sepirent
562 5786 653 5835 sutem
669 5787 695 5835 et
709 5779 814 5838 decimi
824 5784 931 5840 mentia
941 5782 1229 5840 nominibusindioan·
1282 5784 1496 5842 Dominioalihus
1511 5786 1567 5841 tto.

434 5858 478 5909 tur
491 5849 651 5976 simfml’ef
663 5860 690 5907 ot
704 5851 865 5924 December,
881 5864 908 5911 et
921 5853 994 5910 inlra
1008 5855 1118 5911 nomine
1131 5856 1229 5929 quarti

431 5936 539 5979 mentre
571 5935 659 5977 antus.
