4750 6725
408 569 459 626 395
961 551 1118 612 mutatu
1132 547 1407 611 chl'UdlllENSlS
1421 549 1579 610 uouucar
2011 555 2064 610 396

412 699 490 763 naut,
505 707 540 748 ue
554 704 608 764 que
622 703 661 757 se,
677 684 749 758 quod
777 682 829 740 sibi
843 697 897 738 oen
910 679 1004 752 prosit,
1024 675 1210 760 peccatilvul·
1224 676 1253 739 A
1267 675 1370 734 bonurn
1383 677 1413 733 in
1428 676 1557 750 gradibus
1584 678 1699 751 singolis
1711 678 1737 750 (l
1752 679 1821 736 Tim.
1836 695 1876 746 or,
1890 683 1966 752 ι-ι).
1986 681 2067 736 llunc

412 799 477 841 nere
495 778 604 838 laedaut.
620 777 682 850 lpse
696 788 786 847 quque
814 778 936 840 tempere
959 767 1085 824 eamdem
1106 765 1214 822 Ecclae·
1267 765 1347 822 nobis
1360 766 1607 838 petimusavestra
1635 767 1796 839 paternitate
1814 768 1933 824 orthoari
1949 768 2066 842 pontill-

414 871 487 938 si'am
501 895 545 937 res
560 867 621 934 suus
635 875 662 930 in
677 869 774 942 mejeri
789 883 869 940 quam
884 864 988 922 solebat
1007 863 1149 932 libertate,
1164 877 1215 918 sua
1267 870 1339 921 cem,
1370 863 1501 944 quatenus
1528 855 1692 928 regulariter
1705 855 1784 911 nobis
1798 873 1917 928 preesse
1930 858 2020 914 raleat
2039 864 2067 913 et

418 970 558 1030 sanctione
573 963 700 1032 deinceps
714 957 855 1031 possidere
865 954 1014 1022 gonsqjqup,
1026 962 1053 1008 eq
1067 952 1120 1008 alja
1132 967 1214 1022 quae.
1267 943 1408 1014 prodesse,
1424 951 1451 998 et
1461 960 1511 1000 nes
1520 944 1570 1000 sub
1581 945 1641 1015 ejus
1652 944 1933 1016 regiminesalubriter
1946 947 2066 1004 Domine

415 1061 479 1117 dem
494 1072 553 1128 quae
569 1061 752 1110 antecessores
766 1047 826 1117 ejus
840 1045 867 1099 iu
880 1041 1000 1099 dominio
1020 1057 1070 1098 sue
1086 1040 1216 1096 tenebunt
1268 1031 1387 1088 militare
1414 1033 1558 1103 possimus.
1586 1033 1625 1089 Ut
1651 1037 1744 1089 autem
1768 1035 1892 1126 omnium.
1912 1044 2067 1092 nestrorum

415 1148 470 1220 ipss
498 1141 628 1202 Ecclesiae
655 1145 786 1210 perpetue
806 1135 867 1205 jure
891 1131 1057 1204 possidenda
1071 1127 1213 1186 concessit.
1268 1129 1330 1177 rota
1358 1122 1386 1176 in
1409 1122 1480 1177 hooc
1506 1122 1666 1178 electionem
1695 1124 1839 1179 convenire
1853 1126 1981 1193 noscetis,
2002 1125 2067 1180 huic

417 1238 465 1294 llis
480 1233 555 1290 brevi
569 1246 618 1304 per
632 1241 781 1295 excessum,
798 1221 857 1292 sed,
872 1229 900 1277 ut
914 1236 985 1291 reor,
1001 1234 1054 1275 nen
1070 1215 1215 1290 superflue,
1269 1209 1382 1266 decreto
1405 1211 1537 1267 canonico
1565 1211 1770 1282 promptissima
1797 1211 1936 1268 voluntate
1964 1213 2067 1286 singuli

417 1326 497 1383 dictis
511 1321 547 1380 ad
575 1317 648 1393 quod
677 1314 811 1388 aoepimus
838 1318 1016 1367 revertamur.
1037 1308 1124 1382 Igitur
1137 1314 1217 1378 pacto
1270 1298 1396 1355 manibus
1424 1299 1542 1370 propriis
1569 1299 1729 1356 roborantes
1756 1299 1976 1372 subscripsimus.
2005 1303 2068 1375 lige

419 1418 488 1472 iuter
502 1411 611 1479 iratres,
628 1421 721 1480 regere
735 1401 861 1460 videlicet
884 1398 1074 1454 Willhelrnum
1098 1405 1125 1452 et
1138 1395 1220 1451 cemi-

419 1515 473 1563 tem
487 1501 650 1567 liebertum,
666 1493 701 1551 de
722 1491 836 1565 praelate
860 1487 971 1560 negotio
986 1487 1069 1553 lacte,
1085 1482 1218 1540 Willhel-

416 1608 477 1652 mus
488 1595 564 1648 mare
579 1585 692 1650 transiit,
709 1588 736 1638 et
751 1579 876 1636 traditam
889 1575 940 1633 sibi
956 1591 973 1632 a
986 1575 1104 1632 lieberto
1114 1574 1214 1630 Nerth-

1269 1387 1494 1444 murchertachus
1507 1404 1556 1444 rex
1569 1387 1708 1445 Hiberuiae
1735 1389 1893 1461 subscripsi.
1913 1390 1974 1463 lige
1990 1391 2066 1446 Der-

1271 1477 1344 1532 meth
1359 1477 1424 1543 dux,
1450 1475 1534 1533 irater
1560 1477 1643 1549 regis,
1659 1477 1823 1549 subscripsi.
1839 1479 1898 1551 ligo
1912 1478 2067 1535 basualdus

1270 1561 1401 1634 epicopus
1428 1563 1482 1619 SS.
1510 1563 1571 1636 lige
1599 1564 1704 1618 ldunou
1731 1565 1875 1634 episeopus
1894 1563 1984 1621 llidiae
2007 1565 2063 1621 SS.

415 1681 553 1740 manniam
569 1691 625 1732 Μ
640 1671 737 1729 ditioni
752 1667 871 1740 ὅπως,
1271 1650 1330 1724 Ege
1346 1650 1456 1707 Samuel
1468 1651 1676 1708 Dunnelmeusis
1695 1652 1839 1724 episcopus
1853 1652 1905 1709 SS.
1923 1651 1983 1725 ligo
1998 1653 2067 1709 Fer·

451 1770 512 1840 Quo
536 1781 597 1823 curn
612 1763 808 1826 demoraretur,
830 1771 881 1812 rex
910 1751 1057 1818 Hiberniae,
1073 1751 1217 1808 Mureher-
1270 1739 1439 1796 d⁰ffl¹¹⁸0h11⁵
1452 1739 1653 1812 tagintenstun
1664 1741 1805 1814 ⁰95⁵0⁰P¹¹⁵
1819 1741 1895 1797 53³

416 1861 511 1919 tachos
524 1851 644 1920 nominc,
660 1844 846 1906 etbotouldos
856 1843 895 1916 (a)
913 1842 1058 1912 episcopus
1068 1845 1218 1896 eumcaete·
1306 1827 1530 1927 §Ubflfflllseilffll
1551 1829 1594 1883 ¹¹5⁵
1606 1828 1805 1929 mulfflplufflb
1823 1845 1893 1902 (11108
1908 1844 1958 1930 ῐξθθ
1971 1830 2068 1888 Μ·

417 1949 454 2006 ris
469 1942 617 2018 episcopis,
634 1947 660 1996 et
674 1937 774 2010 quique
788 1932 895 1989 nobiles
909 1945 971 1988 curn
987 1929 1059 1985 clero
1074 1936 1101 1984 et
1114 1925 1218 2000 populo
1272 1924 1319 1972 tatr
1334 1916 1475 2016 studentes
1488 1924 1584 1972 notare
1597 1919 1999 2020 neuunecessarrumnduxrmus.

415 2029 613 2112 ipsiusinsulae
641 2026 775 2083 miseruut
803 2021 959 2077 nuntiesac
986 2017 1091 2073 litteras
1106 2017 1143 2070 ad
1153 2017 1213 2072 An·
1228 2026 1278 2106 Β,
1307 2006 1393 2078 Igitur
1419 2006 1562 2106 anselmus
1590 2007 1766 2107 considerans
1796 2015 1823 2063 et
1850 2007 2005 2110 intelligens
2018 2025 2070 2108 eos

417 2129 542 2188 selmum,
554 2119 753 2176 innotescentes
767 2111 792 2167 ei
818 2109 954 2167 civitatem
970 2106 1131 2180 quamdam,
1146 2105 1220 2159 Wa-
1267 2102 1341 2164 Justo
1356 2100 1384 2150 et
1396 2093 1473 2150 utilia
1486 2102 1591 2194 petere,
1604 2101 1727 2196 petitioni
1741 2110 1835 2196 eorum
1854 2096 1942 2197 labeus
1961 2106 2068 2153 anuuit.

416 2211 559 2274 [apamiam
574 2207 612 2280 (ιι)
626 2201 746 2272 nemine,
763 2201 789 2255 in
806 2214 858 2254 uua
874 2211 982 2252 suerum
1011 2193 1216 2266 provinciarum
1271 2183 1394 2239 Electum
1409 2197 1475 2284 erge
1490 2182 1646 2285 pontificem
1661 2184 1902 2277 diligenter-rohas
1916 2201 1978 2258 quae
1990 2200 2069 2241 sacra

416 2321 493 2368 essm
523 2299 567 2358 cui
591 2295 627 2353 ob
670 2305 843 2348 numerosam
885 2286 987 2344 cippum
1012 2279 1213 2339 multitudinem
1267 2272 1345 2374 iubet
1372 2281 1516 2328 auctoritas
1543 2281 1739 2375 examinatum,
1771 2287 1806 2374 ac
1831 2275 1978 2330 multorum
2005 2291 2068 2330 cum

415 2390 555 2467 expediret
592 2382 750 2458 episcopum
779 2375 891 2444 institui,
921 2373 1056 2445 simulque
1092 2378 1217 2444 petentes
1269 2367 1333 2417 tllae
1348 2377 1405 2417 ⁸1¹ae
1427 2363 1592 2431 leslim0¹¹¹0s
1620 2362 1734 2435 d¹8¹¹l¹¹¹¹
1755 2371 2068 2465 ‘WSCOlJJlu-ss‘imlim·

413 2487 474 2558 ipse
500 2485 634 2552 quatenus
649 2469 790 2544 'primatus
821 2481 901 2538 quem
926 2477 1007 2534 super
1033 2477 1081 2518 ees
1105 2461 1219 2534 gerebat
1271 2448 1376 2519 batum,
1393 2450 1551 2521 sumptanb
1566 2465 1648 2507 ceex
1674 2467 1750 2508 mere
1765 2452 1985 2523 desubpecueurs
2011 2468 2070 2508 suas

412 2582 554 2653 potestate,
571 2577 597 2626 et
612 2581 666 2642 qua
683 2562 848 2635 fungebatur
861 2556 929 2615 vicis
948 2555 1106 2629 apostelicae
1126 2561 1220 2609 eucte-
1246 2591 1250 2598 ι

413 2670 502 2730 ritate,
519 2663 619 2718 sanetae
635 2649 832 2712 christianitati
856 2664 888 2704 ac
912 2645 1073 2702 necessariae
1094 2642 1216 2714 plebium

310 2740 320 2760 ²
412 2752 518 2814 utilitati
532 2743 698 2806 instituendo
713 2741 752 2797 eis
779 2735 934 2810 pontificem
963 2733 1129 2790 subveniret.
1155 2732 1215 2786 lam

415 2845 489 2904 cuim
508 2836 610 2898 saecula
637 2830 721 2888 multa
749 2825 921 2893 transierunt,
946 2823 974 2878 iu
1005 2819 1215 2894 quibuseadem

415 2934 512 2993 civitas
538 2927 642 2996 absque
665 2914 837 2991 previdentia
857 2921 884 2968 et
899 2927 965 2969 cura
980 2908 1129 2981 pontilicali
1143 2922 1212 2962 cen-

417 3023 525 3089 sistens,
554 3030 604 3088 per
632 3011 739 3066 divorsa
767 3002 945 3060 tentationum
983 2997 1103 3070 pericula
1122 2997 1214 3095 jacta-

416 3114 504 3168 batur.
528 3104 675 3176 clegerunt
698 3099 788 3152 autem
815 3091 888 3147 idem
916 3087 968 3159 ipsi
981 3087 1009 3142 in
1023 3087 1076 3141 hec
1090 3083 1228 3170 odiorum¹

416 3195 560 3273 quemdam
599 3205 654 3246 suae
701 3182 792 3257 gentis
831 3179 930 3248 virum,
968 3173 1103 3232 vocabulo
1143 3171 1213 3228 blal-

418 3289 512 3356 chum,
541 3270 833 3352 eumquesacrandum
854 3283 915 3323 cum
943 3263 1079 3320 communi
1107 3259 1218 3317 decreto

416 3391 452 3447 ad
465 3382 620 3443 husclmum
635 3370 807 3431 transierunt.
824 3366 966 3422 Decretum
983 3370 1070 3418 autern
1088 3359 1140 3418 hee
1154 3365 1216 3414 est:

1274 2538 1433 2595 obedientia
1459 2539 1640 2611 professione,
1667 2541 1785 2596 sacradt
1825 2557 1887 2596 eum
1914 2539 2071 2597 cantuarie

1271 2626 1366 2697 quinte
1389 2627 1433 2682 lli.
1457 2628 1587 2696 Jauuarii,
1613 2628 1796 2684 assistentibus
1819 2637 1846 2685 et
1861 2629 2072 2702 cooperantibus

1270 2714 1321 2770 sibi
1350 2715 1377 2770 in
1407 2717 1459 2773 hoc
1473 2717 1623 2774 ministerio
1647 2732 1695 2774 sue
1719 2718 1825 2775 duobus
1839 2718 1974 2790 episcopis
2002 2719 2071 2787 suis,

1271 2802 1389 2860 lladulie
1426 2805 1530 2861 scilicet
1567 2805 1727 2864 Cicestrensi
1762 2813 1790 2862 et
1820 2806 1959 2864 Gundulie
2000 2806 2073 2863 liol-

1272 2893 1351 2948 lensi.

1308 2983 1372 3038 Post
1396 2982 1447 3038 hos
1474 2983 1532 3039 dies
1552 3000 1611 3056 rex,
1642 2983 1841 3042 Nerthmanuia
1856 2985 1908 3042 sibi
1922 2985 1956 3042 ad
1976 2995 2073 3045 votum

1272 3072 1391 3128 subacta
1405 3078 1485 3143 atque
1500 3073 1642 3145 disposite,
1663 3074 1788 3147 hugliom
1803 3074 1883 3145 redit,
1899 3090 1932 3130 ac
1946 3076 2073 3146 interpe-
2181 3126 2182 3135 ,

1272 3159 1325 3215 site
1348 3160 1423 3231 parvi
1448 3161 1576 3232 temperis
1598 3162 1697 3234 spatio,
1726 3178 1807 3234 super
1829 3162 1984 3232 Walenses,
2026 3162 2074 3235 qni

1273 3257 1366 3304 coutm
1395 3265 1456 3304 eum
1481 3259 1671 3319 surrexerant,
1696 3252 1843 3308 exercitum
1859 3249 1944 3324 ducit,
1970 3268 2076 3324 aesque
2181 3306 2182 3319 ,

1233 3346 1337 3438 Cpest
1368 3339 1506 3395 medicem
1536 3339 1563 3396 iu
1586 3339 1752 3399 deditionem
1778 3342 1901 3414 suscipit,
1943 3349 1969 3399 et
2006 3330 2084 3415 pace'

455 3469 624 3534 ..anselme
640 3462 690 3521 uei
713 3458 806 3533 gracia
833 3448 1217 3527 huglerumarehicpiscopo,
1278 3428 1399 3499 undique
1419 3428 1520 3500 petitus
1552 3438 1600 3486 est.
1631 3430 1685 3486 Sed
1709 3431 1806 3503 quid‘t
1834 3431 1901 3487 cum
1923 3433 1980 3502 jam
1997 3431 2076 3486 multi

419 3568 507 3625 clerus
522 3568 548 3617 ct
571 3553 687 3629 populus
708 3544 801 3620 oppidi
836 3538 1026 3609 Wateicrdisr,
1068 3552 1128 3593 cum
1151 3550 1219 3633 rege

421 3644 637 3713 lilerchertacho,
666 3648 693 3696 et
721 3634 850 3709 episcopo
875 3626 1022 3697 Dolnalde,
1049 3625 1164 3683 salutem
1192 3638 1220 3677 m

422 3742 551 3803 Domine.
803 3776 810 3790 ,
1092 3802 1098 3815 .
1195 3800 1201 3811 ·

462 3857 474 3884 ι
488 3833 568 3887 Ριιιι
582 3827 685 3889 sancte,
702 3814 816 3874 cecitas
831 3806 993 3883 ignorantiae
1008 3820 1058 3862 nes
1072 3802 1119 3859 dru
1133 3802 1221 3896 detm-

420 3924 512 3977 menta
535 3906 630 3967 salutis
656 3908 756 3958 uestrae
777 3896 907 3951 sustinere
931 3890 1032 3963 coegit,
1048 3887 1121 3959 qued
1134 3901 1223 3957 magrs

428 4002 555 4077 eligimus
578 3992 712 4051 serviliter
740 3983 884 4042 Dominioe
896 3980 965 4051 juge
981 3976 1051 4035 cella
1066 3973 1224 4031 subtrahere

431 4107 514 4167 quam
527 4080 675 4142 liberaliter
688 4070 819 4150 pastorali
834 4067 997 4125 obedientiae
1013 4063 1135 4155 subesse.
1146 4062 1226 4159 Nunc

426 4189 516 4241 autem
538 4177 667 4248 quantum
694 4160 816 4237 preficiat
838 4166 975 4230 pasterum
1000 4168 1083 4210 causa
1106 4165 1225 4225 agnovi-

428 4288 499 4338 mus,
515 4280 578 4323 cum
592 4256 708 4317 aliarum
733 4264 826 4307 rerum
854 4244 1045 4302 similitudines
1059 4240 1094 4297 ad
1108 4248 1227 4295 mentem

427 4368 599 4420 revocamus,
613 4346 675 4419 quia
698 4342 755 4399 siue
776 4335 918 4412 regimine,
943 4348 994 4389 uec
1015 4331 1151 4429 exercitos
1165 4327 1227 4383 bal-

427 4452 496 4516 lum,
512 4460 564 4501 nec
575 4438 652 4497 navis
666 4431 800 4491 marinum
816 4425 897 4483 audet
912 4430 1042 4480 attentare
1060 4418 1224 4493 periculum.

428 4534 565 4599 Navicula
584 4543 649 4601 erge
672 4530 774 4591 nestra,
803 4513 947 4572 mundanis
973 4509 1063 4567 dedita
1089 4507 1228 4604 ductibus,

432 4626 492 4683 siue
520 4621 631 4693 pastore
657 4614 752 4668 centra
776 4600 905 4661 callidum
931 4598 1103 4668 hostemque
1125 4601 1231 4649 rotrone

430 4706 580 4788 pugnabit‘l
606 4704 756 4771 Propterea
781 4707 832 4748 nes
858 4697 885 4745 et
899 4702 946 4743 rex
969 4680 1229 4741 uesterllucherta-

430 4805 506 4872 chus,
527 4804 552 4853 et
568 4792 711 4865 episcopus
739 4776 902 4843 Delueldus,
925 4782 950 4831 et
962 4772 1089 4830 bermeth
1108 4769 1162 4825 dux
1177 4784 1230 4824 ne·

1275 3524 1418 3586 sperarent
1428 3517 1500 3588 quod
1511 3518 1570 3574 baec
1579 3535 1632 3590 pax
1644 3518 1755 3575 servitio
1765 3518 1815 3576 Dei
1825 3519 1936 3576 deberet
1946 3520 2076 3591 militare,

1276 3612 1303 3661 et
1322 3604 1416 3661 attenti
1431 3616 1620 3679 exspectarent
1632 3607 1736 3680 aliquid
1751 3609 1844 3682 magni
1866 3624 1917 3680 pre
1941 3609 2076 3665 emenda·
2181 3623 2182 3646 t

1277 3692 1351 3750 liene
1365 3694 1585 3767 Christianitatis,
1613 3712 1646 3753 ex
1674 3697 1748 3770 regis
1764 3712 1888 3769 asseusm
1904 3697 2077 3769 arhiepisco-
2181 3709 2182 3752 t

1278 3799 1344 3853 pern
1359 3784 1544 3858 promulgare,
1574 3801 1637 3843 ecce
1651 3787 1708 3859 spei
1727 3786 1810 3858 hujus
1824 3794 1851 3843 et
1864 3787 2080 3858 exspectationis
2181 3837 2182 3840 ,

1280 3871 1444 3928 turbatorias
1472 3873 1578 3930 litteras
1601 3891 1666 3943 rer,
1689 3875 1812 3932 acualis
1834 3890 1971 3945 reversus,
1993 3876 2082 3932 archi·

1281 3960 1410 4032 episcopo
1424 3961 1545 4018 destinat
1559 3962 1695 4019 mundans
1709 3962 1737 4018 in
1765 3964 1820 4019 illis
1833 3979 1862 4020 se
1875 3979 1927 4037 pro
1941 3962 2080 4019 militibus
2181 4017 2182 4026 ,

1283 4065 1352 4120 ques
1365 4049 1392 4105 in
1407 4052 1609 4122 expeditionem
1624 4069 1701 4108 suam
1729 4052 1841 4109 miserat
1868 4052 1956 4108 nullas
1979 4053 2005 4110 ei
2027 4053 2079 4109 nisi

1282 4138 1368 4194 malas
1394 4141 1496 4213 gratias
1522 4140 1632 4209 habere,
1662 4158 1696 4199 ce
1724 4142 1798 4214 qued
1812 4158 1863 4199 nec
1877 4142 2080 4213 convenienter,
2181 4199 2182 4204 ,

1284 4228 1353 4285 sicut
1379 4230 1481 4302 aiebat,
1505 4225 1639 4303 instructi,
1668 4230 1719 4290 uec
1744 4234 1779 4288 ad
1804 4232 1879 4289 bella
1892 4233 2002 4289 fueraut
2027 4248 2082 4306 pre
2181 4305 2182 4308 Ἴ

1285 4319 1387 4391 negotii
1414 4320 1543 4392 qualitate
1568 4320 1668 4377 idonei.
1707 4320 1889 4394 Praecepitque
1914 4328 1944 4376 ut
1970 4331 2083 4393 paratus

1286 4416 1356 4463 esset
1383 4409 1418 4464 de
1443 4409 1495 4480 his,
1521 4409 1599 4480 juxta
1623 4408 1762 4481 judicium
1789 4409 1955 4480 curiaesuae,
1971 4410 2084 4467 sibimet

1287 4496 1478 4553 rectitudinem
1507 4497 1619 4569 iaceret,
1649 4498 1866 4570 quandocunque
1883 4498 1935 4553 sibi
1961 4499 2084 4570 placeret
2181 4477 2182 4512 ³

1286 4586 1350 4643 inde
1365 4602 1425 4642 eum
1441 4587 1590 4659 appellare.
1606 4588 1649 4643 hd
1664 4604 1725 4660 quae
1733 4586 1888 4644 dnselmus:
1908 4609 1919 4635 ι
1936 4584 2085 4660 Exspecta·

1286 4676 1386 4744 vimus,
1413 4675 1510 4748 iuquit,
1526 4692 1632 4749 pacem,
1658 4684 1685 4733 et
1713 4684 1824 4733 nonest
1838 4676 1958 4740 beuum;
1975 4682 2084 4750 tempus

1245 4738 1272 4800 D
1285 4764 1446 4839 curationis,
1464 4772 1491 4821 et
1504 4780 1569 4822 ecce
1597 4764 1723 4822 turbatio.
1742 4788 1754 4814 ι
1771 4764 1844 4821 Licet
1858 4764 2003 4834 animiam
2017 4765 2085 4822 elim

432 4896 489 4949 ster
518 4888 602 4943 irater
629 4876 713 4950 regis,
733 4870 859 4943 eligimus
873 4867 945 4921 hunc
959 4860 1146 4935 presbyterum
1161 4856 1233 4913 blal-
1286 4854 1399 4912 sciverit
1413 4870 1443 4911 sc
1457 4854 1554 4911 codem
1569 4870 1633 4927 rege
1648 4854 1806 4926 superstite,
1821 4852 1959 4939 tunhuglia
1978 4852 2086 4912 chrisio

432 4982 513 5037 chum
542 4963 688 5028 Walltelini
715 4954 903 5019 Wintoucnsis
926 4948 1047 5023 episcopi
1066 4948 1233 5004 monachum
1286 4962 1341 5003 non
1369 4944 1437 5001 adeo
1466 4942 1701 5012 fructificaturum,
1743 4951 1836 4998 tamea
1870 4940 1944 5013 qaod
1971 4952 2087 5015 rogatus

434 5017 753 5125 nebis’sufficieutissime
767 5040 1091 5120 cognitum,oatalibuaet
1105 5035 1234 5091 moribus
1286 5036 1321 5093 de
1335 5032 1512 5097 subventione
1525 5030 1737 5088 Christianitatis
1754 5046 1952 5101 nonuunquam
1978 5031 2089 5131 501qu

436 5152 566 5217 nobilem,
583 5142 730 5220 apostolica
753 5146 779 5194 et
792 5130 976 5193 ecclesiastiea
990 5126 1130 5198 disciplina
1145 5123 1234 5179 imbu·
1287 5123 1457 5197 respendere
1470 5136 1499 5178 sa
1518 5126 1630 5193 prepter
1650 5122 1744 5177 beatas
1758 5135 1826 5191 ques
1840 5118 2090 5221 infestoscrrcnm-
2181 5201 2182 5218 ἶ

435 5255 492 5301 tum
518 5239 572 5295 tide
586 5232 718 5292 catholica
728 5217 1030 5301 prudentem,meribus
1041 5218 1232 5287 temperatum,
1288 5230 1395 5287 quaque
1408 5210 1528 5267 habebat
1555 5225 1588 5266 ee
1602 5209 1745 5265 intendere
1764 5224 1819 5264 nen
1833 5208 2007 5278 veterarum
2023 5217 2089 5268 tunc
2181 5237 2182 5256 ι

435 5284 618 5392 vita'cestum,
632 5319 763 5386 sobrium,
788 5311 931 5379 humilem,
955 5304 1104 5372 affabilem,
1123 5299 1233 5357 miseri-
1287 5304 1364 5361 illum
1378 5316 1446 5375 pace
1459 5299 1575 5373 petitum
1594 5299 1763 5371 cogitaverat
1774 5313 1860 5398 super
1878 5298 1930 5353 hac
1942 5313 1973 5397 re
1990 5313 2091 5357 mnne.

434 5420 557 5484 eordem,
588 5413 746 5475 litteratum,
769 5398 943 5473 hospitalem,
972 5410 1031 5452 sear
1055 5390 1150 5449 domui
1163 5389 1235 5445 bene
1288 5394 1357 5463 nire,
1373 5388 1508 5448 etsaltem
1535 5387 1572 5444 ad
1585 5402 1748 5488 consensum
1770 5385 1888 5456 alveoque
1902 5384 2089 5489 b⁰⁰¹s'}¹⁰f¹¹⁸
2181 5405 2182 5408 ,

435 5504 621 5585 praepositum,
637 5514 692 5555 uon
703 5486 1033 5565 neophytumheheutem
1046 5476 1235 5538 testimouium
1289 5478 1455 5552 exsequendi
1468 5474 1569 5551 quibos
1582 5476 1672 5533 medis
1684 5480 1780 5549 posset
1788 5474 1948 5532 attrahendo
1961 5474 2087 5535 delinire.

1058 5589 1274 5653 llllNScllllNll
1292 5580 1408 5652 NOTAE.

464 5724 564 5791 tutiore
574 5712 751 5776 bonualdus,
763 5705 906 5781 episcopus
917 5694 1122 5756 hrdmachoo'us
1141 5699 1167 5748 et
1180 5688 1228 5745 Hi·
1321 5682 1360 5754 (ι)
1372 5677 1484 5734 Rectius
1503 5674 1683 5799 Wctersedto.
1699 5673 1750 5729 auh
1765 5672 1926 5730 Caoeetieusi
1947 5674 2088 5749 archiepff.
2181 5701 2182 5706 ι

429 5798 534 5858 bemiar
548 5792 659 5867 primas,
675 5784 708 5841 ad
718 5796 791 5839 anno
807 5778 874 5834 tear
885 5774 921 5830 ab
934 5784 979 5827 au.
996 5767 1146 5895 11ιῇφὲ
1161 5759 1242 5818 obiit·
1284 5767 1370 5825 scopo
1388 5746 1453 5805 urbs
1467 5746 1596 5872 episcop?
1608 5746 1631 5800 is
1645 5745 1673 5800 in
1695 5744 1843 5813 hemonia,
1861 5751 1977 5818 prepter
1987 5758 2091 5819 'pm-mg

430 5864 681 6003 mddoduodgmm
694 5854 723 5913 iu
741 5851 833 5909 indice
856 5842 1021 5915 chronolog.
1140 5832 1230 5892 iadenr
1284 5818 1558 5966 ffiffio’dinldtlestffi
1573 5886 1698 5945 fluminis
1714 5887 1824 5947 mm

1590 5831 1606 5872 e
1618 5815 1856 5887 pestibublinium
1871 5814 1929 5875 iere
1942 5818 2091 5892 pureslli·
2181 5813 2182 5828 ¹
