4750 6725
275 565 329 625 125

888 579 954 634 tht.
972 577 1006 644 ll,
1024 577 1135 636 EPIST.
1162 579 1313 637 LXXXIX.

1867 587 1920 648 126

273 691 435 740 antecessor
452 701 529 743 meus
543 687 592 744 luit
606 695 756 763 compatre
781 700 882 760 vestro,
912 693 999 748 iacere
1025 710 1079 748 nou
1094 697 1121 757 Α
1136 697 1267 765 hocquod
1284 713 1359 752 mens
1373 699 1501 766 bumana,
1517 701 1641 772 quamvis
1655 699 1687 729 ‘¹⁸
1701 718 1749 758 suo
1773 717 1854 760 sensu
1882 706 1928 760 in-

272 787 399 842 possum.
412 775 476 846 quis
491 793 542 834 nec
558 779 635 836 vobis
651 782 809 851 homagium
816 781 916 848 lacere,
937 799 989 837 uec
1005 784 1076 838 acci·

273 861 415 932 pientibus
430 865 465 920 ds
484 881 566 922 mauu
592 874 683 926 restra
701 870 872 926 investituras
895 871 1077 927 Ecclesiarum

272 959 388 1020 propter
401 953 556 1022 praedictam
569 958 778 1026 prohihitionem
787 975 831 1016 me
842 960 969 1015 audiente
979 962 1076 1016 luctam

271 1039 364 1096 audeo
377 1044 593 1102 communicare.
609 1047 685 1103 Unde
700 1063 797 1116 precor
812 1059 840 1106 ut
856 1049 921 1103 inibi
948 1057 1075 1114 vestram,

272 1131 295 1183 si
311 1128 414 1198 placet,
432 1133 564 1188 mandetis
579 1137 768 1202 voluntatem
785 1139 932 1200 ulrumsic,
948 1139 1077 1207 quemad·

272 1217 463 1286 modumdixi,
480 1222 580 1292 possim
595 1224 623 1278 in
645 1241 712 1295 pace
739 1235 830 1281 restra
857 1239 885 1282 et
911 1225 994 1282 ellicii
1023 1227 1076 1282 mei

271 1315 412 1376 potestate
427 1309 518 1364 redire
534 1311 560 1364 in
575 1314 711 1384 hogliam.
729 1315 843 1370 Paratus
866 1315 937 1370 enim
963 1333 1020 1370 suin
1049 1325 1075 1372 et

271 1397 355 1452 vobis
373 1405 403 1453 et
419 1399 522 1468 populo
535 1401 628 1456 divina
644 1403 708 1458 mibi
731 1403 907 1474 dispositione
930 1405 1076 1460 commisso

273 1483 357 1540 officii
373 1487 427 1542 mci
441 1491 586 1546 servitium
607 1507 658 1562 pro
686 1493 790 1548 viribus
815 1502 842 1548 et
864 1495 975 1548 scientia
1005 1510 1074 1560 mea,

271 1583 387 1630 servata
404 1574 435 1606 ‘¹¹
451 1579 571 1648 regulari
601 1579 770 1648 obedientia,
796 1581 912 1636 fideliter
937 1583 1074 1637 exhibere.

271 1660 354 1730 Quod
369 1665 395 1718 si
407 1664 485 1720 robis
497 1663 532 1694 ‘⁸⁸
547 1683 601 1722 non
618 1669 762 1738 placuerit,
779 1675 844 1742 pulo
860 1672 926 1741 quia
953 1672 978 1726 si
1003 1671 1076 1743 quod

269 1747 429 1802 animarum
469 1750 662 1808 detrimentum
704 1754 768 1810 inde
807 1756 970 1827 eontigerit,
1014 1772 1076 1812 mea

270 1837 355 1904 culpa
379 1853 434 1892 noo
459 1839 519 1894 crit.
550 1839 732 1911 Omnipotens
760 1844 831 1899 Deus
855 1846 894 1900 sic
922 1853 1019 1916 regnet
1048 1846 1075 1899 in

270 1923 359 1976 corde
375 1932 466 1978 restro
482 1931 510 1979 ut
525 1941 574 1982 ros
595 1943 645 1996 per
668 1928 760 1984 omnia
785 1931 906 2000 regnetis
934 1930 962 1984 iu
984 1930 1075 2002 gratia

271 2007 343 2080 cius.
359 2013 445 2068 Amen
461 2011 501 2066 ⁰⁸.

487 2101 656 2160 bristout
666 2105 808 2162 LXXXIX
820 2104 862 2161 ⁰⁴.

394 2201 517 2248 ausam
531 2205 568 2246 ito
583 2207 707 2250 ranrnss
723 2207 959 2252 caurunmmisas.

297 2295 338 2350 De
361 2310 413 2354 atto
441 2297 535 2354 radlia
550 2300 580 2354 t'ii
602 2300 731 2370 duplicia
753 2317 771 2356 o
792 2301 1047 2358 dantum-remites

521 2373 668 2428 monachis
681 2377 838 2444 peroptato.

312 2457 477 2522 arsimus,
494 2459 715 2530 archiepiscopus
730 2461 897 2523 cantuariae.
915 2461 1077 2518 dominisffl

278 2544 411 2600 [ratribus
425 2555 452 2600 et
466 2544 527 2602 filiis
541 2549 708 2604 cbarissimis
721 2551 749 2604 in
765 2551 863 2606 Christi
877 2550 1000 2606 Eoilesia
1011 2551 1082 2606 Can-

281 2633 616 2692 tuariaeoourersautibus
630 2638 742 2692 salutem
757 2647 786 2694 et
806 2640 1024 2696 benedictionem
1047 2641 1078 2673 ‘¹⁸

277 2721 340 2786 Dei,
355 2731 385 2778 et
398 2739 483 2790 suam,
500 2733 628 2796 quantum
646 2735 742 2797 potest.

312 2811 354 2866 De
369 2812 457 2868 reditu
474 2823 565 2869 nostro
580 2815 660 2871 dulce
672 2815 836 2872 desiderium
860 2826 990 2883 vestrum,
1016 2818 1080 2888 quia

277 2898 313 2954 de
328 2899 474 2958 dulcedine
483 2902 638 2959 dilectionis
654 2905 777 2976 procedit
794 2903 836 2972 ⁴¹⁷,
864 2914 1005 2977 gratanter
1031 2922 1081 2962 ae-

277 2988 361 3058 cipio,
375 3004 439 3046 amo
450 2996 479 3046 et
489 2993 623 3062 approbo,
632 2993 738 3049 etiamsi
752 2994 830 3050 aliter
846 2994 920 3050 Deus
934 2997 1081 3066 disponere

278 3077 490 3152 volueritquam
515 3080 585 3136 sicut
608 3096 661 3152 ego
687 3083 828 3138 vobiscum
849 3082 977 3140 desidero
1001 3085 1079 3155 Saepc

278 3180 350 3223 cmm
363 3166 439 3222 Deus
453 3183 599 3226 seriorum
614 3185 724 3226 suorum
740 3171 821 3226 vitain
849 3171 958 3227 ordinat
987 3183 1079 3227 contra

1131 786 1252 841 tentione
1263 787 1347 854 bona,
1364 788 1514 844 desiderat.
1536 791 1610 845 Sicut
1624 793 1696 847 enim
1712 809 1809 847 aurum
1827 793 1852 847 in
1869 794 1930 850 lor·

1130 877 1348 944 naocprobatur,
1364 879 1401 930 ita
1423 889 1528 932 mentes
1555 880 1703 936 electorum
1729 898 1841 937 suorum
1866 883 1930 954 igne

1131 963 1310 1020 tribulationis
1325 967 1475 1023 examinat.
1493 967 1572 1035 Quod
1588 968 1610 1022 si
1626 971 1704 1023 robis
1728 971 1787 1039 ejus
1815 981 1932 1040 paterna

1131 1060 1361 1107 correctioueaui
1381 1056 1544 1124 probatione
1573 1059 1724 1128 contigerit,
1755 1059 1837 1114 nolite
1865 1059 1930 1114 deii·

1131 1155 1205 1207 aere,
1222 1143 1319 1196 sedex
1336 1145 1395 1213 ipsa
1424 1145 1609 1209 tribulatione,
1634 1147 1706 1200 sicut
1732 1147 1793 1215 lilii,
1822 1148 1930 1204 studete

1132 1229 1275 1301 proficere.
1292 1232 1353 1285 Non
1369 1239 1410 1285 cst
1429 1233 1501 1287 enim
1514 1233 1766 1291 inusitatumscrris
1781 1237 1830 1292 Dei
1842 1238 1868 1291 in
1878 1237 1930 1294 liae

1130 1319 1350 1389 peregrinatione
1374 1320 1583 1375 adversitatibus
1611 1323 1777 1379 multimodis
1809 1326 1928 1392 concuti,

1131 1423 1260 1477 quoniam
1277 1423 1330 1464 non
1346 1419 1409 1463 suut
1422 1409 1456 1464 de
1472 1413 1524 1464 hnc
1541 1411 1639 1466 mundo
1656 1431 1663 1480 ;
1680 1422 1705 1466 ct
1720 1422 1823 1486 quanto
1839 1415 1927 1487 magis

1131 1493 1174 1546 hie
1190 1502 1333 1552 vexamur.
1349 1501 1423 1547 tanto
1438 1496 1525 1564 magis
1544 1497 1675 1549 mundum
1695 1505 1872 1567 cognoscunt,
1902 1505 1929 1552 et

1130 1576 1165 1630 od
1181 1577 1299 1647 requiem
1316 1578 1433 1632 transire
1447 1578 1603 1635 desiderant
1615 1581 1650 1634 dc
1663 1583 1713 1636 boc
1728 1582 1837 1637 mundo.
1855 1583 1928 1650 Qua·

1131 1674 1243 1737 propter
1258 1681 1355 1720 moneo
1371 1675 1397 1721 et
1407 1683 1503 1737 precor
1517 1684 1565 1723 ros
1576 1677 1605 1724 ut
1632 1667 1703 1723 filios
1726 1669 1927 1738 charri-simos,

1131 1763 1272 1825 quatenus,
1290 1755 1313 1808 si
1327 1772 1370 1810 res
1381 1757 1515 1827 exegerit,
1531 1767 1633 1828 quanto
1648 1759 1775 1814 abentius
1798 1775 1847 1814 res
1880 1760 1929 1814 bo·

1130 1845 1179 1898 stis
1202 1843 1378 1901 hominumn
1400 1854 1470 1900 statu
1500 1847 1643 1916 religionis
1667 1858 1766 1902 vestrm
1793 1847 1927 1918 dissipare

1129 1929 1285 1995 tentaverit,
1311 1937 1385 1984 tanto
1413 1946 1462 1984 ros
1489 1931 1524 1985 ad
1552 1930 1690 1986 scrritiuiu
1719 1931 1770 1986 Dei
1797 1933 1928 2005 colligere

1092 2018 1243 2108 Betrictus
1258 2018 1397 2072 studeatis.
1415 2019 1460 2074 Sic
1476 2036 1596 2089 namque
1618 2030 1711 2075 contra
1738 2024 1844 2076 bostem
1868 2022 1928 2076 lor-

1134 2109 1186 2162 tius
1203 2109 1358 2178 pugnabilis
1372 2116 1398 2163 et
1409 2109 1459 2163 Dei
1473 2110 1603 2164 auxilium
1632 2108 1768 2166 efficacius
1795 2111 1930 2180 impetra-

1132 2195 1205 2251 bitis.
1222 2197 1263 2250 be
1278 2197 1319 2250 his
1332 2212 1386 2252 non
1400 2205 1442 2251 cst
1455 2212 1568 2252 neccsse
1587 2213 1630 2252 me
1646 2198 1721 2252 rubis
1736 2198 1848 2253 multum
1864 2198 1931 2252 scri·

1131 2284 1209 2350 bere,
1225 2285 1288 2354 quia
1300 2284 1349 2340 Dei
1363 2286 1511 2356 gratiores
1524 2285 1620 2342 ‘¹’baec
1634 2287 1719 2354 scitis,
1731 2295 1758 2340 et
1767 2287 1930 2342 testimonia

1132 2373 1328 2444 scripturarum
1356 2375 1434 2430 vobis
1468 2383 1530 2429 sunt
1572 2385 1713 2445 presentia
1739 2395 1745 2430 :
1770 2384 1796 2430 et
1834 2375 1930 2430 domni

1132 2461 1243 2533 prioris,
1259 2461 1282 2516 si
1298 2461 1336 2515 illi
1348 2463 1458 2518 credere
1473 2463 1625 2526 volueritis,
1646 2463 1725 2519 vobis
1740 2464 1881 2518 consulere
1905 2471 1931 2519 ct

1132 2550 1346 2606 rosconl'oitare
1375 2551 1475 2619 poterit
1501 2552 1649 2621 sapientia.
1678 2551 1758 2620 Quod
1782 2553 1874 2622 petitis
1902 2559 1931 2605 ut

1132 2641 1233 2694 domno
1248 2638 1334 2710 priori
1354 2641 1522 2694 committam
1550 2650 1631 2695 iotam
1659 2657 1755 2695 caiam
1779 2641 1930 2694 animarum

1132 2734 1293 2787 vestrarum,
1309 2733 1413 2778 secrete
1428 2724 1583 2793 etpublice,
1594 2727 1681 2779 denec
1696 2739 1749 2796 ego
1764 2724 1800 2777 ad
1811 2740 1860 2778 ros
1880 2738 1927 2779 re·

1132 2815 1223 2880 dcam,
1239 2814 1291 2868 boc
1306 2814 1398 2882 utique
1411 2812 1462 2868 leci
1479 2820 1507 2867 et
1521 2813 1601 2877 lacio,
1627 2813 1697 2868 sicut
1723 2811 1789 2866 mibi
1811 2812 1874 2883 ipsi,
1901 2819 1931 2866 ut

1132 2905 1191 2973 ipse
1206 2901 1355 2958 secundum
1368 2902 1529 2971 sapientiam
1542 2917 1623 2972 quain
1639 2900 1712 2955 Deus
1726 2901 1778 2955 sihi
1794 2900 1879 2964 debit,
1903 2906 1931 2954 el

1132 2991 1378 3048 secundumzelum
1394 2991 1492 3046 demus
1512 2991 1567 3045 Dei·
1584 3006 1665 3060 quein
1690 2989 1717 3043 in
1741 2989 1826 3044 corde
1846 2989 1930 3059 gerit,

1130 3082 1235 3154 judicet
1256 3088 1284 3135 et
1310 3079 1447 3148 disponat,
1476 3081 1569 3150 puniat
1588 3087 1615 3132 et
1649 3086 1751 3149 parcat,
1794 3086 1931 3148 quatenus

1132 3173 1230 3226 animae
1245 3171 1272 3222 in
1290 3168 1446 3224 innocentia
1473 3167 1633 3233 nutriantur,
1661 3171 1689 3222 el
1717 3167 1774 3222 rita
1800 3175 1931 3238 quantum

927 3270 1039 3325 VARlAE
1066 3267 1270 3324 Lectiones

313 3361 453 3420 ‘¹³Scriaii
475 3378 528 3419 iiia.
558 3368 587 3420 el
610 3366 690 3421 Eilna.
717 3370 835 3423 serrata.
893 3367 1200 3424 ‘'¹Vobisli'dm.votis.
1256 3366 1376 3421 ‘¹'hmen
1407 3384 1463 3421 mr.
1493 3370 1523 3421 ct
1559 3365 1637 3419 litim.
1666 3366 1766 3421 omiti.
1827 3363 1932 3420 ι’Ἒιιιιι

278 3434 375 3491 eodem
391 3449 443 3490 ms.
459 3438 575 3491 cellola.
602 3437 1145 3509 mitescimusvocatusarcbicpiscopus
1174 3442 1290 3495 Cantuar
1317 3438 1441 3492 Dominis
1469 3455 1523 3491 riis.
1539 3436 1685 3491 anselmus
1710 3436 1932 3505 archiepiscopus

279 3506 417 3559 Dominis.
449 3505 714 3563 ⁴¹⁸u'onicrsantibus
729 3518 757 3563 et
772 3510 990 3565 benedictionem
1009 3512 1302 3567 maeonrersantibus
1319 3510 1433 3562 salutem
1450 3520 1473 3561 ei
1505 3507 1730 3563 benedictionem.
1766 3504 1932 3561 ‘¹⁷Dilcctio·

281 3578 324 3629 uis
335 3584 432 3631 restrae
443 3578 561 3643 proci-dit
577 3594 630 3636 nis.
647 3580 799 3637 dilectionis
813 3584 950 3653 procedit.
981 3580 1223 3653 ‘¹’llcnsquamris
1237 3599 1290 3637 mr.
1307 3597 1384 3634 mens
1398 3582 1518 3634 bumana
1533 3582 1665 3651 quamvis.
1687 3576 1803 3636 ‘''Grata
1830 3587 1856 3633 et
1884 3593 1934 3634 vos

281 3664 323 3703 ms
342 3648 390 3703 llei
405 3654 492 3722 gratia
507 3658 534 3703 et
548 3663 605 3705 ros.

883 3723 1033 3781 toaNttts
1058 3726 1197 3781 PlChllbl
1211 3724 1327 3779 ΝΟΜ).

281 3827 307 3875 et
319 3817 381 3887 ipse
396 3818 558 3875 Guillelmus
573 3821 686 3885 Notbus,
702 3822 782 3891 hujus
798 3822 906 3879 lleurici
924 3825 968 3895 (ad
997 3840 1078 3895 quem
1095 3826 1117 3887 c
1133 3840 1165 3879 ex
1181 3838 1235 3892 quo
1250 3821 1276 3876 in
1291 3822 1388 3893 vulgus
1399 3819 1546 3874 ederentur
1559 3818 1715 3874 necessario
1729 3816 1930 3889 cognoscenda,

282 3900 345 3945 sunt
361 3903 513 3961 praesentes
529 3894 652 3947 Auselmi
676 3893 782 3963 littei-aa)
810 3896 927 3966 genitor.
961 3896 1080 3949 Vidimus

283 3978 356 4015 enirn
372 3963 443 4031 apud
460 3962 605 4017 baronium
615 3980 676 4019 eum
685 3967 830 4019 Alexandri
841 3984 918 4037 papae
928 3967 1084 4021 testimonio

283 4031 437 4099 laudarum,
454 4035 489 4087 ob
505 4036 660 4089 exstinctam
681 4054 696 4090 a
716 4037 1084 4107 ¹=epestemSinioiiiaedllal-

283 4103 567 4165 meeberiensisrero.
583 4106 604 4159 si
626 4107 769 4161 credamus
793 4110 884 4173 aienti,
916 4110 962 4175 lib,
993 4125 1021 4162 ui
1045 4109 1084 4161 De

283 4190 348 4242 reg.
369 4175 474 4241 Anulis.
496 4174 660 4247 Gregiirium
691 4178 737 4233 Vll
763 4179 933 4234 iurintorem
952 4180 1032 4233 luisse
1059 4186 1085 4233 et

283 4247 402 4315 primum
419 4246 619 4303 lulminatoreni
643 4250 821 4305 anathematis
846 4251 872 4304 iu
900 4250 984 4307 laicos
1008 4251 1086 4304 inre·

284 4318 394 4372 stitores
409 4328 434 4369 ct
451 4320 615 4385 iui·estitos;
632 4320 696 4373 nibil
707 4323 784 4374 inlus
794 4337 838 4375 rei
848 4321 889 4376 bis
903 4322 1087 4376 amiuadicrto

283 4391 357 4459 quod
374 4388 554 4445 Lanlrancum
575 4392 700 4462 attingat.
718 4392 752 4445 Et
769 4393 878 4462 quidem
895 4394 953 4461 ejus
968 4394 1085 4475 inaugu-

285 4462 352 4514 ratio
364 4460 425 4529 plus
450 4462 523 4531 regia
548 4462 752 4530 importunitate
768 4468 795 4515 el
825 4466 922 4517 summi
952 4464 1087 4533 pontilicis

280 4531 362 4599 jussu
379 4531 499 4599 perlecta
514 4532 562 4585 luit
573 4548 655 4601 quam
669 4532 822 4603 bujusmoili
846 4544 981 4605 suspectis
1007 4534 1084 4587 liiiio-

285 4602 369 4663 ribus,
387 4608 414 4655 ot
435 4604 551 4670 ipsemet
580 4611 686 4657 testatus
719 4612 758 4657 est
780 4604 879 4659 litteris
906 4606 1082 4661 adeuniitem

286 4670 442 4743 poniificem
457 4675 528 4727 datis
544 4675 691 4743 relatisque
702 4676 735 4729 ad
758 4676 898 4745 epistolam
927 4676 960 4729 ab
989 4676 1036 4729 lib.
1062 4692 1081 4729 i.

287 4744 434 4809 Praeterea,
449 4743 545 4799 eedem
569 4745 726 4801 Alexandro
750 4747 925 4817 pi'aecipiente
954 4746 1085 4801 'lhomam

286 4814 403 4869 Eboraci
432 4815 711 4885 archiepiscopuiuet
740 4816 893 4886 Remigium
937 4816 1085 4873 Linculniae

288 4886 433 4955 presulem
449 4902 504 4940 suis
519 4886 769 4959 indignossedibus
784 4887 839 4960 (liic
854 4888 924 4956 quod
941 4888 1086 4943 Guillelmo

288 4955 379 5012 Natho
394 4957 520 5025 hiigliam
535 4958 654 5013 venienti
671 4959 774 5013 tulisset
801 4960 950 5028 suppetias,
976 4962 1084 5030 episce-

289 5031 363 5097 pium
381 5030 556 5097 acquisierat,
574 5030 628 5095 ille,
641 5029 714 5100 quod
734 5028 883 5099 presbyteri
905 5028 976 5083 lilius
1003 5032 1087 5102 esset)

290 5100 419 5153 restituit.
439 5100 539 5153 Verum
551 5102 614 5171 quia
629 5112 737 5155 auctore
766 5100 999 5155 blalmesberieusi
1014 5101 1060 5155 lib.
1079 5117 1087 5154 i

1140 3909 1189 3965 pro
1206 3896 1338 3960 locorum,
1355 3906 1546 3961 personarum,
1574 3900 1600 3944 cl
1624 3899 1778 3959 temporum
1803 3887 1932 3951 rationu

1139 3966 1188 4019 alia
1200 3965 1461 4019 reroautrcticenda
1471 3978 1587 4028 prorsus,
1599 3970 1703 4015 aiituon
1714 3970 1767 4015 tam
1778 3960 1932 4025 manufesta,

1139 4038 1236 4092 lienda.
1253 4044 1280 4089 ut
1295 4036 1400 4090 rideret
1413 4035 1555 4089 Lanlrauci
1570 4032 1723 4105 prudentia,
1739 4031 1783 4087 cui
1797 4031 1865 4085 lides
1879 4037 1937 4087 criti

1140 4109 1271 4164 dictorum
1288 4122 1429 4177 paparum.

1175 4177 1370 4248 Qiiarnebrrui,
1387 4178 1409 4230 ai
1426 4176 1489 4245 quid
1513 4176 1638 4245 prestitit
1663 4173 1838 4235 Lanlrancus.
1864 4173 1936 4245 quod

1141 4251 1274 4306 detrectet
1297 4250 1452 4311 anselmus,
1475 4264 1558 4303 nemo
1572 4247 1713 4301 temerarie
1741 4247 1807 4301 viiio
1834 4245 1939 4300 dedicit

1140 4322 1303 4392 probissimo
1317 4322 1437 4384 autistiti,
1453 4335 1514 4373 cuin
1525 4320 1676 4387 discipulus
1687 4318 1859 4386 preceptionis
1881 4332 1938 4371 rou

1140 4401 1242 4462 carpat,
1258 4392 1306 4445 sed
1321 4390 1436 4444 affiriuct
1451 4407 1481 4443 se
1494 4406 1546 4443 non
1562 4391 1661 4443 audere
1676 4391 1746 4458 quod
1777 4386 1938 4458 praeceptori

1141 4465 1218 4518 licuit
1234 4464 1269 4528 tsi
1280 4479 1323 4515 res
1339 4462 1461 4529 exigeret
1477 4461 1636 4530 aliquando)
1650 4461 1686 4514 ob
1697 4459 1867 4513 interdictum
1884 4460 1926 4514 Ur·

1142 4535 1203 4589 haui
1218 4534 1241 4587 ll
1257 4541 1282 4586 et
1307 4533 1444 4587 Pascbalis
1462 4533 1486 4585 ll
1511 4547 1541 4585 se
1568 4532 1695 4584 audiente
1720 4530 1932 4598 promulgatum.

1139 4607 1274 4659 aurarum
1291 4605 1335 4657 hir.
1350 4618 1440 4657 animo
1455 4602 1583 4663 succedit,
1601 4602 1874 4655 blalmesberiensem
1890 4601 1934 4653 sui

1140 4679 1327 4729 immemorem
1343 4674 1426 4728 luisse
1441 4674 1509 4727 libro
1521 4687 1550 4725 iii
1566 4674 1605 4727 De
1616 4689 1682 4742 reg.
1697 4671 1803 4741 singlis,
1830 4670 1875 4725 ubi
1902 4670 1937 4724 de

1140 4746 1276 4817 Gregorio
1293 4747 1339 4800 vtl
1357 4762 1424 4814 papa
1440 4745 1479 4798 sir,
1494 4744 1587 4799 scribit
1605 4760 1611 4797 :
1628 4744 1688 4799 llic.
1699 4744 1769 4813 quod
1780 4742 1832 4797 olii
1847 4742 1938 4797 inani·

1141 4816 1505 4888 triveruntpolomeetulil,
1517 4812 1939 4884 excommuniconselrrtosqui

1141 4892 1327 4943 investituras
1340 4890 1374 4943 de
1389 4904 1479 4943 manu
1488 4889 1556 4943 loiri
1566 4885 1939 4958 pcioiiaiilumelboculum

1140 4962 1313 5030 acciperent.
1345 4961 1480 5023 Graviter,
1498 4959 1618 5028 inquam,
1635 4956 1766 5011 nicanoris
1778 4957 1869 5025 lapsus
1897 4963 1939 5009 est

1141 5029 1311 5085 hlahiiesbita
1327 5030 1364 5083 ita
1389 5030 1512 5085 scribens
1528 5049 1533 5085 :
1554 5029 1644 5083 ·Cum
1663 5029 1804 5083 Nicolaum
1815 5028 1826 5081 l
1837 5042 1939 5097 papam

1141 5102 1263 5155 ducentis
1277 5100 1362 5155 lcrme
1374 5102 1451 5155 anuis
1467 5110 1528 5155 ante
1544 5100 1743 5171 Gregoriumet
1759 5100 1877 5153 Leonem
1891 5099 1937 5161 tv.

288 5170 329 5225 De
346 5168 521 5239 pontificibus
536 5172 632 5242 huglis
649 5186 656 5225 :
675 5204 683 5217 -
704 5173 774 5239 Papa
786 5172 893 5241 pondus
923 5172 986 5226 lacti
1013 5188 1028 5224 a
1057 5188 1086 5226 sc
1100 5180 1130 5243 Ι)
1142 5180 1204 5225 nuto
1217 5173 1360 5226 Nicolaum
1375 5180 1481 5225 constet
1495 5171 1567 5224 idom
1583 5171 1686 5225 cavisse
1701 5169 1939 5225 subanaibematis

289 5240 428 5309 reiiciens,
449 5240 659 5298 iubant'rancum
675 5242 917 5297 considerationem
929 5240 1083 5307 transfudit,
1143 5244 1438 5313 pienaqimmlegere
1465 5249 1505 5295 est
1533 5250 1607 5296 tomo
1632 5241 1655 5296 ll
1678 5242 1867 5305 conciliorum,
1897 5240 1940 5294 bis

289 5312 361 5369 bens
375 5326 410 5367 an
425 5327 504 5368 secus
519 5312 607 5377 iteret,
626 5314 752 5367 redderet
767 5312 939 5367 investituras
952 5318 977 5366 si
993 5314 1081 5377 vellet,

290 5384 311 5437 si
328 5382 428 5443 minus.
447 5381 547 5439 laceret
563 5384 634 5453 quud
645 5384 816 5439 commodum
832 5384 925 5439 sciret.
941 5385 979 5437 lta
994 5383 1043 5447 illi,
1054 5386 1088 5438 de

291 5469 372 5508 mauu
388 5454 533 5511 Laiifranoi
548 5455 660 5510 baculos
675 5461 701 5509 et
716 5454 830 5509 annulos
846 5456 1018 5523 recipi-ntes.
1038 5456 1086 5509 lar-

290 5534 348 5580 tum
365 5528 399 5579 aii
411 5525 523 5595 patriam
546 5541 606 5581 cum
636 5526 731 5581 eodem
760 5525 845 5579 moliti
871 5532 933 5580 suut
962 5526 1088 5581 reditum.

290 5598 349 5652 Nec
364 5595 793 5667 minorieumnmorisdiligentia
804 5596 972 5667 palpandum
988 5598 1091 5651 curarit

292 5666 446 5737 Gregorius
461 5670 609 5722 Alexandri
624 5684 775 5731 successor,
792 5670 873 5721 multa
885 5668 956 5721 illius
978 5667 1091 5724 consilio

290 5739 456 5805 transigens,
470 5739 553 5793 multe
568 5740 649 5793 etiam
669 5740 826 5794 domesticis
840 5739 895 5791 suis
906 5739 1008 5805 ignota,
1020 5740 1093 5793 illius

290 5810 467 5867 conscientiae
482 5812 716 5865 communicabam
735 5810 839 5877 Quibus
865 5809 1091 5863 llalnicsberien-

291 5882 329 5935 sis
346 5882 436 5937 verbis
447 5890 568 5950 apparet,
586 5882 635 5935 bos
652 5882 721 5937 iluns
738 5880 1092 5949 pontiliuesliabuissebau·

292 5954 416 6012 francum
430 5952 460 6009 iu
485 5953 589 6025 anglia
614 5953 671 6011 rice
693 5951 832 6013 sacerrimi
860 5950 984 6022 ejusdam
1008 5950 1093 6023 copti,

1138 5314 1229 5368 verbis
1245 5328 1252 5368 ε
1271 5314 1304 5369 Ut
1320 5330 1369 5383 per
1384 5313 1467 5367 laires
1480 5311 1554 5366 nullo
1577 5312 1661 5367 ruoilo
1688 5312 1802 5383 quilibet
1830 5311 1943 5367 clericus

1143 5394 1188 5440 aut
1206 5384 1346 5456 presbyter
1360 5383 1482 5438 obtineat
1508 5383 1663 5447 ecclesiam,
1690 5399 1742 5439 neo
1769 5384 1866 5455 gratis,
1892 5396 1944 5439 rica

1143 5458 1242 5525 pretio.
1261 5478 1272 5503 ι
1290 5455 1361 5523 Quin
1376 5462 1403 5509 et
1415 5454 1571 5508 alexander
1585 5454 1745 5524 llGiegoiii
1762 5456 1808 5511 l'tl
1837 5455 1945 5525 prade-

1144 5542 1238 5582 ccssor
1250 5527 1386 5596 probavit,
1403 5527 1619 5595 servandamque
1634 5528 1761 5595 praecepit
1776 5527 1943 5581 banccaete-

1144 5614 1248 5669 rusque
1260 5598 1364 5651 Nicolai
1379 5598 1596 5651 constitutiones.
1609 5597 1716 5651 Etenim
1745 5599 1815 5651 banc
1829 5596 1941 5651 Gratia-

1146 5685 1197 5722 nus
1212 5670 1301 5721 retulit
1317 5668 1463 5721 Alexandri
1473 5669 1582 5720 nomine
1608 5684 1669 5737 cap.
1686 5670 1713 5727 G,
1728 5676 1817 5736 quest.
1837 5670 1864 5731 i,
1875 5683 1938 5734 can,

1146 5742 1200 5795 Pei·
1215 5740 1311 5795 laicos.
1334 5739 1449 5794 Ubinam
1465 5755 1530 5791 reio
1547 5739 1597 5793 loci
1611 5740 1774 5793 brustatum
1788 5742 1937 5801 renovarit,

1146 5811 1278 5879 erpi-imit
1291 5811 1416 5879 ipsemet,
1429 5810 1550 5863 scribens
1567 5812 1592 5862 in
1603 5810 1675 5862 hunc
1691 5811 1801 5863 modum
1819 5827 1846 5862 :r
1864 5812 1938 5863 Αιιι-

1146 5896 1259 5935 annosa
1273 5882 1426 5951 episcopiis,
1446 5897 1542 5935 sertus
1562 5896 1700 5935 serrorum
1727 5882 1785 5944 Dei,
1811 5879 1939 5933 omuibus

1146 5952 1282 6026 episeopis
1308 5952 1458 6017 catholicis,
1488 5962 1639 6023 cunctoque
1661 5953 1734 6007 clero
1756 5959 1786 6006 et
1827 5952 1938 6021 populo,
