4750 6725
388 520 442 579 815
513 459 519 467 ·
934 506 963 563 S.
984 499 1140 560 llUGONlS
1157 494 1305 555 tastris
1324 494 1485 551 ctttttttc.
1995 490 2061 547 916

384 635 456 715 lum,
472 639 520 699 nbi
535 641 635 699 inerms
658 647 744 707 arant,
772 632 889 703 intrarit,
904 638 932 688 et
957 632 1018 686 hac
1040 628 1075 685 ad
1089 638 1187 683 omues
1200 618 1231 684 Α
1246 619 1365 677 videbat.
1392 617 1460 675 illud
1474 625 1599 677 saucium
1626 632 1727 691 agmen
1757 616 1868 690 quidam
1891 618 1989 675 sanior·
2005 634 2062 675 aa·

388 730 522 807 protulit:
540 755 552 780 α
572 729 721 796 Novaricia,
739 726 846 791 fratros,
862 720 1011 794 benignum
1025 718 1117 773 tesam
1138 729 1188 773 ve·
1243 710 1386 781 quabatur,
1411 707 1458 780 qui
1473 706 1571 763 restitit
1592 715 1620 763 at
1633 707 1690 763 ait:
1709 729 1721 757 ι
1742 706 1828 777 Cujus
1842 714 1891 774 est,
1907 707 2060 782 agricola,

389 822 454 878 stris
475 818 616 877 solemniis
630 818 774 881 interesse,
795 827 828 868 ac
842 818 935 868 contra
947 807 1052 865 inuidia
1065 805 1189 861 laborare
1243 813 1310 871 ager
1324 797 1374 853 iste
1388 810 1470 868 quem
1487 797 1580 854 uolisi
1601 820 1613 847 ι
1629 794 1683 867 Qui
1698 796 1754 853 ait:
1773 822 1785 843 ι
1806 796 1841 851 B.
1857 796 1929 854 Petri
1944 802 1972 853 at
1987 798 2062 854 Do·-

389 910 497 967 bostem
524 922 644 978 nequam
658 908 688 959 ui
701 903 805 975 aliquas
820 899 992 957 tenebrarum
1015 910 1123 952 suarum
1138 908 1189 948 ue·
1244 887 1310 943 utini
1338 886 1445 943 abbatis
1472 885 1670 943 cluniacensis.
1706 887 1766 942 alili
1793 887 1885 943 senior
1910 886 1946 941 ad
1959 888 2059 943 bae:

389 998 470 1055 bulas
493 1004 568 1053 tanto
591 992 732 1066 splendori
764 990 850 1063 possit
874 987 1068 1044 intermiscere.
1097 984 1191 1040 Frater
1245 1000 1258 1024 α
1279 976 1415 1042 lieusest,
1431 974 1527 1047 inquit,
1540 974 1751 1048 ager,etabbas
1763 976 2059 1031 meusastiamulrrs:

389 1086 472 1157 enirn,
503 1083 550 1150 ait,
581 1082 692 1154 quidam
708 1083 750 1150 (se
776 1079 869 1150 utique
884 1077 955 1132 dans
980 1072 1109 1147 intelligi)
1122 1070 1191 1130 vidit
1243 1068 1273 1121 tu
1288 1071 1379 1121 autam
1393 1064 1492 1121 festina
1505 1066 1633 1120 nuntiare
1652 1073 1746 1121 nostro
1760 1063 1862 1134 abbati,
1878 1064 2062 1135 utdisponaa

389 1175 502 1232 tiruem
525 1170 728 1242 misericordia,
753 1168 842 1239 ipsum
865 1165 973 1234 Filium,
989 1178 1070 1235 quem
1083 1176 1189 1234 prece·
1244 1152 1338 1209 domui
1366 1168 1423 1209 tuas
1448 1168 1530 1225 quatu
1557 1153 1679 1222 nutrivit,
1712 1154 1788 1225 quia,
1816 1162 1877 1226 post
1904 1154 2060 1211 mouimus

389 1262 467 1319 denti
494 1260 590 1333 genuit
615 1264 705 1330 nocte,
725 1256 881 1313 dulcissimo
908 1252 1014 1325 gremio
1038 1250 1189 1320 continere,
1244 1246 1361 1312 tempus,
1379 1242 1458 1311 buius
1482 1242 1546 1299 vita
1571 1241 1650 1297 finem
1679 1242 1819 1301 sortietur.
1850 1242 1901 1300 Dia
1915 1250 2012 1299 aurem
2026 1246 2057 1299 ej

389 1352 474 1423 eique
491 1356 645 1407 sanctorum
666 1346 826 1420 augelorum
848 1342 1050 1399 multitudinem
1062 1355 1124 1395 cunr
1140 1341 1191 1394 irn-
1246 1332 1355 1389 Patrum
1377 1330 1528 1401 apostolum
1550 1331 1610 1387 baeo
1621 1330 1669 1386 tibi
1684 1331 1842 1403 nuntiasse,
1859 1331 1906 1405 qui
1919 1348 1987 1389 raro
2003 1348 2056 1389 me

389 1455 485 1496 menso
500 1436 602 1494 lumine
629 1443 728 1492 astare.
752 1433 828 1489 idern
843 1433 918 1488 Deus
930 1446 1000 1502 puer
1022 1427 1189 1497 exsultabat,
1244 1420 1412 1491 precedunt,
1434 1420 1484 1475 Dei
1504 1418 1671 1476 Genitricom
1692 1428 1720 1477 et
1733 1428 1840 1477 sanctos
1853 1419 1986 1478 denuntia
2003 1422 2056 1477 fn·
2156 1434 2157 1479 ι

390 1537 418 1587 at
431 1527 522 1584 cordis
544 1525 666 1582 letitiam
680 1530 758 1597 gestu
776 1521 898 1593 corporis
912 1528 939 1576 et
954 1518 1049 1592 plausu
1062 1534 1191 1573 manuum
1245 1508 1391 1565 multantes.
1416 1532 1428 1557 ι

390 1614 619 1672 demonstrabat:
650 1618 676 1669 ei
698 1627 845 1669 conversus
871 1608 906 1665 ad
933 1608 1045 1663 lintrem
1078 1606 1188 1662 aiebat:
1281 1600 1325 1655 ll·
1351 1600 1427 1656 Idem
1450 1600 1530 1673 Hugo
1545 1600 1571 1654 lu
1595 1600 1707 1657 articulo
1725 1600 1820 1657 mortis
1833 1600 1948 1672 positus,
1965 1614 2053 1657 naco-

392 1702 523 1771 aCeruis,
534 1702 629 1771 linter,
637 1698 898 1758 noctemnatiritatis
907 1712 1050 1766 memque
1057 1695 1189 1763 imminet,
1246 1688 1305 1744 leus
1329 1687 1542 1745 anniversarium
1567 1688 1691 1745 Gaufridi
1714 1688 1911 1761 archiepiscopi
1926 1698 1953 1745 et
1966 1690 2052 1745 Mau-

389 1792 498 1865 gaudiis
506 1790 693 1847 illustrandam
706 1790 720 1843 i
733 1788 761 1843 iu
772 1803 825 1859 qua
834 1793 861 1843 el
875 1787 1069 1857 prophetarum
1081 1784 1192 1841 oracula
1246 1776 1328 1833 donia
1343 1776 1459 1847 abbatis,
1470 1776 1619 1833 obliviosos
1633 1776 1773 1835 admonuit
1785 1796 1792 1843 r
1805 1786 1858 1833 tam
1874 1778 1978 1835 tenacis
1990 1787 2054 1833 erat

390 1889 419 1936 et
432 1881 594 1952 angelorum
608 1872 976 1950 praeconiarenovnbuutur,
991 1881 1018 1930 et
1033 1875 1067 1929 de
1081 1888 1143 1930 mco
1157 1888 1191 1929 ex
1244 1866 1384 1923 memoris
1411 1874 1438 1921 el
1465 1873 1545 1923 luntae
1577 1866 1728 1936 charitatis,
1758 1867 1823 1939 quia
1854 1866 1892 1922 ibi
1919 1869 2052 1922 iraterum

388 1976 416 2024 te
429 1971 491 2025 ortu
512 1969 607 2023 omnia
629 1966 758 2022 similiter
778 1964 901 2022 oculestia
915 1972 942 2019 et
960 1962 1096 2018 terrestria
1109 1963 1186 2018 laeta-
1203 1954 1339 2037 Baalutis
1353 1970 1407 2011 nou
1421 1965 1479 2011 erat
1507 1956 1660 2025 immernor,
1686 1956 1809 2013 abiram
1830 1957 1947 2031 quisque
1960 1955 2051 2013 remi-

388 2056 497 2112 buntur.
524 2054 576 2112 ilbi
598 2063 639 2111 ost
660 2070 735 2111 nuuc
756 2052 841 2109 bostis
864 2052 918 2108 mei
946 2052 1076 2107 damnata
1101 2048 1188 2122 parii-
1245 2042 1356 2100 discitur
1382 2044 1512 2115 propriae.
1545 2045 1656 2115 tuipsa
1685 2052 1762 2101 nocte
1777 2059 1831 2119 qua
1859 2052 1981 2101 mortuus
1996 2052 2049 2112 ast,

392 2141 464 2201 dini
491 2143 543 2201 Ubi
556 2160 629 2199 nuno
657 2142 716 2213 ejus
738 2150 869 2214 potestas,
897 2157 958 2212 quae
973 2148 1036 2197 ante
1063 2141 1116 2197 boc
1135 2140 1189 2195 sin·
1243 2132 1447 2190 benedictiones
1460 2132 1608 2191 lactionum
1624 2135 1770 2191 lectoribus
1789 2134 1927 2206 imposuit.
1943 2134 2050 2190 Exire-

389 2232 628 2307 putaragandium
640 2229 961 2286 mundodomiuabatur?
982 2227 1068 2298 aQuo
1082 2228 1191 2284 illeim-
1244 2236 1318 2277 tuum
1332 2222 1516 2291 eiusvarbum
1545 2222 1595 2278 iuil
1610 2224 1644 2279 ad
1670 2223 1922 2280 circumstautesz·
1954 2224 2048 2279 Bene·

388 2320 510 2393 prudens
524 2319 627 2389 audito,
643 2320 678 2375 de
692 2318 804 2374 latibulo
818 2332 869 2375 suo
879 2332 1018 2391 egressus,
1034 2316 1147 2390 alonge
1160 2332 1190 2371 se
1243 2310 1337 2367 dicite.
1364 2334 1376 2360 a
1395 2312 1499 2382 Corpus
1514 2312 1572 2383 ejus
1587 2312 1614 2367 in
1629 2313 1748 2384 capitulo
1763 2313 1917 2369 afralribtts
1932 2313 2049 2368 dalbs-

388 2408 530 2481 prodidit;
557 2416 585 2464 et
612 2407 795 2480 ignominiose
823 2407 993 2476 deturpatus,
1022 2421 1083 2461 cnm
1103 2403 1189 2461 multo
1244 2399 1285 2470 tis,
1300 2400 1375 2471 prius
1387 2414 1469 2471 aqua,
1497 2400 1596 2458 deiude
1618 2402 1680 2457 rino
1711 2402 1832 2458 ablutum
1847 2410 1901 2458 est.
1919 2403 1962 2457 rid
1977 2401 2048 2457 ulti-

388 2498 501 2569 planetu
515 2504 541 2552 et
554 2495 670 2564 ululatu,
686 2502 715 2550 ut
723 2496 913 2551 admitteretur
928 2493 1042 2550 orabat:
1061 2518 1072 2543 ι
1093 2494 1137 2563 Et,
1153 2494 1187 2562 si,
1243 2502 1316 2545 urum
1329 2489 1438 2546 modico
1452 2490 1584 2560 balsamo,
1606 2491 1680 2564 quod
1703 2500 1845 2563 supererat
1858 2492 1884 2545 iu
1900 2490 1976 2547 brevi
1994 2508 2048 2548 aa·

387 2586 435 2653 ait,
461 2585 489 2641 in
516 2584 588 2640 nulla
616 2592 693 2656 parte
718 2584 840 2639 ecclesiia
874 2584 1013 2649 admittor,
1043 2584 1070 2637 in
1097 2582 1189 2655 aliquo
1241 2577 1328 2646 sculo,
1355 2578 1431 2633 trinis
1453 2578 1562 2635 vicibus
1577 2586 1661 2635 totum
1685 2594 1796 2650 corpus,
1818 2579 1881 2636 licet
1903 2594 2045 2652 maguum,

388 2674 487 2729 saltem
507 2672 671 2746 reliquarum
686 2671 857 2728 officinarum
880 2672 941 2727 loco
955 2670 1100 2742 suscipiar.
1122 2693 1133 2721 n
1151 2673 1189 2727 At
1242 2666 1550 2739 affluenterperunrrarn
1561 2676 1622 2731 asir
1638 2668 1809 2739 quod-vixad
1821 2669 1909 2724 solutu
1923 2668 2048 2739 lapidum

389 2762 474 2820 filius
487 2762 609 2836 Virginis
626 2780 633 2816 :
652 2784 664 2809 ι
687 2760 771 2827 Vade,
788 2759 910 2828 furcifer,
925 2759 1021 2831 inquit,
1037 2776 1071 2815 ne
1085 2767 1111 2816 te
1125 2776 1188 2817 mea
1240 2763 1323 2827 caput
1336 2757 1485 2825 sufficerat,
1501 2756 1552 2812 nisi
1575 2757 1765 2814 benedictione
1779 2758 1883 2813 oralesti
1908 2757 2046 2829 multipii-

385 2851 509 2923 poteaua
535 2849 740 2922 praejudicatum
763 2848 929 2918 lamenteris,
955 2856 1029 2905 tenta
1051 2849 1125 2921 quod
1139 2864 1188 2919 po·
1240 2852 1330 2902 catum
1346 2846 1418 2901 iuter
1431 2844 1745 2919 manusobsequentiurn
1759 2846 1922 2902 abundarat.
1946 2846 2049 2902 Beatus

386 2938 498 2996 teris.»
527 2940 561 2993 tt
575 2937 620 2994 ille
649 2936 761 3006 solutus,
790 2936 892 2993 aditum
914 2936 1024 3008 capituli
1048 2936 1144 3007 petiit;
1160 2946 1187 2993 ct
1242 2942 1333 2991 autem
1347 2936 1494 3006 Dionysius
1516 2935 1681 3008 areopagita
1695 2936 1822 3008 apparuit
1837 2936 1944 2991 cuidam
1968 2936 2047 2990 fratri

386 3028 491 3081 intrare
514 3033 637 3091 conatus,
653 3040 709 3081 nou
731 3024 838 3095 potuit;
861 3024 996 3081 intantum
1019 3025 1093 3080 enirn
1116 3034 1144 3082 et
1157 3042 1187 3082 se
1241 3025 1312 3095 apud
1326 3024 1511 3097 Naugentum,
1535 3024 1639 3094 diceus,
1662 3030 1692 3081 ul
1715 3022 1956 3081 festimnretadire
1978 3023 2048 3080 Clu-
2156 3032 2157 3079 l

389 3114 534 3182 tumidum,
550 3120 577 3168 et
601 3111 744 3168 introitum
758 3112 869 3183 capituli
884 3121 1028 3184 angustum
1043 3113 1146 3169 invenit
1159 3123 1188 3171 ut
1241 3114 1360 3182 nircum,
1375 3122 1404 3168 ut
1418 3114 1573 3171 valedicere
1587 3122 1679 3187 posset
1694 3112 1725 3170 S.
1746 3112 1866 3186 Hupoui,
1883 3112 1976 3168 statim
1995 3112 2045 3168 de-

389 3200 547 3257 uullatenua
569 3201 669 3256 intrare
684 3200 803 3264 ualerem
820 3216 885 3257 rere
897 3200 1081 3257 inflammatus
1094 3218 1188 3274 super·
1240 3216 1352 3259 cessuro
1368 3244 1374 3256 .
1392 3245 1399 3258 .
1418 3246 1425 3259 .
1444 3244 1450 3256 .
1467 3204 1541 3275 (110)
1565 3202 1632 3258 lieni
1657 3218 1710 3275 ego
1732 3201 1839 3273 infelix,
1855 3202 1902 3258 sed
1923 3208 2045 3258 saucium

389 3290 624 3362 biaeapostemate
643 3288 751 3357 vetans,
780 3304 829 3363 par
851 3288 983 3344 humilem
1006 3290 1109 3345 aditum
1131 3308 1186 3346 nnn
1208 3292 1411 3385 emigrantem
1437 3308 1490 3348 non
1505 3292 1629 3362 salutavi,
1652 3290 1747 3347 datum
1761 3300 1852 3347 tamen
1873 3297 1916 3349 est
1928 3291 2045 3362 spiritui,

391 3379 478 3454 potuit
492 3378 619 3435 transire.
641 3378 709 3435 Inde
732 3379 767 3434 ad
782 3377 971 3435 dormitorium
987 3379 1099 3435 fratrum
1113 3397 1195 3454 gres-
1250 3381 1323 3452 quod
1351 3391 1457 3439 constat
1483 3383 1592 3453 corpori
1629 3398 1690 3438 esse
1714 3390 1862 3456 negatum:
1892 3380 1950 3438 ridi
1977 3381 2049 3438 enim

390 3485 452 3525 sum
466 3467 608 3537 convertit,
624 3475 651 3524 ct
673 3465 825 3539 phantasiis
839 3466 927 3524 solitis
941 3483 1031 3525 saeos
1044 3469 1196 3540 iuquietare
1249 3470 1286 3526 mi
1306 3478 1347 3527 tos
1371 3471 1529 3527 mortalibus
1556 3487 1682 3542 superos,
1708 3480 1734 3528 at
1766 3485 1828 3527 curu
1854 3471 2049 3526 monachorum

393 3573 477 3632 posse
489 3556 639 3624 confidens,
664 3556 774 3613 introire
789 3556 921 3625 teutarit3
937 3556 987 3613 sed
1001 3558 1099 3614 eadem
1116 3575 1197 3632 gros-
1249 3559 1367 3634 collegio
1380 3561 1494 3618 lintrem
1505 3561 1554 3616 Dei
1569 3560 1655 3616 maris
1664 3559 1770 3617 stellam
1780 3560 1879 3616 elarius
1893 3575 2047 3626 camarare,

393 3646 511 3703 situdine
525 3662 573 3702 sua
595 3645 631 3702 ab
645 3642 714 3702 ostio
728 3644 862 3716 repulsus,
877 3646 1001 3702 recessit.
1018 3645 1195 3703 Postmodum
1249 3649 1326 3720 cujus
1339 3649 1488 3722 prasentia
1511 3649 1666 3722 sagittarios
1688 3649 1820 3720 quosdam
1836 3656 1999 3721 apparentes
2013 3648 2049 3703 ita

395 3737 432 3792 ad
447 3734 622 3792 refectorium
646 3733 765 3790 nocendi
779 3749 856 3805 spem
871 3735 994 3804 contulit,
1009 3733 1112 3807 ibique,
1126 3752 1195 3808 pro·
1250 3738 1377 3794 extorruit
1392 3745 1418 3794 et
1433 3739 1547 3812 fugavit,
1572 3740 1640 3795 sient
1654 3755 1750 3795 sentus
1772 3738 1881 3794 validus
1896 3745 2048 3794 autumna-

394 3833 456 3896 pter
469 3822 665 3896 aliquantulum
691 3821 812 3894 corporis
835 3837 938 3891 comm,
955 3823 1089 3894 majorem
1103 3825 1196 3896 suspi-
1250 3827 1290 3882 les
1306 3827 1409 3883 frontes
1434 3828 1553 3897 dejicere
1577 3828 1733 3891 consuerit;
1758 3827 1831 3884 inter
1843 3842 1911 3901 quos
1924 3825 2050 3884 liartiuus

395 3922 473 3970 catus
487 3910 618 3967 mentium
643 3911 785 3976 incuriam,
803 3909 841 3964 ibi
861 3910 942 3965 etiam
958 3917 997 3967 tot
1017 3912 1196 3969 obicesdiri-
1250 3931 1360 3989 gemma
1387 3917 1569 3986 sacerdotum,
1600 3924 1627 3974 et
1651 3915 1813 3974 Benedictus
1841 3917 1881 3972 sol
1910 3915 2048 3982 abbatum,

396 4015 493 4059 norum
506 4015 544 4055 ex
555 3997 669 4055 lectione
682 3998 838 4066 verborum,
851 4006 889 4054 tot
901 3999 992 4055 trabes
1006 4015 1043 4056 ex
1052 4001 1197 4058 devotione
1250 4005 1377 4076 spiritum
1392 4005 1420 4062 S.
1451 4007 1575 4080 lingonis
1603 4006 1778 4074 deducentes,
1808 4005 1878 4061 inira
1905 4005 2049 4076 quamdam

400 4089 564 4156 auditorum,
593 4093 632 4141 tot
652 4086 784 4160 repagula
811 4087 911 4158 reperit
925 4103 961 4142 ax
988 4088 1119 4146 charitate
1145 4089 1197 4145 sibi
1251 4093 1359 4150 vineam
1374 4095 1524 4166 spaciosam
1552 4105 1579 4152 et
1593 4095 1788 4152 fertilissimam
1817 4091 1994 4159 collocarunt,
2022 4101 2050 4148 ut
2156 4139 2157 4162 ,

399 4175 520 4234 invicem
545 4174 732 4245 servientium,
761 4174 879 4231 utnulla
906 4176 990 4232 modo
1008 4178 1079 4233 ultra
1105 4177 1199 4234 valens
1252 4182 1290 4238 ibi
1307 4185 1505 4254 jucundaretur
1528 4192 1555 4240 et
1569 4184 1726 4240 mansitaret
1740 4184 1767 4239 iu
1789 4183 1916 4246 modico;
1933 4181 1979 4237 ubi
1993 4180 2048 4255 ipsa

399 4265 559 4341 procedere,
584 4271 730 4337 cogeretur
750 4264 930 4321 retrocedere.
952 4265 998 4321 Sic
1018 4266 1054 4322 ab
1074 4267 1201 4323 omnibus
1253 4279 1362 4328 sanctus
1389 4273 1468 4344 liupo
1496 4288 1542 4329 me
1582 4271 1758 4344 aspicientem
1787 4270 1877 4328 taliter
1915 4271 2046 4327 invitarit

402 4354 518 4413 officinis
534 4353 660 4410 cortesis
674 4354 803 4424 rejectus,
819 4369 835 4408 a
849 4362 996 4424 conspectu
1017 4355 1131 4424 piissimi
1144 4355 1200 4413 lie-
1254 4361 1385 4432 comede,
1401 4361 1570 4432 charissime,
1586 4362 1620 4419 de
1644 4361 1768 4418 candidis
1781 4359 1895 4418 racemis
1911 4359 1957 4434 qui
1970 4359 2045 4416 nobis

405 4441 557 4516 dempwffl
572 4449 597 4496 ⁰¹
612 4439 818 4515 dl⁰ff⁰⁵l⁵⁵lfflae
842 4441 961 4516 widinis
973 4445 1081 4511 millib
1096 4459 1158 4501 cum
1169 4461 1203 4502 ea
1254 4450 1487 4521 superabundant,
1514 4461 1541 4508 et
1564 4452 1607 4508 iac
1631 4467 1737 4507 mecum
1765 4450 1887 4507 solemne
1902 4448 2046 4507 coutuber-

403 4548 458 4605 qua
485 4532 587 4604 dignus
614 4537 656 4586 est
676 4529 846 4600 confusione,
874 4531 989 4603 pestifer
1001 4529 1047 4587 ille
1070 4534 1198 4590 recessit.
1256 4539 1330 4595 nium
1343 4555 1349 4610 ;
1362 4555 1414 4613 ego
1426 4555 1524 4612 nempe
1534 4555 1630 4610 parurn
1640 4539 1685 4596 bic
1695 4537 1827 4612 pausabo,
1839 4539 1928 4595 donec
1941 4536 2045 4610 quidam

404 4621 480 4678 cauti
508 4619 602 4692 igitur,
631 4633 648 4672 o
676 4617 785 4688 fratres,
814 4624 910 4689 estote,
939 4628 966 4674 et
976 4618 1126 4676 immensas
1138 4636 1202 4677 om·
1256 4636 1346 4686 tumor
1371 4629 1502 4699 subsidat,
1527 4645 1607 4701 quem
1622 4628 1653 4684 in
1671 4627 1792 4700 'pedibus
1811 4625 2004 4699 pulverulentis
2016 4625 2048 4682 dc

404 4707 538 4783 nlpolellil
578 4721 612 4763 80
636 4705 891 4764 misericordissimo
928 4707 1068 4763 Salvdlol'l
1101 4709 1203 4782 glalius
1216 4673 1242 4738 D
1257 4719 1339 4791 {ongo
1367 4719 1479 4776 circuilu
1506 4725 1637 4774 leprarum
1663 4717 1792 4787 contraxi,
1822 4715 1870 4772 sed
1896 4714 2045 4787 evestigio,

403 4800 499 4872 wilei
526 4797 591 4869 quia
605 4801 633 4852 0²
659 4795 857 4866 nequissimum
872 4795 979 4850 h⁰⁸¹⁰¹¹l
1010 4796 1127 4852 ΝΟΜ*
1154 4814 1204 4868 1³⁰·
1257 4809 1358 4864 curatis
1385 4807 1525 4880 gressibus
1546 4814 1573 4863 et
1587 4822 1699 4864 excusso
1717 4805 1809 4864 cinere
1821 4804 1968 4872 mundano,
1983 4803 2047 4859 tiber

407 4889 486 4961 lulli,
510 4894 537 4942 ⁰²
550 4886 609 4959 59⁸⁰
636 4883 778 4940 ⁰⁰b5⁸011m
808 4883 913 4940 'mium
948 4882 1133 4940 fflfbffllllffls
1160 4901 1205 4942 ΓΘ·
1257 4898 1291 4952 ad
1319 4897 1427 4970 potior-a
1452 4897 1586 4953 transibo.
1619 4896 1669 4952 Dic
1695 4903 1786 4952 autom
1812 4893 1961 4950 successori
1990 4908 2046 4948 rnso

402 4975 504 5033 mansii
517 4975 600 5046 (¹⁰9l·
624 4995 636 5022 ¹·
1257 4986 1353 5044 Pontio
1368 4994 1397 5042 ut
1424 4985 1583 5042 humilitatis
1609 4993 1636 5041 et
1658 4985 1821 5042 innocentiae
1849 4985 2045 5040 tbesaumscu-

438 5083 483 5138 lo.
508 5080 605 5137 Paucis
634 5087 724 5136 autem
751 5079 849 5136 diebus
876 5087 1023 5151 autequam
1051 5088 1205 5137 moreretur
1257 5076 1367 5144 studiat,
1381 5083 1408 5130 ct
1422 5074 1598 5132 necessitates
1613 5075 1736 5130 omnium
1750 5090 1813 5129 suas
1826 5079 1957 5143 reputans
1972 5071 2045 5127 mise·

402 5171 432 5227 S.
443 5171 535 5240 liupo,
548 5168 656 5224 cuidam
666 5168 802 5224 rusticano
814 5167 928 5238 bomini,
939 5169 966 5224 iu
976 5184 1044 5243 agro
1055 5168 1202 5240 laboranti,
1255 5163 1518 5228 ricordiaesiudaa13
1535 5163 1622 5220 aelam
1645 5161 1787 5218 monastici
1810 5161 1913 5218 ordinis
1928 5159 2045 5230 exemplo

403 5257 534 5330 apparuit
548 5264 702 5312 sauctorum
712 5257 792 5328 risio,
808 5274 876 5330 quos
890 5257 1063 5330 praecedebat
1075 5259 1201 5332 quaedam
1258 5253 1310 5309 urei
1320 5253 1459 5325 sapienter
1468 5252 1594 5323 disponat
1606 5268 1614 5318 ·,
1624 5251 1663 5307 sic
1673 5251 1746 5307 cuim
1757 5249 1869 5306 viriliter
1877 5265 1983 5320 apansa
1994 5247 2045 5303 ilco

401 5344 502 5420 regalis
515 5344 636 5413 domina,
663 5345 740 5416 cujus
753 5346 865 5403 dorsum
886 5347 1047 5403 transeuntis
1061 5354 1087 5403 et
1101 5346 1202 5404 facient
1255 5349 1435 5418 consequatur
1444 5341 1583 5413 auxilium,
1596 5340 1642 5416 qui
1652 5355 1708 5396 nou
1718 5339 1820 5397 deserit
1829 5344 1968 5411 sperantes
1974 5337 2001 5392 in
2010 5353 2044 5392 sc.

432 5528 507 5602 (itt)
534 5527 616 5581 Deest
630 5523 675 5581 bio
689 5524 916 5597 aliquidzneque
930 5526 1002 5582 euim
1017 5526 1075 5596 ipse
1087 5526 1199 5583 Bemarr·
1253 5489 1357 5581 ibitunr
1376 5523 1475 5579 sancti.
1619 5591 1645 5602 ..
1689 5591 1694 5601 ι
1795 5591 1799 5602 .

401 5601 464 5669 dus,
492 5597 540 5672 qui
565 5596 702 5652 inducitur
715 5597 759 5654 iric
787 5596 901 5668 loquens
923 5598 953 5652 iu
967 5599 1055 5669 prima
1069 5613 1198 5666 persona,
1290 5597 1365 5666 (tto)
1381 5596 1474 5652 t‘atrus
1496 5592 1663 5648 venerabrlrs
1677 5589 1726 5647 lrb.
1742 5605 1751 5645 ι
1766 5588 1967 5671 linteariorum,
1981 5600 2040 5668 cap.

396 5673 451 5730 dici
480 5677 569 5742 potest
595 5666 737 5740 scripsisse
761 5669 832 5724 liano
859 5668 952 5732 ritant,
981 5676 1010 5724 ut
1024 5681 1133 5740 apparat
1162 5687 1197 5726 ex
1253 5667 1298 5735 ib,
1328 5665 1492 5737 transcripsit
1520 5663 1701 5735 dampnatis
1721 5661 2043 5733 verbisaquuandouru-

395 5742 555 5799 Hildeberto
568 5754 662 5811 supra,
677 5737 724 5796 ubi
738 5738 828 5796 solum
838 5739 1001 5796 inextremo
1010 5740 1107 5796 morbo
1119 5740 1154 5794 ab
1163 5756 1197 5798 eo
1251 5736 1313 5794 dius
1327 5737 1454 5794 redditis.

395 5812 492 5870 dicitur
504 5811 626 5871 revelata
641 5812 702 5868 bac
714 5810 794 5880 visio,
817 5809 967 5882 etquidem
983 5809 1056 5866 baud
1071 5809 1117 5866 diu
1131 5821 1196 5881 post
