4750 6725
327 570 373 627 tut
1025 565 1089 631 LlB.
1114 575 1161 642 ΙΙΙ,
1178 574 1289 633 EPIST.
1307 566 1386 633 LXV.

321 712 388 752 mas
398 696 511 768 Deopro
521 694 762 763 peccatisnostris
772 695 985 771 tProepareuras
995 714 1046 754 uos
1056 700 1165 769 qua-A
1419 701 1592 760 EPISTOLL
1606 705 1676 762 LXV
1694 704 1735 763 ³³¹.

319 786 347 843 si
360 786 547 841 videamasia
555 779 770 857 proximadiens
785 788 941 845 vocationis
952 792 1059 843 aostroe
1074 791 1124 843 :et
1195 802 1313 844 ansatur
1328 806 1364 843 τη
1379 805 1552 848 nuusunruu
1575 810 1697 852 coutras
1712 812 1746 851 ar
1761 812 1955 863 utucruoneu.

322 876 517 947 implemus,
532 878 564 931 al
572 878 668 931 securi
677 892 775 932 eamus
784 876 972 947 adjudicium
984 896 993 943 ,·
1007 878 1072 949 qaia
1083 891 1123 931 re·
1179 874 1294 932 Gaudet
1311 878 1343 933 dc
1362 882 1484 946 acceptis
1493 884 1552 949 ejus
1565 883 1679 947 titteris,
1691 887 1831 959 sineretque
1842 891 1975 960 lerrcficla

322 964 439 1035 cmm-p
447 980 547 1020 mmm
556 964 720 1031 Μάνεω,
729 964 1122 1037 proupyerpmmpnpacvppffi
1213 948 1246 1002 ab
1263 950 1312 1002 illo
1329 952 1358 1004 iu
1374 967 1403 1005 se
1418 953 1521 1035 collatu
1532 957 1710 1037 perstriupil.
1728 960 1762 1013 ut
1774 964 1806 1015 ut
1824 961 1976 1021 Ecclesiam

1213 1023 1340 1085 tueatur,
1356 1036 1487 1077 convoco
1501 1024 1545 1079 cllr
1562 1024 1733 1093 destituetur,
1750 1032 1892 1090 admonet.

1214 1115 1269 1170 Suo
1285 1118 1446 1185 reserenda,
1472 1126 1497 1173 et
1519 1122 1677 1178 charissimo
1698 1124 1814 1183 Domino
1841 1131 1976 1191 Uueauro

1209 1248 1216 1273 ,
1235 1205 1337 1273 comiti,
1354 1214 1379 1261 et
1395 1208 1556 1277 marchioni,
1567 1212 1719 1269 tustanus
1739 1231 1833 1272 serras
1849 1219 1976 1279 Ecclesiae

1178 1294 1390 1362 (Lantueriensis,
1408 1295 1487 1352 fidele
1502 1298 1712 1356 servitiuiucum
1728 1307 1905 1365 orationihus.

319 1054 381 1109 sioe
396 1054 501 1109 bonum
507 1054 692 1109 sicemalum.
702 1055 775 1110 Deus
784 1070 834 1111 nos
843 1054 979 1124 iaaalt'ia
991 1053 1043 1107 linc
1054 1054 1122 1118 otta,

318 1141 465 1212 lactamus
475 1145 508 1196 at
518 1157 570 1199 nos
579 1143 782 1214 simutjuapat
799 1146 831 1199 ia
840 1144 1031 1210 aternaoitm
1042 1145 1069 1197 et
1080 1142 1123 1197 oi-

319 1229 440 1286 deamus
456 1230 497 1285 tot
512 1231 624 1303 prolem
648 1236 788 1301 nostram,
806 1248 893 1305 quara
909 1233 962 1288 sibi
976 1233 1049 1287 Deus
1060 1232 1124 1301 jam

320 1319 490 1391 assumpsit.
502 1318 569 1374 lirae
584 1326 646 1374 suut
660 1327 753 1376 vestra
774 1320 873 1387 studia,
889 1320 948 1375 hmc
961 1320 1123 1391 sollicitudo,
1237 1383 1242 1392 Ι
1397 1384 1402 1393 ¹
1474 1386 1478 1395 Ι

320 1408 382 1464 Μ
395 1406 517 1479 suspiria
536 1410 640 1463 vespm·
660 1408 744 1477 Quod
769 1410 870 1465 mando
892 1409 969 1466 ,obis
988 1425 1037 1481 per
1050 1425 1123 1463 mm,
1213 1382 1329 1480 Litteras
1346 1400 1361 1437 a
1376 1383 1533 1483 dignatione
1549 1398 1636 1443 vestra
1652 1390 1716 1445 mihi
1741 1392 1860 1451 directas
1874 1413 1975 1471 magno

321 1497 389 1551 tium
406 1494 500 1560 istum,
515 1512 550 1552 ue
565 1497 680 1553 veniatis
693 1497 727 1553 sd
751 1514 806 1565 me,
832 1498 883 1553 nisi
907 1513 924 1552 ε
947 1513 990 1554 me
1005 1496 1124 1552 mandati
1177 1471 1279 1569 8⁸¹¹{h0
1289 1488 1408 1543 ⁸⁰⁵⁰⁸P¹²
1420 1488 1550 1573 qu⁰¹¹l⁸¹¹¹
1564 1474 1678 1545 h⁰¹¹⁰l⁰r
1696 1488 1722 1533 ²²
1744 1495 1847 1551 ΜΘΝ,
1862 1493 1888 1541 el
1903 1502 1974 1557 ⁰1)ss-

318 1600 370 1657 pe,
384 1579 416 1613 m
430 1584 553 1657 sigillum
568 1600 678 1653 meum
696 1586 777 1642 ,obis
792 1586 864 1656 dico,
878 1586 988 1642 domine
1003 1595 1028 1641 ep
1042 1586 1125 1641 nme,
1179 1558 1262 1658 lanua
1277 1559 1356 1617 bonae
1371 1560 1519 1618 voluntatis
1538 1564 1634 1635 plenas
1650 1566 1750 1623 iuveni.
1766 1568 1887 1637 Quantus
1901 1578 1974 1635 euim

319 1673 487 1730 charissime
500 1673 649 1745 Burgum,
664 1675 795 1746 summe
818 1675 891 1731 bono
912 1674 1012 1742 animo,
1042 1673 1066 1729 si
1080 1690 1124 1730 me
1177 1649 1244 1702 mrht
1259 1656 1301 1703 est
1317 1650 1411 1717 honor,
1429 1665 1490 1706 cum
1515 1660 1604 1709 vestra
1621 1653 1762 1723 celsitudo,
1788 1659 1865 1728 cujus
1879 1680 1909 1719 se
1924 1668 1976 1723 ho.

326 1762 435 1818 mnis·
473 1760 655 1834 Omnipotens
678 1763 751 1820 Deus
775 1772 853 1835 regat
873 1764 956 1821 eorda
978 1762 1127 1832 vema'1ep
1177 1736 1477 1809 minesgaudcntesse
1500 1750 1626 1811 parentes
1647 1744 1711 1811 mei,
1736 1744 1863 1818 dignatur
1887 1751 1975 1811 dicere

321 1850 424 1925 dirigat
438 1849 477 1907 nd
492 1850 592 1925 gaudia
606 1856 720 1908 mem·
737 1856 832 1909 Amen·
1177 1840 1222 1881 mc
1245 1826 1297 1880 sibi
1323 1827 1558 1900 consanguinitate
1573 1826 1604 1855 '¹‘
1618 1832 1751 1901 copuleri;
1773 1846 1887 1905 quantus
1910 1858 1976 1900 vero

1177 1928 1256 1968 amor
1267 1913 1438 1986 intelligitur,
1461 1932 1521 1971 cum
1540 1916 1575 1973 de
1604 1924 1656 1973 tem
1686 1920 1767 1991 longe
1792 1924 1856 1978 mihi
1886 1930 1976 1987 studet

505 1996 586 2065 891
608 1994 781 2052 EPISTOLA
797 1996 883 2050 LXIV
897 1990 939 2051 ¹⁸⁷.
1179 2001 1301 2057 scribere
1312 2020 1339 2057 se
1352 2004 1386 2059 dc
1397 2003 1476 2059 bonis
1487 2022 1547 2076 quas
1557 2006 1591 2061 de
1600 2023 1642 2061 me
1650 2008 1725 2063 audit
1735 2010 1812 2067 valde
1823 2017 1955 2085 gratulari
1968 2020 1975 2076 l

322 2134 448 2177 uacuare
466 2134 662 2176 cucurrimus
675 2135 887 2175 ancnruersconr
898 2134 935 2173 au
953 2133 1118 2177 iussurus.
1179 2088 1315 2159 ΟΜΝΗ]
1327 2090 1409 2145 “iam
1425 2093 1549 2147 V⁰¹¹¹⁰¹³⁸
1572 2095 1631 2163 ΨΒ
1654 2095 1728 2151 b⁰⁰³
1745 2096 1775 2152 ’.Π
1795 2100 1837 2155 his
1851 2118 1912 2172 Μ
1927 2107 1977 2163 9θί

1178 2186 1241 2233 sunt
1255 2193 1350 2235 corum
1366 2181 1427 2235 Deo
1442 2180 1559 2249 terrant,
1580 2189 1673 2253 aperte
1688 2193 1852 2244 monstratur
1866 2206 1927 2249 curn
1942 2195 1977 2253 de

1176 2264 1257 2321 bonis
1273 2284 1334 2339 quae
1349 2268 1406 2323 sola
1420 2268 1493 2325 fama
1508 2270 1541 2325 de
1556 2270 1704 2343 longinquo
1728 2290 1815 2347 reguo
1830 2280 1915 2351 audit,
1940 2284 1976 2341 ud

357 2352 604 2411 Desiderstissimo
627 2353 698 2409 Patri
731 2369 782 2409 suu
802 2354 950 2421 Αηεεεετο,
976 2352 1124 2409 venerabili
1178 2370 1307 2427 magnum
1324 2357 1452 2427 gaudium
1469 2365 1495 2412 et
1509 2358 1631 2414 letitiam
1649 2360 1787 2419 excitatur.
1804 2367 1900 2440 Utique
1914 2372 1978 2430 licet

325 2443 567 2501 cantuariensium
582 2442 807 2515 antiquaram
832 2442 913 2497 Huao
935 2440 1126 2513 Lugdunensis
1179 2459 1212 2499 ea
1227 2460 1288 2516 quta
1303 2444 1337 2500 de
1353 2460 1396 2499 nra
1411 2446 1455 2501 vel
1470 2446 1504 2501 de
1521 2448 1624 2503 actibus
1646 2464 1690 2505 me
1719 2448 1789 2507 bona
1813 2456 1975 2537 reserentur,

325 2531 458 2589 5⁰⁰¹&ae
472 2547 582 2600 limus,
597 2530 725 2587 mlum·
1179 2532 1306 2601 debeant,
1333 2538 1463 2605 quantum
1487 2534 1516 2589 iu
1537 2551 1581 2592 τηε
1605 2544 1654 2603 est,
1677 2538 1749 2595 nullu
1773 2551 1818 2598 aut
1832 2544 1890 2603 lere
1904 2551 1977 2611 nulla

361 2620 509 2679 &sabuti
522 2627 621 2677 restra
634 2626 730 2675 uotum
744 2635 806 2677 essa
829 2622 964 2693 volumus,
978 2620 1084 2677 meritis
1100 2626 1127 2677 et
1177 2620 1306 2689 judicari,
1332 2630 1421 2677 vestre
1443 2630 1535 2679 tamen
1560 2622 1794 2683 benevolentiam
1810 2648 1862 2689 non
1878 2638 1977 2699 minori

325 2708 559 2768 intercessoribus
572 2708 670 2764 rastris
684 2708 712 2764 id
724 2709 921 2780 obtinentibus,
936 2726 987 2766 nos
999 2709 1127 2765 Hieroso-
1180 2724 1261 2781 quam
1278 2710 1301 2764 si
1318 2726 1380 2765 vera
1394 2720 1483 2765 essent
1494 2712 1674 2781 upudjustum
1685 2715 1903 2793 ludiecmgratia
1918 2744 1976 2785 me·

325 2800 409 2873 lpmis
418 2798 572 2856 incolumes
585 2796 697 2853 rediise.
713 2796 793 2867 Quod
815 2800 895 2856 robis
917 2798 1019 2855 idcirco
1033 2797 1127 2855 notiss-
1180 2804 1256 2852 retur
1271 2799 1445 2853 remunerari.
1472 2800 1583 2854 Tantam
1607 2800 1697 2874 utiquo
1718 2807 1833 2877 gratiam
1858 2823 1976 2875 vestram

327 2906 392 2947 care
405 2888 519 2961 dignum
534 2885 669 2953 duximus,
686 2887 813 2958 quoniam
830 2888 857 2942 id
870 2887 948 2943 robis
961 2903 1017 2943 uon
1030 2888 1126 2961 ingra—
1181 2885 1273 2941 nescio
1289 2903 1331 2942 mc
1357 2887 1448 2959 aliquo
1470 2888 1583 2945 seruitio
1600 2894 1745 2963 meruisse,
1769 2897 1821 2952 nisi
1854 2903 1927 2974 quia,
1948 2916 1978 2965 ut

325 2987 386 3035 tum
401 2978 459 3033 lore
473 2977 610 3034 credimus
621 2968 665 3030 ‘'⁸.
682 2974 842 3033 Audivimus
856 2984 946 3032 autem
962 2992 1057 3049 araga
1071 2980 1128 3031 An·-
1181 2992 1276 3031 rerum
1293 2976 1386 3041 talcar,
1404 2984 1523 3033 vestram
1547 2980 1758 3051 prosperitatem
1773 2990 1803 3019 ⁸⁸·
1819 2998 1977 3067 vestrosque

326 3067 440 3141 giorum
454 3081 506 3122 ros
519 3063 632 3119 nimium
641 3062 796 3136 inquietari,
808 3072 835 3120 et
844 3066 926 3121 multa
935 3075 1030 3121 contra
1040 3066 1127 3121 Deum
1182 3080 1325 3149 successus
1341 3065 1398 3121 scio
1413 3082 1457 3121 mu
1473 3082 1592 3139 semper,
1609 3068 1690 3124 etiam
1711 3080 1854 3145 antequam
1870 3096 1917 3137 vos
1934 3084 1976 3141 vi.

327 3158 446 3230 cinaque
459 3152 610 3211 Ecclesiam
625 3152 660 3207 ab
674 3168 707 3208 eo
722 3152 874 3210 inconsulte
887 3154 931 3226 agi
944 3168 952 3224 ;
967 3154 1040 3209 unde
1055 3154 1127 3210 diri-
1180 3152 1294 3217 dissum,
1311 3169 1364 3209 non
1376 3152 1438 3209 ficto
1453 3155 1535 3212 corde
1549 3156 1688 3214 dilexisse.
1716 3161 1818 3219 itamar
1841 3169 1914 3226 anim
1932 3190 1976 3231 me

325 3261 396 3303 nam
410 3258 463 3300 uos
474 3249 580 3315 oportet
592 3240 741 3313 implorare
757 3242 927 3297 clementiam
949 3251 980 3298 ut
1002 3242 1128 3299 inimicos
1181 3242 1613 3315 naturaliteraprogenitoribus,
1623 3247 1713 3314 robis,
1723 3258 1752 3305 ut
1761 3252 1889 3327 Domino,
1899 3261 1978 3319 debi-

327 3340 447 3402 rastros,
462 3330 519 3387 imo
532 3336 634 3388 sanctae
647 3325 678 3356 '¹⁸
693 3329 744 3386 Dei
768 3330 897 3388 Ecclesiae
924 3329 1128 3403 perturbatores
1182 3338 1267 3386 torem
1283 3347 1352 3400 essa,
1368 3347 1504 3404 uunquam
1514 3348 1682 3404 passussum
1694 3338 1768 3394 cordi
1781 3358 1841 3400 meo
1856 3357 1977 3410 rastrum

326 3428 480 3489 annuerim,
506 3428 533 3476 et
555 3428 654 3478 vestrae
672 3424 775 3476 sauata
797 3421 960 3476 obedientia
980 3421 1122 3491 subjiciat.
1142 3412 1303 3477 Camorem
1318 3421 1423 3476 deesse.
1439 3421 1496 3477 Nec
1510 3439 1569 3478 sum
1587 3423 1690 3480 oblitus
1709 3428 1772 3497 quia
1786 3446 1849 3488 aum
1863 3437 1976 3498 Romam

393 2239 434 2295 lte
452 2236 592 2295 ineolumi
607 2252 657 2295 suo
675 2234 772 2293 reditu
789 2252 827 2292 ea
842 2236 1051 2308 Hierosolymis.

326 3511 462 3578 Quodsi,
477 3508 599 3582 peccatis
610 3510 710 3566 nostris
720 3509 901 3581 erigentibus,
917 3510 944 3564 id
959 3510 994 3565 ad
1007 3526 1128 3582 praesens

325 3601 387 3656 ficri
402 3616 458 3656 nnn
471 3597 580 3672 poterit,
597 3604 632 3664 et,
648 3598 836 3668 perseeutione
850 3598 1004 3670 ingruente,
1021 3613 1069 3655 ros
1083 3614 1127 3655 ee·

325 3691 405 3757 dere,
421 3695 469 3745 aut
482 3686 565 3742 etiam
577 3685 669 3742 lacurn
683 3693 797 3753 mutare,
814 3703 929 3743 necesse
952 3687 1041 3754 luerit,
1058 3704 1125 3743 san-

324 3779 451 3836 ctitatem
464 3781 582 3832 vestram
596 3774 742 3830 submissis
750 3775 879 3846 precibus
888 3791 1036 3832 exoramus
1051 3784 1081 3831 ut
1089 3777 1126 3832 ad

324 3881 444 3942 puerum
459 3870 580 3920 restrum
598 3863 737 3919 declinare
760 3879 815 3919 non
836 3864 1031 3938 dedignemini,
1049 3872 1076 3920 et
1090 3864 1125 3920 ad

324 3957 440 4013 domum
455 3961 585 4021 vestram,
614 3967 674 4022 quae
706 3960 796 4008 vestra
824 3953 884 4022 luit,
913 3958 942 4010 et
968 3971 1030 4026 quae
1044 3953 1125 4009 ruodo

322 4051 419 4101 vestra
433 4049 485 4107 ast.
500 4048 528 4098 et
540 4041 576 4096 de
589 4041 635 4096 die
648 4040 678 4096 in
691 4040 764 4097 diem
785 4058 895 4113 semper
916 4043 1013 4098 metius
1033 4049 1126 4098 vestra

324 4135 389 4189 erit.
406 4130 488 4200 Quod
503 4145 559 4186 non
572 4129 660 4184 solum
674 4144 738 4197 nos,
760 4130 807 4185 sed
829 4140 855 4185 et
876 4131 1021 4186 commissa
1048 4131 1126 4186 nobis

323 4219 454 4278 Ecclesia
466 4217 603 4274 humiliter
614 4216 750 4288 implorat,
778 4233 839 4289 quta
859 4218 1040 4274 sanctissimis
1058 4233 1124 4273 ora-

324 4309 449 4365 tionibus
461 4306 559 4363 vestris
573 4306 714 4362 nobiscum
733 4307 912 4364 devotissime
934 4323 963 4363 se
982 4322 1125 4363 commen·

324 4397 382 4464 dat,
398 4403 427 4452 et
440 4395 476 4452 sd
487 4394 650 4466 obsequium
663 4395 1004 4466 vasuumpromptissima,
1022 4395 1124 4452 taciem

324 4494 450 4542 vestram
464 4483 560 4540 ridere
575 4482 724 4539 deciderat.
743 4484 919 4539 Praeseutium
931 4485 1064 4556 gerulum,
1081 4484 1127 4537 El·

1181 3508 1335 3576 tenderem,
1347 3509 1465 3581 benigna
1481 3515 1570 3565 vestra
1584 3507 1698 3584 largitas
1713 3516 1837 3589 Lugduni
1851 3537 1977 3600 prompta

1181 3594 1233 3650 tuit
1248 3613 1292 3652 me
1305 3595 1459 3653 conducere
1476 3607 1556 3669 atque
1566 3603 1719 3656 trecassarin
1730 3607 1857 3676 quaslibet
1870 3613 1976 3686 impen-

1180 3684 1257 3741 dere.
1278 3685 1331 3754 Qui
1346 3701 1425 3740 amor
1439 3687 1552 3742 multum
1571 3690 1656 3744 crevit
1679 3694 1788 3764 cognita
1811 3714 1863 3767 per
1878 3705 1976 3761 multos

1180 3780 1271 3830 rastra
1286 3774 1341 3829 ritu
1356 3782 1382 3829 at
1395 3775 1543 3846 probitate,
1564 3777 1627 3847 quie
1651 3777 1687 3833 ad
1700 3785 1864 3842 servandam
1880 3805 1975 3860 pacem

1180 3877 1213 3918 ac
1226 3862 1357 3932 justitiam
1380 3879 1440 3919 cunr
1460 3863 1560 3935 pietate
1578 3867 1684 3920 utimini
1706 3871 1787 3926 vestri
1809 3875 1976 3950 principatus

1179 3958 1323 4022 potestate.
1340 3950 1426 4019 Quem
1438 3951 1520 4006 etiam
1546 3952 1627 4009 valde
1642 3955 1776 4025 majorem
1802 3962 1905 4023 trabere
1930 3987 1974 4028 me

1180 4038 1309 4111 deinceps
1322 4040 1422 4095 debere
1437 4040 1569 4113 intelligo,
1586 4043 1632 4113 qui
1648 4045 1700 4102 hoc
1717 4056 1803 4104 restra
1818 4057 1917 4111 mereri
1931 4059 1976 4115 di·

1179 4137 1279 4199 gnatur
1294 4144 1360 4200 erga
1376 4144 1418 4184 ma
1432 4129 1551 4188 dilectio.
1568 4130 1700 4199 Quamvis
1725 4151 1778 4192 nou
1794 4151 1874 4212 egeat
1887 4155 1977 4206 vestra

1179 4215 1252 4272 bonu
1275 4216 1387 4272 intentio
1409 4226 1500 4272 nostra
1530 4219 1729 4290 admonitione,
1758 4226 1792 4280 ad
1816 4245 1860 4286 me
1885 4241 1975 4294 tamen

1178 4305 1295 4376 pertinet
1310 4313 1339 4359 ut
1352 4305 1465 4377 epistola
1483 4322 1543 4362 mee
1557 4308 1590 4362 ad
1614 4323 1663 4365 vos
1677 4327 1734 4367 non
1754 4314 1788 4371 sit
1801 4317 1863 4375 sina
1886 4323 1977 4396 aliqua

1179 4392 1377 4450 exhortatione.
1412 4393 1489 4450 Sicut
1521 4396 1593 4452 enirn
1620 4397 1712 4470 ignem
1737 4413 1818 4460 vomo
1845 4410 1976 4482 agitatum

1178 4481 1305 4538 ridemus
1320 4481 1510 4550 exardescere,
1525 4483 1563 4539 its
1577 4485 1648 4542 bona
1672 4487 1797 4547 voluutas
1812 4511 1860 4564 par
1874 4501 1975 4557 exhor-

323 4573 444 4631 rredurn
467 4571 579 4629 nomine
592 4567 635 4639 ”⁹,
658 4570 737 4631 robis
757 4571 989 4629 commendamus.
1015 4571 1068 4642 Qui
1089 4555 1164 4627 nul)
1180 4569 1309 4626 tationem
1325 4569 1358 4626 ud
1376 4571 1492 4626 meliora
1506 4587 1536 4627 se
1551 4573 1618 4630 olet
1626 4578 1788 4636 accendere.
1807 4582 1919 4656 Videtis,
1936 4592 1974 4648 mi

720 4653 751 4685 m

325 4661 430 4736 Apulia
443 4675 530 4732 usque
541 4660 707 4731 Lugdunum
765 4660 909 4718 nobiscum
924 4661 1048 4730 vemens,
1060 4659 1125 4718 fide·

325 4752 390 4809 liter
403 4750 485 4808 uobis
499 4749 621 4809 servius.

1179 4657 1341 4715 charissime
1363 4659 1482 4730 domiue,
1499 4661 1614 4732 qualiter
1637 4673 1723 4720 mater
1743 4675 1839 4726 nostra
1852 4672 1975 4736 Ecclesia

1178 4748 1239 4818 Dei,
1255 4765 1335 4820 quam
1345 4748 1580 4822 Deucpulchrsrn,
1591 4752 1707 4810 amicam
1718 4763 1744 4812 et
1754 4757 1880 4818 dilectum
1891 4779 1974 4838 spon·

978 4847 1095 4904 VARLE
1113 4845 1319 4902 LECTIONES.

359 4969 530 5029 ''Maudstis
548 4984 600 5044 par
627 4969 841 5028 aramundarus
869 4987 920 5043 per
952 4973 1028 5029 Edit.
1052 4971 1209 5028 mandatum
1234 4969 1313 5028 tuerit
1334 4989 1390 5043 per.
1411 4969 1554 5030 ⁸⁸⁷Collata
1582 4990 1647 5032 cam
1666 4977 1762 5037 eodem
1782 4997 1836 5042 rus.
1870 4985 1973 5051 '¹⁸Fora

330 5044 461 5100 duximus
475 5060 530 5099 ms.
547 5045 604 5100 inre
631 5043 775 5099 credimus.
799 5039 941 5099 ι’Ὗεεττοε
960 5053 1059 5099 sauctae
1082 5061 1135 5100 ms.
1159 5051 1267 5099 vestros
1290 5042 1374 5100 immo
1401 5051 1513 5100 sanatas.
1537 5043 1712 5105 ¹³⁰uaerecum
1730 5056 1838 5112 nomine
1854 5076 1896 5116 ms
1921 5063 1972 5118 El-

325 5117 446 5170 rredum
457 5114 607 5170 nomiuaet
616 5116 769 5170 recentiori
782 5119 926 5172 caractere
936 5117 968 5171 ia
981 5115 1078 5171 eodem
1087 5131 1141 5171 ms.
1157 5113 1319 5170 Lelvredum
1334 5115 1454 5172 nomine.
1469 5115 1593 5188 ”¹Usque
1603 5120 1637 5174 sd
1652 5121 1813 5194 Lugdunum
1824 5146 1875 5185 ms.
1887 5104 1973 5203 usqua

327 5187 504 5259 Lugdunum.
532 5183 690 5241 ⁸'’Collatta
708 5201 774 5242 cara
797 5187 893 5242 eodem
905 5203 961 5241 ms.
989 5184 1154 5241 ''⁸Guiberto
1179 5203 1231 5240 aas.
1257 5186 1397 5242 Umbertc.
1425 5185 1515 5242 ⁸³‘Sibi
1539 5197 1565 5244 et
1588 5197 1826 5267 consanguinitate
1846 5218 1902 5258 τηε.
1921 5206 1973 5263 sibi

326 5257 576 5333 comsnguiuitste.
595 5255 848 5314 ”benevolentiam
863 5273 916 5314 ms.
932 5258 1137 5315 benevolentia.
1156 5255 1403 5328 ⁸¹⁶Prosperitatem
1417 5275 1471 5316 ms.
1487 5265 1608 5317 vestram
1623 5269 1844 5338 prosperitatem.

927 5383 1082 5440 JOANNLS
1097 5381 1240 5440 rtcunur
1255 5381 1370 5441 NOTAE.

326 5525 437 5584 quoque
450 5507 572 5566 Hilarius
580 5505 759 5564 Pietarieusis
774 5524 782 5563 z
802 5507 839 5565 de
853 5523 906 5581 quo
921 5507 973 5564 atsi
987 5506 1122 5564 rosunu-

326 5589 370 5638 tus
397 5597 454 5638 non
480 5578 641 5652 prodiderit,
670 5579 769 5635 eximia
796 5585 885 5635 tamen
914 5579 966 5635 riri
983 5579 1122 5648 sanctitas,

327 5669 464 5710 amanum
491 5650 736 5707 ecclesiasticorum
752 5657 831 5705 tenax
856 5650 993 5716 custodia,
1010 5659 1036 5708 et
1050 5667 1122 5723 prae·

324 5725 398 5781 clara
417 5723 454 5780 ad
472 5721 557 5778 tiliam
577 5722 677 5777 Abram
692 5721 726 5776 de
740 5721 873 5778 servanda
895 5720 937 5778 rir
957 5723 1053 5778 initata
1067 5722 1124 5791 epi·

326 5795 411 5861 stota.
438 5793 651 5865 locupletissime
688 5797 830 5849 testantur.
867 5793 905 5849 D.
936 5739 1122 5864 Lenebalnus,

326 5865 453 5926 Laudari
474 5863 580 5922 clavati
602 5863 706 5937 primus
725 5863 857 5936 pontifex,
880 5872 907 5920 et
929 5863 1065 5932 Urbicius,
1089 5879 1122 5922 er

328 5945 458 6004 senstors
482 5934 660 5998 munands
687 5933 824 6000 avernia
846 5935 1007 6016 episcopus,
1029 5935 1071 5997 sic
1091 5949 1123 5998 ss

1177 5523 1290 5580 gessere
1309 5505 1479 5590 aliquandiu.
1501 5508 1554 5566 Sed
1575 5513 1688 5570 eumad
1711 5533 1810 5576 uxores
1829 5523 1973 5596 redissent,

1177 5580 1320 5635 accerbam
1335 5587 1451 5635 incestus
1467 5593 1607 5638 senserunt
1630 5602 1750 5656 paruam.
1767 5592 1816 5649 Ille
1830 5597 1902 5652 euim
1926 5615 1974 5656 se.

1178 5658 1251 5723 ptem
1274 5651 1355 5734 aunis
1372 5654 1508 5723 ergastulo
1528 5653 1650 5713 inclusus
1668 5662 1798 5730 paenituit,
1829 5674 1894 5724 teste
1908 5669 1975 5726 Hin-

1177 5737 1267 5778 emaro
1281 5737 1308 5780 ru
1324 5724 1387 5779 Vita
1401 5727 1492 5781 sancti
1516 5724 1590 5782 narni
1613 5727 1641 5798 ii,
1665 5731 1744 5789 «Hic
1767 5751 1830 5793 varo
1850 5737 1973 5866 lncrppnis

1177 5797 1268 5850 scetus
1282 5793 1436 5864 expiarit.»
1455 5803 1564 5858 auctore
1604 5803 1806 5874 reflecturon.
1823 5807 1890 5866 libr

1176 5862 1290 5937 Fraus..
1305 5879 1366 5942 etp.
1383 5866 1428 5930 tt.
1926 5821 1970 5877 Μ’
