4750 6725
339 646 390 702 ili
891 637 1058 698 utsroltta
1074 635 1260 696 Novouutt.
1277 669 1310 686 ·-
1326 639 1390 696 tta.
1411 643 1433 697 l.
1935 643 1990 699 ild

338 770 490 826 wentanus
501 768 656 840 episcopus,
668 772 765 838 rogatu
774 761 888 820 Hauritii
895 761 934 834 (o)
943 759 1061 832 episcopi
1070 759 1140 816 bun·
1154 761 1180 822 Α
1193 759 1307 818 aliomru
1322 761 1417 818 duetus
1444 770 1556 832 terrore,
1572 778 1657 822 orans
1679 763 1714 821 ad
1735 769 1809 821 tuam
1830 762 1989 838 benignita·

335 847 477 914 ¹douleusis
498 858 575 929 cujus
595 859 649 914 boe
669 855 787 913 officium
802 860 851 922 est,
867 849 1048 908 ecclesiastico
1062 863 1139 905 mora
1193 856 1247 905 tem
1273 852 1487 924 recuperandam
1514 852 1673 926 quingentis
1692 868 1761 925 quas
1778 853 1858 910 offert
1877 852 1990 910 totidem

340 945 501 1004 electionem
522 946 651 1018 scriptam
673 944 789 1017 legeret,
806 957 870 998 mox
894 939 922 995 in
945 937 1035 1011 primo
1057 953 1137 995 versu
1191 935 1277 994 libras
1295 939 1418 1010 adjiciet.
1435 962 1448 989 ι
1478 939 1619 1014 Siquidem
1641 943 1712 998 bunc
1731 943 1791 1013 ipse
1814 957 1861 998 rex
1884 957 1991 998 morena

338 1035 463 1091 Thomas
490 1032 668 1089 Eboraconsis
694 1031 815 1106 graviter
839 1027 957 1084 offensus
989 1041 1050 1082 eam
1083 1039 1138 1080 non
1191 1043 1258 1102 erga
1281 1036 1393 1086 cunctos
1416 1029 1513 1100 quibus
1537 1031 1705 1100 dominatur,
1720 1030 1850 1102 babebat,
1874 1036 1906 1087 ut
1925 1045 1989 1089 oum

333 1123 397 1194 jure
421 1123 522 1178 factam
545 1130 709 1194 conquestus
730 1127 779 1176 est.
799 1119 869 1175 Nam
893 1133 955 1172 curn
979 1115 1134 1171 diceretur:
1191 1117 1253 1191 quis
1263 1132 1356 1174 eorum
1371 1118 1473 1189 aliquid
1482 1119 1508 1175 ci
1518 1121 1697 1189 pecuniarum
1707 1120 1789 1176 etiem
1799 1119 1988 1194 soliusqratiaa

342 1235 353 1260 ι
374 1212 482 1267 Fratres
508 1219 535 1266 et
558 1211 711 1282 coepiscopi
727 1209 791 1276 mei,
805 1215 902 1266 vostrae
921 1202 1081 1262 fraternitati
1096 1211 1137 1258 est
1190 1205 1299 1262 obtentu
1317 1205 1459 1275 offerebat,
1475 1207 1606 1275 oblatum,
1622 1209 1675 1264 nisi
1699 1209 1834 1281 quantitas
1859 1209 1899 1265 rei
1922 1217 1985 1265 voto

337 1299 477 1374 cognitum
504 1307 633 1372 quantum
658 1299 786 1369 temporis
802 1305 843 1353 est
856 1313 890 1353 ex
905 1310 968 1368 quo,
985 1290 1136 1348 accidenti·
1189 1294 1263 1350 illins
1290 1303 1471 1365 concurreret,
1499 1305 1650 1367 sperneret.
1686 1297 1746 1354 Nec
1772 1295 1929 1354 offerentem
1958 1296 1988 1352 in

336 1389 389 1444 bus
417 1389 500 1444 variis
528 1387 678 1456 eventibus,
702 1388 760 1443 bare
788 1382 1001 1442 Dorobemensis
1016 1379 1136 1437 Ecclesia
1189 1400 1265 1440 suam
1279 1384 1394 1440 ulterius
1414 1384 1561 1441 amicitiam
1582 1383 1751 1454 admittebat,
1766 1385 1790 1442 si
1804 1387 1840 1442 ad
1854 1387 1986 1442 determi-

335 1477 418 1534 totius
431 1479 575 1534 Britanniae
590 1475 799 1548 metropolitana
815 1491 863 1531 suo
890 1473 925 1529 sit
947 1470 1059 1528 viduata
1082 1483 1135 1541 pa·
1189 1474 1326 1529 nationem
1341 1489 1417 1529 suam
1431 1471 1554 1531 oblatum
1567 1489 1729 1531 munusnon
1739 1481 1862 1548 augeret.
1874 1473 1984 1547 Opinati

333 1575 416 1636 sture,
435 1589 446 1616 ι
464 1566 605 1622 subintulit
625 1565 738 1621 dicens:
758 1588 770 1612 ι
787 1565 880 1619 Totius
904 1561 1049 1618 Britanniae
1072 1573 1134 1614 me·
1187 1569 1250 1616 sunt
1276 1577 1342 1634 ergo
1356 1561 1396 1617 illi
1409 1560 1524 1634 maligni
1537 1563 1694 1619 anselmum
1719 1566 1892 1635 quoqrehoc
1905 1579 1984 1620 more

337 1654 524 1727 tropolitenai
547 1654 575 1710 Si
592 1653 672 1710 totius
686 1653 829 1709 Britanniae
844 1652 1061 1725 metropolitana,
1077 1653 1133 1710 Ec·
1188 1651 1340 1706 terrendum
1356 1658 1436 1722 atque
1464 1652 1500 1706 ad
1527 1651 1690 1724 explendam
1717 1653 1791 1724 regia
1819 1653 1983 1709 uoluntatem

333 1744 419 1800 clesia
441 1743 622 1801 Ebornccnsis
646 1757 706 1814 que
730 1741 938 1812 metropolitana
961 1757 1020 1797 esse
1041 1743 1132 1812 scitur,
1187 1747 1268 1796 aucta
1281 1741 1396 1812 pecunia
1409 1739 1483 1796 illico
1497 1741 1724 1812 promovendum.
1739 1741 1842 1798 Vemm
1856 1742 1983 1799 mentito

333 1833 547 1904 metropolitana
562 1848 615 1888 non
630 1837 685 1888 est.
709 1831 742 1888 Et
757 1831 865 1903 quidem
889 1829 1042 1887 Ecclesiam
1064 1830 1134 1887 Can·
1186 1832 1230 1884 cst
1250 1827 1387 1902 iniquitas
1403 1829 1644 1897 diffibulant,
1661 1829 1716 1902 la).
1732 1829 1985 1902 ltaquemandatur

334 1922 500 1978 traniensem
515 1922 657 1992 primatem
674 1921 757 1976 totius
774 1919 919 1976 liritannisc
942 1935 1001 1976 esse
1023 1920 1131 1990 scimus,
1186 1915 1226 1972 illi
1250 1933 1346 1990 regem
1372 1917 1490 1973 oblatam
1516 1919 1661 1989 pecuniam
1687 1919 1815 1988 refutare,
1830 1927 1858 1975 et
1871 1918 1983 1975 miratus

333 2025 389 2068 non
404 2010 651 2081 metropolitanam.
669 2033 680 2058 ι
697 2007 777 2080 Quod
791 2009 910 2064 auditum
925 2009 1027 2065 ratione
1041 2008 1132 2064 subni-
1186 2013 1237 2062 eat.
1253 2007 1387 2077 aditoque
1401 2023 1476 2080 rege,
1492 2006 1647 2064 sciscitatus
1667 2015 1708 2064 est
1725 2015 1814 2064 utrum
1832 2007 1869 2064 ab
1882 2023 1916 2064 eo
1930 2006 1983 2064 tale

331 2115 397 2156 xum
413 2115 484 2168 esse,
502 2099 575 2170 quod
595 2098 703 2154 dicebat
718 2097 882 2154 intellectum
899 2105 947 2153 est.
958 2097 1129 2153 'funcstatim
1144 2091 1171 2156 B
1186 2095 1345 2150 mandatum
1364 2096 1536 2168 processerit,
1552 2111 1655 2153 aunon.
1678 2096 1762 2153 ludit
1782 2112 1846 2154 vere
1869 2111 1983 2170 prooes-

332 2187 543 2260 acripturaipse
566 2195 669 2243 mutulo
693 2193 743 2256 est,
768 2194 795 2243 et
818 2201 867 2258 pro
891 2185 972 2242 totius
986 2187 1131 2244 britannie
1184 2183 1261 2248 sisse,
1286 2191 1314 2240 et
1336 2184 1429 2240 statim
1454 2185 1599 2256 postulans
1622 2185 1683 2243 tit:
1702 2209 1713 2234 ι
1729 2187 1782 2255 Ne,
1797 2183 1837 2241 mi
1860 2184 1980 2256 domine,

337 2276 568 2348 metropolitana,
593 2275 673 2332 totius
699 2275 844 2332 Britannice
870 2275 971 2347 primas
999 2276 1130 2350 scriptum
1182 2286 1291 2343 precor,
1308 2274 1361 2329 hoc
1375 2272 1461 2329 facias
1483 2281 1514 2329 ut
1537 2274 1612 2347 quod
1633 2273 1880 2345 impraesentiarum
1895 2274 1980 2332 attero

329 2373 381 2434 est,
398 2373 426 2421 et
439 2366 528 2422 omnis
544 2365 726 2421 controversia
740 2364 906 2436 conquievit.
930 2365 1023 2435 ltaque
1036 2379 1129 2422 sacra-
1182 2361 1320 2434 suscipere
1333 2359 1447 2418 abnuas.
1459 2362 1534 2420 Licet
1546 2362 1620 2418 enirn
1633 2361 1752 2434 primum
1766 2362 1809 2432 sit,
1819 2379 1875 2418 non
1889 2369 1980 2419 umen

327 2454 370 2510 vit
394 2469 456 2510 eum
471 2462 500 2510 ut
514 2453 596 2509 totius
621 2451 766 2508 Britannice
789 2453 943 2524 primatem.
960 2455 1026 2510 Cum
1045 2454 1130 2527 igitur
1182 2457 1333 2506 extremum
1348 2449 1545 2522 archiepiscopi
1568 2450 1607 2507 tui
1631 2451 1732 2508 donum
1753 2451 1815 2508 erit.
1830 2451 1866 2507 lit
1878 2451 1979 2521 fateor,

329 2544 402 2598 inter
424 2542 594 2610 sacrandum,
611 2557 663 2612 pro
679 2542 730 2596 ritu
745 2540 882 2610 Ecclesiae,
900 2549 985 2598 textus
999 2542 1128 2616 Evange·
1181 2539 1273 2594 utilius
1287 2538 1335 2593 tibi
1349 2547 1400 2608 est,
1416 2547 1444 2596 ct
1458 2540 1597 2596 honestius
1610 2555 1687 2597 ame
1700 2555 1788 2613 pauca
1807 2556 1871 2597 cum
1890 2538 1979 2596 amica

328 2629 357 2684 lii
374 2646 532 2703 supereum
547 2630 581 2685 ab
598 2629 735 2701 episcopis
751 2637 870 2700 apertus,
883 2637 1006 2686 tentuset
1021 2639 1129 2702 peracta
1181 2627 1327 2696 libertate,
1350 2633 1378 2683 et
1400 2643 1473 2698 sepe
1500 2627 1655 2700 suscipere,
1680 2645 1762 2701 quarn
1783 2627 1902 2687 violenta
1924 2643 1977 2686 ex·

327 2719 534 2776 consecratione
556 2719 652 2774 fuisset
670 2717 816 2789 inspectus,
841 2720 901 2774 lraeo
924 2719 951 2772 in
974 2719 1127 2774 summitate
1181 2716 1291 2773 actione
1304 2715 1371 2771 mibi
1386 2715 1471 2771 multa
1484 2716 1564 2772 simul
1578 2716 1630 2773 snb
1643 2716 1735 2774 servili
1755 2717 1910 2773 conditione
1924 2730 1977 2773 au-

326 2808 439 2878 paginae
463 2808 596 2863 sententia
618 2815 722 2879 reperta
736 2813 777 2864 est
794 2826 800 2862 :
819 2829 830 2854 ι
846 2806 958 2864 vocavit
976 2805 1085 2873 multos,
1101 2814 1128 2862 et
1180 2804 1263 2860 ferre.
1279 2803 1377 2859 Amica
1388 2819 1488 2875 nempe
1501 2803 1627 2861 libertate
1644 2819 1690 2862 me
1702 2812 1729 2863 et
1743 2806 1836 2862 omnia
1859 2821 1921 2862 mea
1941 2805 1977 2862 ad

329 2897 416 2965 misit,
432 2912 541 2952 serrum
557 2911 633 2952 suum
648 2897 716 2952 bora
739 2909 824 2952 coense
843 2893 934 2951 dioere
957 2893 1075 2950 invitatis
1098 2903 1128 2951 ut
1180 2893 1324 2949 utilitatem
1338 2900 1410 2949 tuam
1429 2893 1532 2949 babere
1553 2894 1666 2965 poteris,
1681 2893 1772 2950 servili
1796 2901 1885 2951 autem
1908 2908 1977 2950 con·

328 2985 466 3054 venirent,
483 2983 617 3056 quiajam
632 2993 728 3056 parata
742 2991 802 3040 sunt
817 2983 921 3047 omnie;
942 2990 969 3039 ct
986 2991 1128 3056 coeperunt
1172 2981 1284 3037 ditione
1297 2997 1349 3038 nec
1362 2997 1407 3038 me
1421 2997 1472 3038 nec
1489 2981 1721 3039 meababebis.»
1750 2981 1979 3053 Adqute,iratns

328 3072 411 3128 simul
423 3087 519 3130 omnes
540 3089 679 3128 excusare.
696 3095 708 3122 ι
732 3072 837 3128 Deinde
853 3071 914 3142 jam
937 3079 1126 3129 consummato
1180 3085 1229 3126 rex
1246 3088 1252 3124 :
1272 3093 1283 3118 ι
1300 3070 1370 3139 Sint,
1386 3070 1483 3144 inquit,
1497 3085 1562 3128 corn
1575 3071 1668 3145 jurgio
1690 3079 1737 3127 tua
1759 3071 1818 3140 tibi,
1843 3069 1979 3127 sufficient

327 3161 512 3218 ordinationis
528 3179 584 3218 suae
599 3161 643 3216 die
657 3168 763 3225 octavo,
782 3160 954 3216 cantuariam
983 3159 1127 3233 egrediens
1180 3175 1242 3214 mea
1257 3158 1337 3214 mihi.
1353 3159 1469 3216 Vade.»
1499 3159 1624 3216 Surrexit
1636 3174 1704 3234 ergo
1718 3167 1747 3217 et
1760 3159 1827 3216 exiit
1848 3165 1979 3231 reputans

325 3249 362 3306 ad
389 3249 491 3306 oudam
515 3250 589 3322 regis
612 3266 663 3321 pro
686 3249 843 3304 imminente
858 3247 1003 3304 Nativitnte
1017 3247 1125 3305 Domini
1179 3246 1252 3319 apud
1268 3263 1308 3317 ae,
1325 3247 1394 3304 forte
1408 3263 1464 3304 non
1476 3247 1536 3304 sinc
1549 3247 1764 3320 premonitione,
1780 3247 1871 3320 primo
1884 3245 1920 3302 ad
1934 3261 1977 3304 se-

327 3337 416 3394 cedit.
429 3337 490 3409 Quo
500 3339 672 3411 perveniens,
688 3337 910 3411 hilaritercreqe
924 3345 1034 3410 totaque
1048 3335 1125 3410 regni
1178 3335 1243 3393 dem
1258 3351 1334 3393 suam
1349 3335 1474 3394 introitus
1486 3335 1537 3394 Dei
1556 3337 1728 3410 evangelium
1745 3336 1843 3395 lecurm
1866 3331 1951 3394 fuisse
1966 3354 1974 3391 ε

323 3428 468 3485 nobilitate
483 3426 635 3501 suscipitur.
1138 3444 1164 3510 ρ
1179 3424 1271 3482 Nemo
1280 3429 1373 3497 potest
1385 3424 1622 3485 doolurdomtnie
1631 3426 1903 3497 acrnirelllottlmt,
1912 3427 1973 3496 at).

362 3518 403 3573 lia
418 3522 579 3588 tempestate
603 3532 649 3573 rex
671 3514 895 3573 Northmanniam
910 3515 986 3571 fratri
1000 3530 1050 3572 suo
1064 3514 1122 3571 llo·
1178 3514 1212 3571 Et
1226 3513 1343 3570 alacrior
1356 3514 1384 3569 in
1399 3512 1490 3585 ipsum
1503 3529 1629 3571 reversus
1645 3532 1651 3569 :
1670 3513 1855 3571 «Benedictus
1867 3514 1912 3581 sit,
1928 3514 1977 3584 ait,

324 3606 407 3662 berto
433 3614 488 3662 toto
512 3606 658 3662 conamine
681 3604 791 3661 auferre
812 3604 949 3670 laborans,
965 3602 1079 3659 multam
1095 3606 1123 3659 et
1178 3602 1351 3673 omnipotens
1365 3603 1446 3671 Deus,
1463 3602 1510 3674 qui
1524 3618 1570 3658 me
1592 3616 1643 3659 sna
1664 3602 1856 3659 misericordia
1872 3602 1976 3657 immu-

322 3695 488 3750 immensam
502 3695 684 3765 undecunque
706 3692 849 3750 collectam
868 3692 1011 3764 pecuniam
1025 3690 1052 3747 iu
1069 3694 1123 3748 boc
1177 3706 1241 3746 nem
1259 3688 1515 3746 servavitabomni
1536 3688 1658 3745 infamia.
1685 3689 1714 3746 Si
1737 3690 1809 3746 enim
1832 3690 1892 3747 baec
1915 3706 1977 3762 quta

321 3782 506 3854 expendebat,
518 3783 587 3838 adeo
602 3790 630 3838 ut
642 3781 785 3838 nonnullus
799 3782 879 3837 etiam
892 3780 1061 3836 difficultates
1076 3796 1122 3851 pa·
1177 3778 1264 3835 obtuli
1280 3795 1327 3834 rex
1341 3777 1462 3853 gratiose
1485 3778 1664 3849 suscepisset,
1680 3778 1804 3849 profecto
1819 3794 1836 3834 a
1849 3776 1977 3850 malignis

323 3880 437 3936 teretur,
454 3887 521 3941 quas
535 3872 639 3943 regiam
653 3868 709 3940 pati
725 3868 915 3927 excellentiam
935 3866 1065 3925 incedens
1078 3868 1123 3924 ai·
1176 3866 1350 3937 bominibus,
1366 3866 1412 3939 qui
1424 3866 1572 3936 exundant,
1585 3867 1642 3938 jam
1657 3873 1719 3923 ante
1742 3882 1793 3939 pro
1816 3866 1975 3939 episcopatu

322 3960 450 4017 debetur.
468 3960 569 4016 Suasus
584 3960 666 4033 igitur
677 3958 712 4014 ab
722 3958 818 4015 amicis
827 3958 882 4013 suis
891 3972 979 4013 novus
988 3955 1121 4029 pontifex,
1176 3956 1321 4027 promissa,
1350 3962 1377 4011 et
1393 3969 1467 4012 nuno
1494 3955 1546 4011 sub
1574 3954 1674 4012 callida
1700 3954 1840 4013 oblatione
1867 3953 1976 4011 reddita

322 4049 489 4121 quingentas
511 4048 614 4119 argenti
639 4047 723 4102 libros
747 4047 804 4119 regi
827 4044 937 4113 obtulit,
962 4060 1073 4116 sperans
1096 4047 1125 4099 et
1175 4043 1273 4100 luisset
1286 4051 1422 4116 putatum.
1445 4044 1500 4100 Sed
1514 4044 1597 4101 modo
1618 4042 1688 4117 qnid
1702 4046 1804 4118 agam?
1817 4043 1975 4117 Praesigna·

323 4136 519 4211 pollicentibus
546 4136 662 4192 credens
686 4150 747 4191 sese
768 4149 817 4207 pro
840 4136 892 4189 hoo
915 4134 974 4204 ejus
995 4132 1123 4203 deinceps
1176 4140 1233 4189 turn
1248 4133 1451 4205 ntiqnemunns
1464 4148 1514 4204 pro
1528 4131 1717 4205 redemptione
1730 4132 1830 4189 animm
1844 4148 1900 4190 sure
1910 4146 1976 4205 pan·

324 4226 442 4298 gratiam
457 4222 570 4280 tirmiter
585 4224 759 4295 adepturum,
774 4231 801 4279 et
815 4239 876 4293 qum
892 4221 939 4278 liei
955 4228 1016 4277 sunt
1030 4222 1123 4277 intcn-
1176 4221 1288 4293 peribus
1302 4221 1402 4278 Christi
1417 4221 1502 4289 dabo,
1518 4236 1573 4277 non
1586 4220 1643 4289 illi3
1659 4228 1687 4277 et
1700 4236 1754 4293 quo
1768 4221 1794 4278 ei
1809 4236 1887 4278 snam
1906 4236 1975 4295 gra·

324 4314 391 4370 dere
401 4314 538 4370 volentem
553 4313 688 4368 fautorem
703 4311 730 4366 in
740 4312 842 4367 cunctis
855 4310 1021 4374 habiturum,
1037 4324 1122 4366 neone
1175 4310 1243 4366 tiam
1257 4309 1391 4378 infundat,
1404 4324 1504 4382 meque
1518 4309 1554 4364 ab
1568 4309 1642 4367 omni
1656 4309 1729 4366 malo
1745 4308 1882 4379 deiendat,
1892 4311 1975 4367 devo-

325 4402 409 4459 rebus
432 4400 622 4458 ecclesiasticis
637 4400 707 4455 intus
721 4408 747 4455 et
761 4407 840 4457 extra
853 4414 949 4471 paoem
965 4398 1121 4454 tuitionem-
1176 4406 1219 4455 tus
1242 4396 1338 4454 orabo.
1357 4420 1368 4445 ι
1395 4396 1518 4467 Quaesita
1539 4397 1639 4454 debinc
1657 4412 1708 4468 per
1719 4396 1908 4466 internuntios,
1924 4398 1974 4454 sed

322 4506 375 4563 qne
389 4490 462 4546 illius
483 4499 578 4547 contra
601 4504 696 4546 omnes
710 4487 823 4545 mmulos
837 4488 1043 4559 acquisiturum.
1063 4486 1121 4543 lien
1175 4486 1241 4557 quia
1254 4486 1401 4559 pecuniam
1417 4485 1560 4557 duplicare
1584 4482 1680 4552 noluit,
1704 4485 1818 4541 minime
1843 4484 1976 4559 acquisita

322 4594 392 4653 ergo
402 4580 448 4634 teli
459 4577 598 4636 oblatione
608 4576 710 4647 audita,
719 4577 789 4633 bene
800 4592 858 4632 rem
866 4575 975 4647 quidem
984 4574 1121 4631 laudando
1174 4574 1264 4649 gratia
1284 4574 1353 4647 ejus,
1369 4573 1485 4641 acuns,
1501 4572 1648 4629 festivitate
1662 4572 1748 4642 linita,
1763 4574 1878 4630 reomait
1894 4571 1973 4629 rolli-

321 4668 480 4739 ruspondit;
496 4667 544 4723 sed
559 4665 668 4737 quidam
684 4665 813 4738 maligne
827 4664 925 4720 mentis
935 4663 1059 4721 hominos
1073 4678 1120 4719 rc·
1174 4663 1244 4719 citus
1262 4677 1348 4735 agene
1371 4660 1465 4719 oblato
1488 4676 1610 4731 monere,
1625 4669 1656 4717 ut
1668 4669 1857 4735 proposuerat,
1871 4660 1973 4718 Christi

321 4772 397 4829 gem,
409 4762 438 4810 ut
447 4752 504 4810 fieri
512 4754 592 4821 solet,
601 4754 636 4809 ad
646 4754 699 4811 hoo
709 4752 893 4823 perduxerunt
903 4759 1037 4823 quatenus
1046 4749 1121 4807 obla·
1134 4799 1160 4859 D
1175 4766 1310 4823 pauperes
1324 4765 1463 4808 recreare.
1958 4738 1962 4746 ’

325 4851 379 4899 tam
396 4842 535 4915 pecuniam
551 4842 704 4913 spemeudo
718 4841 839 4913 recipere
854 4856 907 4896 non
922 4838 1118 4911 acquiesceret.
1212 4840 1330 4896 Veniens
1353 4846 1444 4895 autem
1458 4837 1487 4894 in
1501 4838 1596 4895 villam
1618 4853 1705 4904 suam,
1730 4854 1792 4912 qnae
1811 4838 1904 4915 Ilerge
1918 4840 1971 4913 [ol.

363 4955 374 4979 ·
391 4932 442 4999 Tu,
457 4931 593 5003 inquiunt,
607 4946 670 4987 eum
684 4946 742 5001 pre
756 4928 862 4986 ceteris
884 4928 991 5001 duglire
1016 4927 1120 5001 princi·
1174 4927 1273 5002 Berge]
1287 4936 1411 4996 vocatur,
1425 4926 1564 4984 dedicarit
1578 4927 1635 4984 illic
1649 4923 1791 4985 ecelesiam
1806 4943 1888 4999 qnam
1902 4930 1971 4986 Lan·

320 5020 402 5093 pibus
417 5019 568 5087 honorasti,
585 5016 687 5088 ditasti,
703 5018 841 5081 exaltasti:
859 5023 886 5073 et
900 5032 971 5073 nnnc
994 5032 1057 5073 oum
1075 5024 1121 5072 tua
1175 5004 1286 5083 francus
1309 5016 1421 5089 quidem
1445 5015 1634 5082 fabricaverat,
1650 5014 1698 5071 sed
1711 5024 1801 5073 morta
1817 5026 1972 5089 preventus

324 5108 490 5166 necessitate
513 5107 752 5164 consideraturum
767 5105 861 5171 millia,
878 5104 919 5162 vel
935 5114 1019 5171 certe,
1035 5114 1063 5161 ut
1078 5104 1121 5162 le·
1174 5120 1283 5162 sacrare
1297 5104 1466 5177 nequiverat.
1487 5105 1561 5161 luter
1578 5120 1660 5176 quam
1674 5104 1873 5164 dedicationem
1885 5121 1972 5166 vene·

321 5197 435 5253 aissime
448 5196 562 5266 dicetur,
578 5194 653 5251 mille
668 5194 750 5251 libres
764 5210 814 5265 pro
828 5194 944 5267 agendis
957 5192 1121 5250 munificen-
1175 5202 1237 5250 ruat
1251 5193 1316 5249 illuc
1329 5194 1384 5250 duo
1398 5193 1525 5250 canonici
1538 5192 1574 5248 de
1588 5192 1689 5250 Sancto
1698 5192 1782 5252 eauto
1794 5194 1831 5251 ab
1844 5194 1973 5270 episeopo

325 5286 370 5342 lim
385 5294 438 5343 tuae
452 5284 547 5359 gratiis
571 5284 618 5339 tibi
639 5284 704 5340 dare
730 5282 852 5352 deberet,
867 5284 1029 5356 quingentas
1042 5282 1122 5355 (prob
1175 5282 1324 5341 londoniae
1338 5281 1427 5349 missi,
1447 5281 1553 5338 litteras
1567 5296 1601 5338 ex
1615 5288 1692 5354 perte
1705 5281 1827 5355 episcopi
1843 5285 1973 5343 deleren-

323 5376 443 5447 pudorl)
459 5372 546 5430 offert.
574 5372 629 5430 Sed
657 5370 795 5445 paululum
823 5370 942 5440 sustine,
967 5370 1122 5443 faciemque
1177 5378 1226 5440 tes,
1242 5371 1270 5425 in
1284 5368 1383 5442 quibus
1400 5374 1433 5425 ut
1452 5370 1542 5443 ipsam
1555 5368 1766 5442 dedicationem,
1782 5374 1871 5431 donee
1890 5374 1972 5433 simul

323 5470 398 5519 tuam
418 5477 548 5535 supereo
562 5468 709 5529 commuta,
725 5467 753 5516 et
767 5459 874 5516 videbis
897 5460 970 5531 qnod
993 5466 1122 5516 consueto
1175 5458 1242 5516 inde
1261 5460 1446 5533 loquerentur,
1462 5457 1596 5530 differret,
1611 5460 1776 5533 deprecatus
1790 5470 1840 5519 est.
1856 5462 1973 5523 Dicebat

970 5582 1184 5640 trunsctturttt
1201 5582 1320 5642 NOTAE.

324 5710 370 5750 an.
387 5696 457 5751 toto
474 5694 517 5750 ad
535 5696 613 5763 llla'l,
629 5691 756 5749 laudatus
787 5689 878 5757 mul,
892 5690 943 5746 nisi
959 5690 1032 5759 quod
1052 5706 1120 5773 erga
1172 5691 1243 5763 giuti
1270 5689 1350 5747 annis
1375 5691 1470 5749 udan
1497 5691 1594 5760 tenuit,
1617 5692 1644 5742 et
1664 5686 1807 5745 molosiam
1834 5688 1867 5745 S.
1896 5690 1973 5747 Pauli

324 5766 473 5822 monachos
487 5764 603 5835 iniquior
618 5762 696 5819 fuerit
712 5780 719 5818 :
736 5707 800 5819 attii
814 5762 992 5819 Walclnemus
1020 5760 1119 5817 scrib·
1174 5769 1302 5843 onustam
1316 5769 1482 5831 mucrene,
1496 5762 1563 5820 iecit
1575 5774 1647 5841 opus
1663 5766 1719 5841 tota
1729 5760 1830 5841 anglia
1843 5758 1972 5817 tamasis-

323 5840 368 5893 tur
383 5844 412 5893 et
427 5836 541 5893 loreum
554 5834 662 5891 melius.
1174 5848 1284 5901 simum,
1299 5848 1404 5905 nupero
1417 5830 1738 5893 moendiobondtnranst
1751 5837 1954 5904 cnmnmpton.

358 5908 398 5979 (n)
414 5906 553 5964 Mauritius
567 5903 754 5963 londiniensis
767 5904 905 5961 institutus
919 5920 963 5959 an.
980 5903 1061 5973 lost,
1076 5902 1120 5960 ai·
