4750 6725
397 621 448 677 399
891 603 1052 670 nanuum
1075 601 1355 668 ctuuuaaltlusts
1379 604 1542 668 nouacul
1989 605 2044 666 tot

391 745 477 814 dieto,
492 743 527 800 ad
551 757 645 814 regem
668 739 771 797 reuersi
784 753 844 811 quae
863 736 1005 794 audierant
1026 733 1183 792 retulerunt.
1199 737 1316 798 Aluum
1334 734 1506 793 reconciliari
1527 735 1669 807 sapienter
1682 743 1803 808 peteres,
1817 744 1844 794 et
1856 737 1969 810 adjutus
1983 752 2047 792 me-

389 835 465 907 Rege
475 832 559 906 igitur
571 829 685 887 consilia
699 845 750 884 aua
763 827 926 899 protelante,
942 833 969 882 et
978 839 1088 881 summo
1103 824 1190 896 ponti·
1243 825 1301 881 ritis
1315 833 1340 882 et
1356 824 1483 896 precibus
1496 823 1674 895 plurimorum
1688 841 1738 897 pro
1752 826 1909 883 testudinea
1924 826 2044 882 interve·

389 922 441 980 lice
463 919 600 978 cuiusuis
632 917 752 986 sedente,
782 919 899 974 occurrit
923 915 1015 972 aniruo
1043 914 1191 985 episcopos
1244 914 1376 970 uiantium
1385 913 1510 985 petitioni
1525 921 1578 969 ture
1593 911 1717 970 ellectum
1741 914 1886 982 obtineres,
1907 913 2048 986 pollicitus

391 1011 495 1083 sequius
514 1023 575 1066 esse
597 1006 697 1066 debere
719 1007 748 1062 in
762 1021 811 1062 suo
826 1005 899 1076 quod
916 1011 977 1060 erat
999 1003 1047 1058 llei
1063 1018 1144 1073 quam
1160 1001 1189 1058 iu
1244 1019 1275 1060 es
1289 1002 1342 1074 ipsi
1358 1009 1384 1058 te
1397 1019 1461 1058 usus
1475 1017 1508 1058 ac
1522 1001 1598 1076 leges
1612 1019 1675 1058 suas
1698 1019 1892 1076 usquequaque
1914 1003 2049 1072 deinceps

387 1099 501 1158 consilio
523 1096 596 1170 regis
625 1095 732 1152 terreni.
761 1093 867 1151 blittens
893 1109 960 1166 ergo
983 1091 1116 1164 praecepit
1141 1107 1191 1148 eos
1244 1100 1424 1160 servaturum,
1440 1099 1529 1148 eleas
1547 1090 1599 1146 sibi
1621 1089 2048 1150 conuaomneshomineslide-

388 1187 480 1246 renire
494 1187 528 1243 ad
544 1201 582 1242 se.
600 1185 682 1242 Erant
696 1191 785 1240 autern
800 1182 828 1239 bi
842 1181 1030 1239 walchelinus
1045 1180 1191 1251 episcopus
1244 1179 1304 1237 liter
1316 1179 1503 1237 defensurum.
1519 1177 1626 1250 Quibus
1639 1195 1720 1252 opem
1734 1181 1859 1237 credulus
1873 1179 1970 1247 lactus,
1986 1195 2050 1251 spe·

387 1274 597 1342 wintoniensis,
631 1273 770 1330 Robertus
807 1270 994 1338 lincoliensis,
1033 1267 1189 1326 Osmundus
1244 1270 1324 1325 rabat
1337 1269 1641 1340 sedseaeteroquietum
1655 1268 1732 1326 llere.
1748 1269 1805 1326 Sed
1825 1272 1894 1326 banc
1908 1268 2048 1341 pollicita·

388 1364 579 1432 Sunonensis,
590 1364 706 1419 loannes
720 1359 909 1418 bathoniensis
919 1359 969 1430 (a).
982 1357 1033 1427 Qui
1042 1373 1104 1415 cum
1111 1357 1192 1414 laeua·
1244 1358 1357 1428 tionem,
1383 1359 1455 1414 banc
1470 1356 1552 1414 fidem
1566 1373 1601 1413 en
1615 1366 1644 1414 tu
1665 1366 1790 1430 paunter
1816 1358 1875 1431 ipse
1896 1357 2049 1432 egrederis,

388 1471 440 1528 que
450 1455 547 1513 dextra
555 1449 910 1524 illiusjussiconsedissent‚
922 1449 959 1506 ait
968 1447 1034 1504 illis:
1047 1469 1058 1495 a
1072 1448 1188 1516 Fratres,
1249 1447 1314 1503 dum
1329 1448 1442 1503 Remum
1457 1462 1514 1502 non
1529 1453 1686 1519 exspectata
1699 1446 1809 1504 licentia
1819 1448 1878 1518 ejus
1900 1455 1926 1504 te
1947 1447 2050 1504 iturum

386 1545 449 1602 ideo
473 1543 527 1601 leci
545 1557 596 1600 ros
609 1541 702 1598 venire
716 1541 751 1596 ad
766 1555 809 1595 me
823 1537 896 1611 quod
910 1537 992 1593 uestri
1006 1534 1087 1593 cilicii
1101 1542 1144 1591 est
1158 1550 1192 1591 ea
1247 1535 1370 1591 minaris.
1386 1535 1541 1592 luauditum
1561 1535 1662 1608 quippe
1671 1536 1701 1592 in
1715 1552 1799 1608 regno
1809 1551 1860 1592 suo
1875 1545 1925 1606 est,
1940 1545 1967 1594 et
1988 1536 2050 1592 usi·

393 1649 455 1708 quae
469 1631 518 1689 Dei
540 1638 607 1688 sunt
620 1645 677 1701 prae
690 1627 796 1684 caeteris
811 1634 937 1696 tractare,
952 1626 1113 1698 disponere,
1129 1639 1191 1679 sor·
1244 1624 1296 1680 bus
1309 1625 1369 1695 ejus
1385 1624 1495 1682 omnino
1510 1625 1673 1682 eontrarium
1689 1625 1838 1696 quemlibet
1851 1626 1886 1682 de
1900 1625 1958 1682 suis
1968 1625 2050 1696 prin-

387 1737 461 1782 vare.
476 1719 605 1792 Episcopi
623 1716 694 1787 enipi
710 1717 776 1774 estis
791 1733 799 1781 ς
814 1715 918 1789 praelati
945 1715 975 1769 in
994 1712 1118 1770 Ecclesia
1140 1711 1192 1768 Dei
1248 1713 1364 1784 cipibus,
1379 1723 1405 1770 et
1416 1715 1555 1786 precipue
1566 1722 1590 1770 te
1600 1715 1667 1786 quid
1678 1715 1920 1786 talepraesumere.
1934 1715 1977 1770 Ne
1991 1714 2051 1787 igi-

389 1813 469 1870 estis.
490 1811 518 1868 Si
534 1825 600 1882 ergo
614 1807 652 1864 ita
675 1805 790 1862 fideliter
807 1812 834 1862 et
848 1804 968 1860 districta
990 1802 1072 1858 tultis
1086 1801 1114 1857 in
1129 1815 1192 1858 anea
1247 1811 1292 1858 tur
1304 1802 1333 1858 iu
1347 1802 1537 1874 hujuscemodi
1552 1819 1582 1860 re
1597 1803 1669 1860 ultra
1679 1802 1721 1859 uel
1736 1820 1752 1860 a
1766 1803 1873 1860 tevela
1886 1802 2050 1875 quouisalio

398 1909 475 1976 parte
489 1899 662 1957 considerare
685 1903 764 1967 atque
774 1893 840 1950 tueri
856 1892 1053 1966 rectitudinem,
1075 1899 1103 1947 et
1114 1889 1191 1961 justi·
1246 1899 1272 1948 te
1286 1891 1390 1960 lorsam
1406 1908 1468 1947 eum
1483 1892 1510 1947 iu
1521 1892 1613 1963 aliquo
1627 1892 1708 1948 laesus
1722 1892 1814 1960 luerit,
1829 1891 1928 1948 imitari
1942 1890 2053 1949 volente

391 1989 457 2050 liam
479 1989 528 2045 Dei
542 1987 612 2044 sieut
639 1985 666 2042 in
689 1993 765 2057 parta
790 1981 900 2038 alterius
922 1979 1091 2054 perpenditis
1110 1983 1192 2050 alque
1246 1980 1383 2054 fatigetur,
1408 1982 1464 2036 nult
1487 1989 1514 2037 et
1542 1981 1619 2051 jubet
1645 1989 1779 2052 quatenus
1800 1989 1848 2036 sut
1865 1981 2050 2053 iureiurando

394 2078 505 2137 tuemini
524 2077 588 2147 iura
610 2081 637 2132 et
650 2089 717 2129 usus
731 2069 1109 2140 mortalishnminis,bocque
1123 2067 1192 2123 mihi
1248 2070 1390 2140 promittas
1423 2070 1498 2141 quod
1525 2086 1662 2140 nunquam
1692 2069 1811 2142 amplius
1839 2070 1933 2126 sedern
1961 2071 2052 2127 sancti

387 2166 552 2241 promittitis,
578 2177 715 2234 exponam
743 2160 823 2219 vobis
842 2159 911 2216 siem
930 2157 1056 2214 fidelibus
1074 2165 1099 2214 et
1126 2155 1193 2212 filiis
1248 2159 1319 2215 l‘etri
1345 2159 1388 2216 uel
1402 2159 1460 2229 eius
1478 2158 1608 2214 vicarium
1622 2175 1674 2231 pro
1697 2159 1802 2230 quasis,
1818 2175 1878 2230 quae
1900 2159 1951 2214 tibi
1965 2171 2050 2232 queat

388 2261 438 2317 llei
458 2274 511 2329 quo
530 2253 622 2311 tendat
641 2252 700 2308 haee
718 2249 771 2306 mei
790 2248 931 2320 praesentis
950 2246 1057 2304 consilii
1076 2261 1191 2309 summe,
1247 2246 1345 2321 ingeri,
1370 2264 1452 2304 cansa
1475 2248 1606 2320 appelles,
1630 2256 1678 2303 aut
1691 2248 1742 2304 sub
1761 2247 1838 2304 omni
1852 2248 1990 2306 eeleritate
2013 2249 2050 2304 de

390 2357 418 2407 at
432 2346 542 2404 audiam
557 2355 710 2414 sequarque
729 2338 871 2396 eonsilium
891 2337 963 2408 quod
978 2335 1043 2392 mihi
1062 2335 1126 2391 inde
1141 2349 1191 2391 ve·
1247 2343 1318 2391 terra
1333 2353 1380 2392 sua
1396 2336 1516 2393 recedas.
1533 2337 1566 2393 Et
1580 2337 1602 2391 si
1612 2336 1869 2408 mauisinuaposito
1883 2337 1936 2393 hoc
1950 2353 2047 2394 sacra·

388 2435 509 2495 strallda
519 2435 576 2490 Deo
587 2430 717 2488 industria
731 2426 817 2483 dabit.
835 2427 976 2482 abluere:
991 2449 1003 2471 ·
1025 2423 1189 2496 loquemur,

388 2527 411 2584 si
426 2525 515 2598 placet
530 2521 692 2588 adinvicem,
708 2525 735 2574 et
748 2531 918 2574 communem
933 2527 1096 2572 consensum
1112 2511 1189 2567 rele-

384 2631 475 2673 remus
489 2612 524 2670 ad
539 2619 575 2670 te.
597 2632 609 2659 a
632 2608 783 2680 Surgentes
803 2605 894 2676 itaque
908 2604 937 2658 in
951 2610 1054 2674 partem
1070 2617 1130 2656 sese
1148 2609 1189 2655 tu-

383 2707 481 2774 lerunt,
497 2710 524 2758 et
537 2698 638 2756 habitis
656 2697 729 2752 inter
745 2711 775 2752 se
789 2691 925 2750 nonnullis
945 2690 1042 2750 serbis
1057 2689 1188 2746 miserunt

382 2795 552 2852 wentanum
566 2785 723 2860 pontificem
733 2791 760 2840 et
779 2782 941 2853 episcopum
962 2779 1131 2836 lincolinum
1151 2777 1187 2833 ad

382 2876 654 2956 regempercuneuri
668 2874 703 2930 de
717 2871 830 2946 negotio
849 2868 1013 2927 uoluntatem
1029 2883 1061 2925 ao
1077 2867 1185 2938 jussum

385 2971 469 3027 illius.
489 2966 586 3025 Edooti
601 2979 667 3037 ergo
686 2967 796 3034 propter
815 2975 875 3030 quae
890 2957 969 3013 missi
985 2964 1071 3024 erant,
1087 2954 1122 3010 ad
1136 2969 1184 3010 so-

383 3062 441 3118 cios
467 3055 567 3114 reversi
595 3055 746 3110 docuerunt
768 3065 816 3106 eos
839 3063 901 3120 quae
924 3045 1086 3102 didicerant.
1112 3043 1184 3112 Quid

383 3149 484 3222 plum‘l
500 3145 604 3203 Placuit
631 3143 670 3198 eis
694 3141 883 3195 incommune
911 3135 989 3206 sequi
1017 3133 1182 3190 voluntatem

380 3236 501 3297 bominis
520 3232 629 3300 terreni,
649 3225 880 3302 illicoquereversi
900 3240 953 3280 une
967 3223 1001 3278 ad
1021 3221 1183 3277 Anselmum

383 3331 510 3387 dixerunt
520 3324 557 3383 ei:
577 3318 815 3385 ullnminePater,
825 3314 926 3371 scimus
941 3320 966 3369 te
976 3313 1064 3370 uirum
1076 3309 1183 3383 religio·

1246 2431 1337 2482 mento
1348 2439 1490 2481 remanere
1500 2439 1584 2496 quam
1594 2425 1732 2494 recedere,
1744 2433 1806 2482 tunc
1821 2434 1846 2480 te
1860 2425 1896 2480 ad
1911 2424 2047 2495 judicium

1244 2512 1327 2570 curiae
1348 2530 1407 2570 sure
1430 2516 1564 2585 praecepit
1586 2514 1639 2570 sibi
1661 2514 1808 2570 emendare
1828 2514 1901 2585 quod
1919 2513 1956 2570 de
1973 2531 2004 2570 re
2017 2516 2049 2571 in

1244 2618 1297 2673 qua
1315 2619 1369 2658 non
1388 2618 1452 2658 eras
1466 2610 1554 2658 certus
1573 2611 1599 2659 te
1612 2612 1854 2675 pommeranorum,
1870 2618 1954 2659 ausus
1967 2602 2045 2660 luisti

1241 2707 1305 2746 curu
1319 2691 1401 2749 toties
1415 2691 1578 2762 inquietare.
1601 2716 1613 2742 ι
1627 2692 1772 2762 Dixerunt,
1783 2699 1812 2748 at
1823 2692 1860 2748 ad
1870 2707 1963 2765 regern
1978 2708 2046 2764 pro·

1242 2781 1313 2836 tinus
1327 2780 1427 2838 reuersi
1441 2789 1516 2836 aunt.
1544 2781 1620 2837 Tune
1641 2781 1790 2836 Anselmus
1803 2797 1863 2838 mum
1879 2781 1935 2836 suis
1956 2796 2048 2852 pauca

1241 2869 1346 2925 locutus
1360 2870 1488 2940 surrexit,
1512 2877 1593 2942 atque
1616 2871 1652 2926 ad
1666 2885 1760 2942 regern
1775 2870 1855 2926 nobis
1868 2885 1930 2926 eum
1945 2885 2047 2942 prose-

1240 2957 1387 3029 quentibus
1400 2960 1551 3032 ingressus,
1562 2959 1598 3014 ad
1613 2959 1738 3016 dextram
1752 2958 1823 3014 illins
1832 2974 1866 3013 ex
1877 2973 1954 3015 more
1965 2974 2045 3015 asse·

1240 3046 1289 3102 dit.
1306 3047 1411 3104 Deinde
1426 3048 1562 3103 mandatis
1576 3064 1663 3120 qnaen
1677 3047 1779 3103 nuntiis
1792 3055 1935 3120 acceperut
1947 3047 1977 3102 in
1990 3064 2045 3104 au-

1238 3135 1342 3191 dientia
1365 3137 1422 3206 ejus
1444 3136 1605 3209 singulatim
1628 3136 1822 3208 recapitulatis,
1847 3141 2042 3206 percunctatus

1239 3233 1281 3279 est
1290 3233 1446 3280 utrumnam
1457 3240 1473 3280 a
1484 3225 1557 3281 lucie
1566 3224 1655 3296 ipsius
1664 3241 1697 3281 eo
1707 3241 1760 3296 quo
1774 3224 1827 3280 sibi
1840 3225 1913 3282 dicta
1931 3224 2041 3280 fumant

1238 3314 1320 3371 modo
1334 3329 1398 3372 vere
1411 3315 1605 3386 processerint,
1615 3322 1642 3372 et
1656 3314 1747 3371 audita
1758 3330 1853 3372 revera
1862 3313 2038 3385 processisse,

380 3432 521 3476 sumasne
548 3429 580 3469 ac
599 3416 733 3478 saucium,
762 3415 788 3461 et
805 3406 834 3460 in
851 3404 929 3461 coelis
947 3400 1183 3458 uont'ersaliouem
1236 3406 1311 3460 illico
1333 3405 1400 3477 quid
1415 3405 1479 3459 inde
1498 3405 1610 3461 sentiret
1623 3405 1672 3461 tali
1685 3404 1826 3460 subintulit
1837 3420 1904 3461 voce
1920 3404 2038 3461 dicens:

381 3520 464 3565 tuam.
495 3506 552 3561 Nos
575 3508 666 3559 autern
697 3494 819 3567 impediti
839 3491 1051 3565 consanguineis
1070 3489 1180 3557 nostris,
1197 3468 1222 3531 C
1240 3515 1251 3547 a
1276 3492 1360 3557 Quod
1374 3493 1444 3549 dieis
1459 3508 1505 3549 me
1516 3493 1565 3549 sihi
1580 3494 1737 3567 promisisse
1746 3509 1812 3549 ugus
1826 3502 1853 3549 ει
1866 3493 2039 3549 consueram.

382 3612 451 3669 quos
473 3599 667 3657 sustentamus,
698 3595 725 3642 et
747 3581 939 3655 multiplicibus
968 3576 1064 3635 saeculi
1085 3577 1178 3637 rebus,

381 3700 449 3759 quas
468 3696 601 3749 amamus,
623 3678 752 3742 latemur,
774 3671 809 3727 ad
824 3670 1017 3727 sublimitatem
1039 3666 1101 3723 vitra
1125 3674 1179 3723 tuae

379 3789 494 3850 surgere
517 3768 671 3841 nequimus,
687 3778 738 3821 nec
752 3762 816 3820 huie
830 3761 931 3816 mundo
946 3766 1033 3814 tecum
1048 3756 1173 3813 illudere.

378 3867 434 3923 Sed
444 3864 467 3919 si
481 3858 600 3919 uolueris
613 3854 648 3910 sd
661 3869 711 3911 uos
724 3866 810 3922 usque
829 3847 1004 3917 descendere,
1020 3854 1046 3902 et
1065 3862 1116 3919 que
1130 3845 1176 3900 in-

378 3952 503 4012 cedimus
519 3948 564 4003 via
578 3943 719 4000 nobiseum
734 3954 858 4011 pergere,
882 3952 933 3993 nos
949 3934 996 3990 tibi
1012 3934 1082 3991 sicut
1096 3932 1176 3989 nobis

376 4042 445 4115 ipsis
465 4035 647 4097 consulemus,
663 4037 690 4085 et
713 4026 829 4100 negotiis
845 4024 896 4080 tuis
920 4038 1088 4097 quaecunque
1113 4022 1175 4077 lue-

373 4132 438 4201 rint,
453 4126 501 4183 ubi
512 4138 583 4197 opus
598 4120 687 4187 luerit,
703 4112 886 4183 sicutnnstrls,
902 4128 983 4183 opem
1002 4111 1135 4169 feremus.
1148 4109 1177 4165 Si

377 4233 442 4275 vero
457 4224 483 4272 te
497 4212 533 4270 ad
544 4212 631 4267 Deum
643 4203 815 4263 solummodo
826 4200 1055 4272 quemadmodum
1070 4198 1177 4269 coepisti

376 4316 467 4365 unere
488 4298 625 4373 delegeris
649 4295 733 4361 solus,
758 4298 886 4363 quantum
901 4298 996 4345 nostra
1020 4288 1133 4344 interest
1148 4286 1176 4344 in

374 4398 426 4453 boo
443 4400 472 4451 ut
488 4392 618 4448 hactenus
630 4382 705 4440 lusisti
719 4389 746 4439 et
760 4380 857 4437 amodo
871 4378 934 4446 eris,
953 4394 1002 4435 nos
1016 4376 1174 4433 fidelitatem

376 4500 459 4558 quarn
483 4480 541 4553 regi
556 4477 686 4533 debemus
700 4487 755 4527 non
775 4468 950 4527 excedemus.
981 4490 991 4516 a
1009 4470 1041 4523 nt
1057 4466 1103 4522 ille
1119 4466 1173 4521 ait:

376 4598 388 4624 ι
412 4575 483 4629 liene
493 4567 610 4625 dixistis.
625 4566 665 4621 lte
679 4576 745 4633 ergo
760 4559 795 4615 ad
822 4558 961 4614 dominum
977 4563 1105 4625 vestrum,
1121 4570 1175 4627 ego

373 4679 418 4721 me
432 4658 534 4718 tenebo
552 4656 588 4713 ad
602 4654 699 4709 Deum.
720 4672 732 4699 ι
750 4649 880 4705 Fecerunt
904 4653 933 4701 ut
951 4646 1068 4714 dixerat,
1093 4652 1119 4699 et
1132 4659 1175 4700 re

1235 3598 1286 3639 nes
1310 3591 1370 3638 tuas
1385 3591 1564 3651 servaturum,
1580 3589 1663 3639 etena
1683 3591 1777 3639 contra
1795 3598 1890 3639 omnes
1910 3582 2038 3638 homines

1238 3678 1327 3728 tecum
1346 3670 1464 3727 fideliter
1483 3671 1667 3739 defensurum,
1682 3671 1769 3728 fateor
1782 3688 1876 3727 samm
1894 3686 1964 3727 esse.
1979 3671 2038 3727 co-

1233 3776 1407 3831 gnoscerem,
1423 3760 1447 3815 si
1469 3776 1502 3817 eo
1517 3759 1579 3815 illas
1593 3768 1674 3831 pacto
1688 3760 1882 3833 distinguendo
1895 3759 2037 3832 proferres

1232 3864 1286 3920 quo
1305 3856 1369 3905 tunc
1392 3848 1531 3919 temporis,
1558 3849 1668 3919 quando
1690 3848 1840 3919 promissio
1855 3849 1915 3920 ipsa
1927 3849 1962 3905 de
1981 3864 2038 3919 qua

1230 3938 1290 4011 agis
1310 3937 1382 3994 laete
1396 3945 1448 4007 est,
1464 3953 1511 3993 eas
1531 3937 1616 3993 luisse
1634 3938 1772 3993 distinctas
1785 3936 1973 3994 indubitanter
1987 3952 2037 3993 re-

1231 4026 1340 4082 cordor,
1361 4026 1424 4082 Scio
1439 4025 1541 4096 quippe
1562 4039 1605 4081 me
1628 4026 1812 4098 spopondisse
1826 4024 2038 4083 consuetudines

1231 4119 1302 4183 luas,
1317 4115 1391 4186 ipsas
1404 4115 1530 4171 uidelicet
1548 4130 1617 4185 quas
1626 4131 1678 4187 per
1687 4113 1877 4171 rectitudinem
1891 4122 1919 4170 et
1932 4130 2036 4171 seeun-

1231 4203 1297 4259 dum
1324 4204 1412 4259 Deum
1442 4202 1472 4258 in
1496 4218 1584 4275 regno
1617 4211 1663 4260 tuo
1690 4202 1826 4279 possides,
1855 4218 1900 4259 me
1935 4220 2037 4260 secun-

1231 4292 1296 4347 dum
1315 4292 1402 4347 Deum
1425 4300 1608 4361 serratarum,
1631 4300 1658 4347 et
1672 4308 1719 4348 eas
1733 4308 1784 4365 per
1795 4290 1929 4362 justitiam
1939 4301 2036 4349 eontm

1231 4381 1461 4437 omnesbomiues
1478 4396 1528 4453 pro
1543 4396 1604 4437 meo
1615 4396 1695 4454 posse
1706 4381 1890 4438 defensurum.
1918 4404 1929 4431 ι
1946 4383 1978 4437 ln
1992 4382 2037 4438 bis

1231 4465 1322 4521 verbis
1339 4481 1403 4520 cum
1419 4480 1469 4521 rex
1483 4473 1511 4521 et
1525 4464 1665 4537 principes
1678 4466 1719 4521 sui
1732 4481 1805 4523 cseett
1819 4472 1911 4523 ruente
1926 4466 2034 4538 objice-

1231 4562 1300 4619 rent,
1317 4567 1350 4610 ac
1361 4553 1539 4624 jurisjurandi
1554 4553 1741 4624 interjectione
1751 4554 1900 4623 firmarent,
1914 4570 1967 4613 nec
1981 4556 2035 4612 Dei

1232 4656 1284 4699 uec
1298 4642 1466 4700 rectitudinis
1479 4642 1506 4697 in
1529 4642 1587 4713 ipsa
1601 4643 1748 4715 sponsione
1761 4643 1846 4700 ullam
1867 4645 2035 4703 mentionem

372 4749 475 4809 mansis
491 4743 632 4805 lluselmus
647 4739 723 4812 quasi
741 4736 825 4795 solus.
843 4734 920 4791 Facta
934 4733 1033 4789 deinde
1048 4732 1174 4803 aliquan·
1229 4731 1328 4787 luctum
1343 4728 1437 4799 luisse,
1453 4730 1526 4801 rupit
1538 4746 1619 4788 uoces
1641 4747 1733 4788 eorum
1749 4734 1902 4799 anselmus,
1927 4742 1954 4789 et
1975 4734 2032 4790 uit:

373 4843 427 4899 tula
440 4852 527 4905 mora,
556 4840 583 4891 et
611 4841 775 4901 unoquoque
798 4827 924 4881 nostrum
949 4823 996 4892 qui
1023 4820 1171 4877 admodum
1186 4828 1213 4891 ῃ
1229 4844 1240 4868 ι
1268 4821 1350 4891 Papae
1363 4821 1369 4875 l
1381 4819 1404 4875 si
1417 4835 1469 4877 nec
1484 4820 1533 4875 Dei
1548 4836 1600 4876 nec
1614 4821 1780 4877 reatitudinis
1793 4822 1906 4892 mentio,
1921 4826 1952 4879 ut
1965 4822 2035 4880 dici·

369 4928 449 5004 pauci
464 4942 525 4985 oum
540 4938 574 4979 eo
588 4918 771 4977 remansimus
786 4913 821 4970 ad
836 4911 983 4983 imperium
997 4909 1070 4966 illius
1081 4909 1174 4982 singu·
1228 4908 1273 4973 tis,
1286 4908 1420 4965 laetaluit
1440 4908 1519 4979 eujus
1538 4910 1625 4965 tunel
1640 4908 1722 4965 Absit
1736 4910 1856 4967 eborum
1866 4912 2032 4984 Christiano,

369 5020 445 5075 latim
456 5013 569 5072 sedente
583 5018 609 5067 et
627 5010 714 5065 Deum
728 5018 778 5077 pro
796 5000 948 5073 digestione
968 4998 1055 5070 ipsius
1069 4998 1173 5071 negotii
1227 4996 1309 5066 absit,
1325 4997 1401 5070 leges
1414 4996 1458 5055 rel
1472 4997 1795 5070 consuetudinesteuere,
1812 5008 1859 5058 aut
1873 5002 1952 5073 tueri,
1968 5019 2034 5075 quse

370 5102 569 5175 interpellante,
588 5096 700 5154 veniunt
722 5089 847 5163 praedicti
858 5087 980 5160 episcopi
994 5104 1054 5144 cum
1070 5087 1170 5159 aliqui·
1226 5087 1285 5143 Deo
1300 5094 1328 5142 et
1338 5085 1493 5141 rectitudini
1504 5086 1648 5144 conuamae
1662 5091 1905 5147 essenoscunturl
1932 5114 1944 5140 2
1961 5091 2032 5147 cum

371 5197 422 5251 bus
430 5188 579 5248 baronibus
593 5184 681 5258 regni,
698 5180 847 5239 inlerentes
862 5180 921 5235 vlro
936 5178 1013 5233 baec:
1033 5198 1044 5225 a
1060 5176 1171 5233 blandat
1230 5174 1266 5230 nd
1279 5174 1339 5230 haee
1349 5173 1387 5230 illi
1402 5175 1655 5233 submurmurantes
1664 5184 1756 5234 contra
1770 5177 1859 5237 uirum
1868 5179 1957 5252 eapite
1966 5197 2031 5238 rno-

369 5283 419 5341 tibi
433 5297 483 5338 rex
497 5276 570 5349 quod
584 5288 665 5345 saepae
675 5267 787 5327 diuersis
801 5282 864 5324 eum
879 5264 996 5338 querelis
1013 5264 1167 5338 exagitasti,
1228 5270 1335 5333 serent,
1356 5277 1409 5320 nec
1428 5270 1517 5320 umen
1540 5264 1606 5337 quid
1620 5264 1686 5322 ceni
1703 5265 1766 5322 siva
1785 5282 1852 5325 voce
1864 5268 2030 5341 proferrent,

369 5366 547 5435 exacerbasti,
562 5358 696 5422 cruciasti.
713 5359 812 5414 Verum
828 5370 891 5413 cum
905 5354 1014 5411 laudern
1027 5360 1091 5425 post
1103 5353 1167 5423 pla·
1223 5352 1259 5407 ad
1274 5366 1382 5423 eaquae
1395 5357 1516 5424 eoeperat
1530 5352 1709 5411 subinferens
1721 5355 1800 5413 Peter
1813 5356 1869 5413 ait:
1886 5356 1945 5415 Sed
1962 5359 2030 5432 quid

369 5446 452 5519 eitum
468 5454 541 5530 quod
559 5450 640 5511 totius
654 5447 731 5521 regui
746 5444 910 5502 adunatione
933 5450 1027 5501 contra
1042 5451 1067 5499 te
1092 5442 1167 5513 apud
1221 5440 1323 5497 usseris
1345 5441 1550 5498 consuetudinis
1573 5448 1627 5500 tuae
1649 5458 1705 5500 non
1727 5459 1789 5502 asse
1803 5453 1830 5502 ut
1854 5462 1933 5520 ergo,
1947 5464 2031 5507 musa

368 5544 572 5621 lloebingebum
587 5539 708 5597 habitum
723 5538 775 5607 est,
791 5550 853 5593 euru
872 5532 921 5590 tibi
941 5532 1011 5589 sicut
1025 5530 1164 5589 dominum
1223 5528 1319 5588 salutis
1342 5529 1441 5588 anime
1463 5546 1544 5602 meae,
1568 5546 1653 5590 musa
1661 5532 1804 5607 regiminis
1827 5535 1966 5596 Ecclesiae
1977 5539 2032 5597 Dei

1018 5655 1234 5714 uuuscttltuu
1254 5654 1371 5713 Noun.

400 5802 440 5876 (u)
454 5799 572 5857 loannes
591 5784 778 5848 bathoniensis
791 5783 827 5843 ab
850 5782 1012 5842 aanoldis
1037 5781 1073 5840 ud
1097 5784 1166 5840 1122
1180 5779 1262 5844 sedit,
1277 5788 1305 5839 et
1327 5780 1422 5839 sedem
1447 5782 1641 5857 episcopalem,
1665 5800 1701 5843 ex
1729 5782 1865 5845 wellensi
1888 5788 2029 5852 cirinum

368 5893 527 5959 Bttbnuiam
549 5884 695 5947 banstullt.
