4750 6725
397 568 450 629 lati
899 564 1056 627 melliti
1069 560 1349 623 cantuaniensts
1363 561 1527 625 nunaunt
2000 564 2063 623 tao

397 693 638 762 reassumimus
653 692 832 765 Dnnstsnum,
848 694 895 767 qni
912 700 976 752 tunc
1003 692 1072 749 torte
1101 704 1196 747 accntn
1209 689 1238 752 Α
1252 686 1328 755 Qnoa
1342 705 1438 747 versus
1451 690 1551 749 chorus
1559 688 1695 764 virginum
1703 689 1866 755 resumendo
1875 694 2060 765 permutans,

396 791 463 851 erat,
479 784 678 840 misssmsnam
712 784 800 840 donec
832 782 934 839 rediret
947 780 1057 839 differre
1087 778 1192 853 petivit.
1249 778 1474 850 predictarum
1501 791 1638 840 eantnces
1666 780 1744 839 binos
1775 780 1822 853 qni
1845 784 1995 852 sequnntur
2028 776 2060 833 iu

398 872 641 945 appropinquante
654 872 738 947 igitur
751 873 817 929 bora
832 873 922 940 tertia,
937 870 980 927 vir
994 870 1043 927 Dei
1058 870 1094 925 nd
1108 868 1196 923 eccle·
1248 866 1344 925 ordine
1358 884 1452 925 versus
1467 878 1620 940 prosecute
1629 877 1710 927 sunt:

399 960 469 1017 aiem
483 960 616 1032 procedit,
632 969 659 1017 et
677 961 788 1017 indutus
815 960 900 1017 sacris
927 959 1059 1028 restibus,
1088 972 1194 1031 regem,
1291 958 1406 1013 Primus
1416 957 1452 1015 od
1466 959 1525 1016 imo
1539 960 1600 1017 ruit
1613 958 1761 1033 mogontia
1780 958 1842 1015 luca
1856 955 2006 1029 superbus.

398 1049 505 1105 sicntei
519 1048 690 1119 promiserat,
719 1050 905 1121 exspectabat.
934 1047 1029 1105 Stabat
1051 1062 1117 1121 ergo
1145 1062 1196 1101 cu·
1338 1046 1473 1103 Sicltomo
1487 1064 1555 1105 cnm
1570 1049 1688 1117 tumuit,
1702 1048 1813 1121 primos
1827 1046 1864 1103 od
1880 1046 1940 1101 imo
1963 1044 2040 1101 ruit.

397 1136 462 1192 bitis
475 1136 583 1193 innixus
600 1138 690 1207 altari,
719 1138 835 1196 orationi
864 1153 898 1194 ac
923 1136 1050 1209 lacrymis
1077 1134 1195 1191 deditus.
1251 1136 1350 1211 Sitque
1364 1138 1452 1194 donec
1470 1137 1513 1195 vir
1530 1136 1579 1193 Dei
1599 1137 1746 1209 perductus
1759 1134 1945 1193 inoratarinm
1969 1139 2060 1199 esset,

396 1225 464 1281 tum
478 1224 568 1282 subito
582 1240 679 1297 sopore
694 1226 790 1283 leniter
804 1243 925 1298 pressus,
941 1225 969 1281 in
988 1225 1088 1280 cetum
1118 1224 1197 1295 rapi·
1251 1225 1389 1300 virgineus
1405 1226 1504 1283 chorus
1531 1226 1634 1299 primas
1662 1233 1689 1281 at
1716 1225 1838 1301 virgines
1865 1222 1937 1279 hine
1962 1220 2060 1285 binos,

398 1319 448 1380 tur,
463 1322 491 1368 et
502 1313 588 1370 beatis
605 1316 766 1388 angelorum
780 1315 938 1387 agminibus
948 1314 1107 1383 associatus,
1123 1311 1199 1370 audit
1250 1314 1327 1385 juxta
1341 1314 1415 1387 quod
1429 1316 1514 1373 serias
1527 1315 1621 1388 hymni
1636 1330 1696 1371 sese
1706 1313 1798 1383 hebet,
1824 1328 1920 1369 versus
1951 1308 2062 1365 modu·

396 1416 445 1458 eos
459 1418 573 1457 summas
587 1403 751 1460 Trinitatiin
775 1403 884 1459 landem
912 1400 1058 1459 modulatis
1084 1401 1200 1458 vocibus
1252 1401 1316 1461 lata
1328 1409 1400 1461 sunt.
1416 1404 1529 1475 Propter
1541 1404 1599 1461 baeo
1613 1410 1640 1460 et
1654 1403 1749 1460 borum
1762 1400 1866 1458 similia
1888 1399 1963 1455 lacta
1987 1396 2064 1452 insi·
2155 1414 2156 1429 ¹

396 1490 1198 1566 manantesatquedieentesttyrteeleisontlyrteeteison,
1254 1493 1316 1567 gnis
1330 1493 1410 1549 Pater
1423 1494 1579 1549 linnslauns
1592 1492 1686 1565 quanti
1702 1491 1823 1559 honoris,
1848 1494 1958 1561 quanlae
1982 1501 2064 1543 reue·

398 1580 732 1653 turcomannorum
746 1581 894 1637 melodiam
909 1580 1059 1637 coelestinm
1073 1586 1199 1635 cuntem-
1254 1580 1359 1649 rentire,
1375 1590 1510 1654 quantave
1524 1579 1733 1655 magnificentie
1746 1578 1820 1649 apud
1848 1591 1944 1633 omnes
1972 1573 2065 1629 bonas

309 1707 314 1721 .
398 1667 621 1739 picturataeque,
637 1670 672 1725 ad
687 1686 718 1726 se
733 1671 969 1726 rerersusest.llt
991 1684 1139 1725 conversus
1163 1666 1199 1723 ad
1255 1670 1395 1736 exstiterit,
1410 1669 1524 1739 murno,
1541 1670 1613 1741 quod
1627 1669 1674 1742 qui
1688 1668 1751 1727 talia
1768 1667 1816 1723 bei
1830 1667 1903 1723 dona
1930 1661 2063 1736 amplecti

398 1771 461 1812 suos
475 1756 623 1831 interrogat
638 1760 732 1816 llexne
746 1759 860 1824 venerit,
877 1775 912 1815 aa
927 1774 991 1813 nnn.
1011 1761 1044 1813 at
1063 1756 1110 1812 nbi
1139 1771 1200 1812 eum
1254 1759 1340 1825 novit,
1355 1774 1389 1814 ex
1405 1774 1508 1833 magna
1523 1767 1599 1831 parta
1610 1766 1637 1815 et
1651 1774 1695 1815 me
1709 1756 1805 1813 silente
1826 1752 1938 1811 videbit.
1968 1754 2004 1806 At
2027 1750 2081 1835 iis*

398 1844 518 1899 nondum
533 1847 641 1903 venisse
655 1850 770 1921 accepit,
786 1848 822 1904 ad
840 1863 903 1904 suas
929 1862 1025 1919 preces
1045 1862 1105 1901 sese
1131 1861 1201 1903 con·
1255 1848 1302 1917 qui
1314 1848 1407 1918 potius
1421 1848 1449 1905 in
1469 1848 1571 1903 malitia
1585 1863 1666 1921 quam
1681 1848 1708 1901 iu
1722 1845 1843 1903 bonitate
1866 1843 1950 1897 vitam
1980 1854 2066 1911 agere

399 1934 491 1989 vertit.
511 1934 648 2009 Factaque
663 1952 717 1993 non
731 1938 831 2010 granm
846 1935 1107 1999 intervallo,iterum
1122 1943 1200 1992 extra
1255 1936 1423 2007 satagebant,
1440 1936 1583 1993 horrorem
1613 1944 1694 2007 etque
1721 1942 1852 1991 terraram
1881 1930 1974 1989 vultus
2000 1928 2063 1998 ejus

399 2034 431 2078 se
443 2020 541 2078 ductus
552 2024 656 2081 audivit
683 2025 710 2080 in
725 2026 801 2082 coelis
824 2027 938 2082 altisona
950 2040 1019 2081 voce
1042 2023 1115 2086 ‹liei;
1145 2024 1196 2091 lte,
1211 2048 1238 2109 Β
1253 2024 1414 2094 incutiebat,
1430 2032 1458 2079 ut
1472 2024 1508 2081 ab
1522 2040 1555 2081 eo
1569 2024 1665 2101 lugere
1678 2039 1763 2096 qnam
1777 2023 1812 2078 ad
1836 2038 1899 2079 eum
1928 2018 2064 2075 accedere

394 2112 482 2166 missa
496 2114 547 2169 est.
562 2113 603 2170 dd
618 2114 693 2187 qnod
707 2117 835 2173 cumben
849 2116 960 2187 gratius
975 2112 1196 2183 responderetur,
1255 2112 1376 2169 mullent.
1392 2112 1494 2170 Omnes
1507 2128 1582 2180 raro,
1599 2113 1644 2185 qni
1660 2128 1786 2184 perversa
1799 2118 1858 2167 scta
1874 2125 1925 2167 sua
1939 2108 2066 2165 deserete

398 2208 568 2256 accurrentes
577 2202 667 2259 clerici
676 2204 750 2277 regis
763 2219 857 2277 regem
886 2203 981 2259 adesse
1008 2200 1201 2271 vociferantur,
1257 2201 1284 2259 'et
1310 2202 1346 2259 ed
1374 2210 1444 2257 recta
1468 2216 1550 2273 opera
1577 2200 1734 2273 cupiebant,
1764 2199 1969 2271 transmigrare,
1999 2212 2065 2252 vera

401 2289 572 2345 sacerdotem
587 2297 617 2346 ut
627 2291 913 2349 festinantinsblissam
921 2290 1040 2347 celebret
1049 2289 1201 2345 obsecrant.
1257 2292 1358 2363 pietate
1372 2306 1404 2347 ao
1424 2290 1612 2347 misericordia
1640 2288 1791 2347 visceribus
1818 2302 1880 2344 eum
1908 2286 2064 2344 redundare

401 2376 495 2431 atille
509 2392 605 2435 versus
619 2381 654 2436 ab
668 2382 755 2451 altari,
772 2380 1032 2440 blissamsebabera
1047 2381 1205 2457 pronuntiat
1258 2380 1421 2449 sentiebant,
1437 2387 1464 2435 ct
1478 2379 1703 2435 ulttahumanam
1731 2376 1940 2433 estimationem
1967 2374 2063 2431 eonsi-
2155 2400 2156 2419 i

381 2464 522 2538 ¹etaliam
537 2483 567 2522 se
582 2470 882 2529 eadiecalebraturum
896 2474 1026 2549 abnegat.
1052 2475 1204 2547 Depositis·
1259 2469 1325 2525 lium
1339 2469 1419 2525 simul
1433 2468 1604 2525 etanxilium
1623 2482 1679 2523 suaa
1706 2466 1800 2523 salutis
1826 2466 1854 2521 in
1876 2480 1909 2521 ao
1936 2464 2063 2536 reperie-

407 2567 459 2622 qne
475 2556 593 2613 restibus
608 2560 701 2627 sacris,
718 2578 736 2618 a
753 2562 810 2619 suis
831 2562 866 2619 de
880 2580 911 2620 re
938 2563 1101 2637 inquiritur;
1132 2564 1205 2635 quod
1258 2558 1333 2613 bant.
1351 2559 1375 2615 Α
1390 2556 1503 2614 remotis
1517 2557 1609 2629 iteqne
1623 2563 1754 2611 terrarum
1776 2554 1902 2627 partibus
1930 2551 1967 2609 ad
2000 2567 2062 2607 snm

407 2639 508 2699 latebat
523 2647 652 2716 aperitur.
677 2650 719 2704 Ex
751 2651 803 2707 boc
828 2651 918 2724 itaque
945 2662 1054 2725 sumpto
1081 2669 1206 2709 sermono
1259 2647 1361 2718 passim
1377 2646 1542 2713 currebatur,
1557 2652 1584 2701 et
1596 2660 1650 2719 quo
1664 2644 1741 2699 illum
1763 2642 1942 2715 preeminera
1971 2648 2064 2700 notum

407 2743 503 2803 regem
518 2733 545 2787 in
560 2734 656 2792 diebus
670 2739 818 2797 Dominicis
831 2740 962 2815 deinceps
975 2758 992 2799 a
1013 2751 1112 2799 venatu
1139 2758 1206 2814 pro·
1261 2747 1327 2803 erat,
1344 2738 1458 2811 Spiritus
1470 2734 1558 2791 sanati
1569 2733 1713 2791 consilium
1727 2732 1762 2787 ab
1779 2733 1840 2803 ipso
1855 2730 2007 2804 patebatur.

408 2817 505 2879 hibuit.
519 2825 611 2896 Karta,
627 2827 745 2897 eleison,
760 2845 826 2886 vero
840 2831 913 2901 quod
927 2831 955 2886 in
987 2830 1143 2887 caelestibus
1166 2830 1207 2885 dl·
1297 2827 1326 2884 Si
1355 2824 1390 2881 ad
1417 2825 1468 2881 ista
1495 2821 1596 2880 diaboli
1620 2822 1713 2879 odium
1741 2830 1768 2877 et
1793 2819 1898 2876 invidia
1925 2817 2065 2885 seviebat,

406 2905 480 2977 dicit,
495 2913 676 2983 summouit,
693 2916 774 2988 idque
788 2918 879 2975 multis
893 2918 921 2975 in
937 2919 1005 2975 locis
1019 2918 1101 2975 hodia
1114 2926 1208 2975 saneta
1262 2915 1329 2971 nulli
1343 2913 1506 2971 mirandum.
1523 2911 1580 2968 Sed
1594 2910 1658 2983 qnia
1668 2926 1699 2966 se
1725 2909 1755 2967 iu
1780 2906 1987 2981 perturbatione
2015 2906 2065 2969 riri

408 2994 527 3052 Ecclesia
541 2999 610 3055 inter
621 3002 766 3060 misanmm
779 3006 909 3062 solemnia
923 3008 1005 3064 canit.
1262 3003 1330 3071 nibil
1339 3019 1431 3076 posse.
1440 3001 1492 3057 nisi
1506 3000 1579 3075 quod
1594 2997 1782 3057 verecundiam
1795 2998 1838 3053 sui
1859 3003 1887 3052 at
1913 2995 1976 3067 ejus
2002 2993 2065 3068 glo-
2155 2988 2156 2993 ’

443 3083 528 3140 liaris
541 3097 600 3144 erat
613 3091 671 3146 viro
701 3093 761 3149 loca
786 3103 893 3165 sancta,
919 3096 1028 3169 qnando
1056 3092 1208 3153 cantuarie
1262 3094 1331 3151 riam
1351 3089 1545 3165 magnificaret,
1567 3088 1626 3161 jam
1652 3096 1727 3145 certo
1750 3086 1863 3156 solebat,
1892 3085 1929 3141 ab
1956 3099 1988 3139 ea
2012 3098 2066 3155 qua

408 3172 573 3241 morabatur,
589 3186 759 3235 auctentum
778 3179 936 3239 tidelisocio
961 3183 1103 3239 comitatns
1127 3192 1209 3239 noctu
1263 3181 1339 3238 illum
1348 3180 1544 3253 saepelatigsre
1559 3176 1675 3243 solebat.
1695 3174 2063 3249 impugnationesescoohi·

407 3274 566 3333 peragrare,
581 3272 608 3319 et
622 3281 652 3321 se
665 3266 732 3323 inibi
743 3285 793 3340 per
806 3271 1042 3341 compunctionem
1065 3280 1092 3327 ct
1106 3270 1209 3327 contri-
1263 3271 1332 3327 buit.
1347 3271 1445 3325 Verum
1461 3274 1491 3323 nt
1506 3282 1569 3324 eum
1582 3265 1710 3323 redderet
1724 3263 1923 3334 conturbatum,
1935 3264 2065 3335 Esdgaro

409 3346 510 3404 honam
526 3352 682 3412 cardislleo
695 3367 825 3416 mactare.
842 3358 966 3432 Quadam
979 3361 1061 3433 igitur
1086 3359 1146 3417 vice
1173 3358 1209 3416 ad
1264 3358 1332 3432 regi,
1348 3374 1432 3433 quem
1442 3356 1555 3413 multum
1584 3372 1636 3427 pro
1664 3371 1713 3411 sua
1740 3352 1891 3410 reverentia
1920 3351 2064 3426 diligebat,

411 3441 604 3498 monasterium
633 3444 851 3504 beatissimorum
870 3449 1059 3521 apostolorum
1084 3449 1156 3504 Patri
1183 3457 1210 3504 et
1265 3448 1394 3520 laqueum
1409 3445 1590 3520 gemebundae
1612 3441 1780 3518 deceptionis
1794 3441 1916 3506 tetendit,
1940 3450 1969 3498 et
1993 3442 2065 3497 irre·

410 3526 499 3598 Pauli,
514 3529 542 3586 in
556 3548 609 3603 qno
624 3534 929 3608 beatnsdugustinuset
952 3537 999 3594 alii
1026 3537 1149 3594 nonnulli
1175 3538 1211 3593 de
1266 3536 1342 3594 titum
1351 3536 1445 3610 gravis
1465 3533 1569 3607 peccati
1593 3548 1672 3590 nevo
1699 3531 1822 3590 insolvit.
1849 3529 1975 3602 Quadam
1993 3530 2065 3586 cuim

410 3613 533 3674 Patribus
561 3621 691 3681 Ecclesiae
718 3625 819 3682 Christi
842 3625 1046 3683 Cantnsriensis
1085 3624 1212 3685 tumulati
1265 3625 1325 3684 vioe
1338 3625 1411 3683 idern
1424 3640 1472 3682 rer
1487 3620 1718 3689 inmnussterium
1732 3619 1967 3694 virginum,qnotl
1990 3619 2064 3674 wit-

408 3714 478 3776 sant,
494 3721 530 3764 ex
544 3724 619 3768 more
632 3713 704 3769 circa
718 3714 816 3770 medie
830 3716 920 3771 noctis
943 3715 1052 3771 silentis
1078 3714 1211 3787 perrexit,
1266 3715 1347 3772 cuniae
1360 3715 1441 3770 situm
1469 3712 1594 3784 babetur,
1623 3710 1706 3778 vonit,
1734 3709 1827 3780 ibique
1854 3717 1950 3782 ceptus
1976 3709 2065 3779 specie

409 3792 501 3868 ibique
516 3797 573 3854 Deo
587 3815 616 3856 se
631 3800 770 3857 diutiusin
783 3804 906 3859 oratione
920 3804 1077 3874 prostravit.
1106 3805 1210 3877 tigres-
1265 3803 1405 3876 cujusdam
1418 3802 1528 3876 puellm,
1544 3816 1607 3874 qum
1621 3800 1655 3857 tle
1670 3798 1807 3862 nobilibus
1822 3797 1975 3872 amorum
2002 3803 2066 3852 nata

410 3899 458 3938 sas
474 3899 537 3940 vero
551 3887 587 3942 ad
601 3889 749 3944 oratorium
762 3890 850 3947 bestsa
864 3891 914 3949 Dei
928 3891 1068 3963 genitricis
1085 3895 1114 3947 et
1145 3907 1211 3962 par·
1265 3890 1570 3952 intersanctlmonitles
1587 3904 1641 3946 non
1656 3888 1745 3948 relate
1766 3886 1944 3954 nutriebatur,
1974 3893 2065 3950 susto-

410 3977 500 4041 patne
513 3971 826 4048 virginishteriae‚qucd
839 3979 867 4033 in
885 3979 1011 4036 orientali
1021 3979 1212 4052 ipsiusmona·
1266 3981 1402 4050 diabatur,
1417 3995 1478 4036 eam
1493 3995 1544 4036 suo
1559 3977 1696 4052 colloquio
1709 3976 1809 4035 adduci
1822 3974 1953 4040 seoretius
1969 3974 2061 4044 iussn.

409 4058 486 4114 alerii
501 4068 577 4128 parte
591 4061 671 4117 situm
686 4063 784 4134 fuerat,
813 4067 910 4123 cadem
938 4067 1061 4124 tacturus
1087 4067 1209 4124 divertit.
1266 4069 1314 4126 illa
1328 4084 1390 4126 oum
1405 4067 1559 4136 duceretur,
1575 4067 1675 4132 umens
1696 4065 1793 4140 pudori
1807 4081 1868 4136 suo,
1896 4072 2004 4137 raptum
2032 4063 2066 4120 ab
2155 4137 2156 4142 η

411 4143 459 4200 cui
470 4149 701 4220 appropinquans,
716 4154 819 4210 audivit
833 4155 906 4210 intus
925 4171 1006 4212 rores
1037 4155 1212 4226 psallentium
1266 4173 1320 4214 una
1333 4158 1579 4214 sanctimonialium
1595 4155 1676 4230 capiti
1691 4171 1741 4214 sno
1756 4155 1845 4214 uelum
1866 4153 2005 4226 imposuit,
2035 4167 2067 4208 eo

411 4240 494 4306 utque
501 4235 647 4294 dicentium
657 4257 663 4294 :
673 4240 802 4299 Gaudent
810 4246 924 4300 incelis
931 4246 1212 4302 animoetoactorum
1267 4247 1348 4304 motio
1363 4263 1392 4304 se
1405 4247 1510 4320 protegi
1526 4261 1647 4319 sperans,
1661 4245 1686 4302 si
1700 4245 1773 4304 forts
1787 4261 1836 4300 res
1850 4244 1916 4317 quid
1930 4240 2067 4300 inbouaati

410 4325 1213 4407 quiChrisliuertigiatenimenti,etqnioproejuromore
1267 4346 1341 4393 ttae
1369 4337 1479 4408 exigere
1503 4336 1593 4394 sallat.
1616 4335 1704 4404 Quam
1727 4333 1788 4408 ipse
1807 4333 1922 4390 celenna
1949 4332 2065 4400 intuens,
2155 4355 2156 4366 2

410 4415 668 4486 sanquinemsmm
677 4419 827 4492 sudarunt,
837 4421 899 4479 ideo
912 4439 977 4480 cum
986 4422 1096 4480 Christo
1103 4420 1214 4496 goude-
1269 4443 1380 4502 aquam
1396 4425 1495 4496 subito,
1510 4421 1830 4498 iuquiqsauctimonialic
1857 4421 1954 4479 etimne
1983 4435 2023 4478 es
2054 4442 2064 4470 ι

411 4502 482 4559 iurat
496 4503 529 4559 ln
546 4509 698 4564 «eternum.
719 4509 834 4567 ddhtac
853 4511 899 4567 illc
924 4512 1099 4582 stupefactus,
1128 4511 1214 4567 astitit
1268 4519 1463 4589 Arreptumqua
1474 4514 1563 4572 velum
1579 4512 1696 4570 detraxit
1708 4512 1793 4584 capiti
1810 4511 1881 4583 ojus.
1897 4511 1945 4568 ills
1971 4513 2067 4568 conatu

410 4591 491 4660 ostio,
507 4609 539 4648 sc
552 4610 601 4665 per
613 4596 695 4652 rimas
722 4598 797 4654 illius
825 4599 1015 4672 introspiciens
1042 4602 1113 4670 (erat
1139 4599 1212 4658 enim
1267 4620 1321 4678 quo
1336 4612 1441 4676 potarat
1456 4604 1559 4660 frustm
1576 4600 1851 4659 castrametamur
1872 4599 2008 4673 siquidem
2034 4614 2068 4654 aa

411 4681 590 4756 obseratum),
606 4685 727 4742 intuetur
741 4686 889 4744 oratorium
905 4695 989 4743 totum
1004 4687 1138 4745 immensa
1153 4688 1212 4745 luca
1265 4702 1319 4765 est,
1334 4703 1361 4750 et
1373 4692 1450 4768 gravi
1463 4692 1593 4748 mandato
1608 4690 1708 4764 quique
1722 4706 1773 4762 per
1793 4688 1921 4763 dugliam
1947 4687 2068 4761 religiosi

411 4769 564 4842 splendere,
579 4780 606 4829 et
620 4775 767 4845 quemdam
781 4791 898 4832 cuneum
908 4775 1114 4834 candidatarum
1141 4793 1211 4848 per·
1227 4753 1253 4816 D
1268 4784 1364 4839 exhoe
1378 4791 1469 4838 mente
1488 4781 1620 4838 vulnerati
1640 4787 1712 4838 sunt.
1742 4777 1823 4850 Quod
1846 4777 2007 4836 wdetuna
2035 4791 2067 4834 eu

410 4872 538 4914 summm
557 4860 644 4933 ipsam
658 4863 922 4935 antiphonamdetis
935 4866 1114 4923 concentibus
1132 4879 1211 4922 reso-
1267 4868 1516 4929 vehementissimi
1531 4885 1585 4942 qun
1612 4885 1664 4937 res
1690 4868 1763 4926 idam
1789 4867 1938 4941 legitimam
1957 4881 2066 4923 usuram

409 4961 485 5005 aare.
502 4949 561 5006 dlis
580 4950 645 5007 item
660 4959 782 5024 tempore
796 4954 913 5025 praefata
925 4963 1065 5025 pastorum
1092 4953 1214 5012 ecclesie
1268 4960 1387 5017 habebat
1401 4959 1542 5016 AEllledam
1556 4958 1699 5029 videlicet,
1713 4957 1877 5030 cognomine
1904 4956 2065 5023 candidam,

411 5033 506 5093 limina
520 5037 604 5094 simili
625 5040 692 5096 bora
720 5042 778 5113 pari
807 5050 870 5098 vnto
897 5041 1046 5114 requirens,
1075 5040 1121 5098 ubi
1147 5041 1214 5099 indo
1268 5047 1407 5106 ordinari
1421 5047 1597 5121 praepotentis
1616 5046 1791 5104 orientalium
1816 5045 1966 5120 Anglerum
1994 5045 2068 5101 dnus

412 5123 548 5192 discessit,
564 5137 745 5185 memoratam
767 5131 960 5187 sacratissime
981 5129 1103 5201 Virginis
1125 5129 1213 5186 aedem
1268 5137 1362 5207 filiam,
1386 5137 1421 5194 dc
1449 5153 1503 5212 qua
1526 5145 1553 5194 et
1570 5145 1693 5194 „uotum
1716 5133 1899 5194 Egdwardum
1925 5143 2066 5208 genuerat,

410 5212 776 5282 9119011511]Ῑοὓθθῖὓω1113
798 5219 874 5275 θᾱῑῐθ
901 5219 993 5291 ⁰oeilii·
1023 5219 1096 5276 30⁰0
1123 5226 1214 5274 aulem
1268 5227 1319 5285 Ubi
1334 5243 1401 5286 vero
1415 5229 1610 5284 rasDnnstano
1636 5213 1824 5296 innotuit‚oto.

411 5298 470 5372 59⁵⁰
484 5299 639 5360 bffliissiffll
653 5305 788 5378 virdinum
805 5307 897 5380 Vildb
914 5307 1043 5364 mmihi&
1069 5320 1215 5362 numeroso
1303 5316 1452 5392 (Sequitur
1467 5317 1500 5374 de
1514 5316 1691 5390 correptione
1707 5313 1888 5374 borsttoniet
1898 5314 2067 5388 penitentia

412 5389 548 5463 virginum
562 5392 656 5458 chum,
670 5395 787 5450 venienti
812 5396 873 5452 viro
900 5395 1025 5463 occurrit,
1052 5404 1079 5452 et
1106 5410 1215 5451 summo
1270 5409 1343 5480 regi,
1353 5407 1516 5480 mquam
1528 5406 1588 5464 „2¹50
1605 5405 1784 5464 piperum}

410 5495 473 5537 oum
490 5480 594 5536 honoro
608 5493 767 5550 susceptum
786 5483 821 5539 ad
837 5500 914 5540 suam
927 5484 1070 5541 ecclesiam
1083 5499 1137 5557 qno
1152 5491 1214 5540 teu-
1305 5495 1379 5552 ogdo
1393 5495 1523 5552 cleriffltjs
1535 5511 1568 5550 ω
1578 5501 1739 5566 campagum
1753 5493 1902 5568 plurimum
1918 5501 1980 5552 mg
2006 5509 2065 5551 ως.

409 5570 493 5628 dabat
508 5567 609 5626 ducere
623 5570 714 5639 coepit.
730 5573 944 5643 precinentibus
959 5573 1064 5628 duabus
1075 5573 1110 5629 dc
1131 5572 1216 5628 choro
1269 5592 1373 5658 mptus,
1389 5593 1413 5642 et
1428 5583 1551 5641 anonim
1566 5599 1628 5640 oum
1641 5581 1936 5657 pmbqugpngqmn
1946 5581 2066 5654 mum..

408 5659 510 5736 puellis
522 5657 702 5716 illndSedulii
715 5674 825 5716 cannen
839 5661 931 5733 itaque
945 5661 1101 5718 dicentibus
1116 5678 1123 5715 r
1269 5675 1345 5732 gb„
1359 5674 1446 5740 “mig
1456 5675 1520 5749 ΡΜ
1533 5687 1613 5748 aequo
1641 5673 1835 5732 jnfflfigbmg
1863 5671 1944 5743 Quod
1970 5672 2067 5728 mlum

446 5770 608 5834 cantemas.
626 5766 717 5832 socloe.
731 5767 862 5835 licutino,
890 5772 1040 5828 commus
1066 5768 1214 5832 honorem.
1268 5765 1425 5822 Duustauus
1457 5764 1595 5838 nordgere
1636 5764 1749 5838 cupiens
1788 5763 1874 5821 iratus
1912 5761 2067 5820 anctoritate

479 5855 576 5924 troicis
590 5872 671 5915 umor
692 5857 799 5916 christi
808 5861 940 5936 personet
955 5873 1002 5919 oro
1014 5857 1071 5934 pio.
1268 5853 1381 5916 locunis
1406 5851 1658 5930 apostolicaesedis
1692 5852 1829 5926 anthane,
1870 5851 1944 5927 apud
1979 5865 2065 5926 regam
