4750 6725
403 562 456 632 en
867 563 1063 622 nonnosus
1081 555 1280 619 nrouncttus
1299 555 1588 621 consoranensis.
2007 569 2061 625 oar
2167 624 2170 651 ,

405 698 434 752 in
453 705 525 754 terra
542 709 669 772 rapuere,
689 693 733 758 eui
751 689 898 754 inmutetur
915 687 1004 746 omnia
1025 685 1124 742 militia
1141 699 1203 743 aas·
1217 687 1245 748 Α
1260 694 1411 756 spemmac,
1436 686 1517 742 vobis
1543 687 1647 756 utitem,
1667 695 1694 742 nt
1713 687 1740 742 in
1764 684 1827 759 lege
1844 687 1895 744 Del
1913 689 2060 762 spueritia

404 785 495 844 iestis.
1263 774 1393 831 nobiliter
1415 775 1585 842 instructum,
1610 776 1639 832 in
1652 776 1771 846 primurn
1786 775 1939 832 dilectionis
1959 787 2059 836 restrae

443 897 455 925 n
476 875 559 932 Novit
584 869 724 946 pmdentla
749 877 850 938 vestm,
889 865 1047 924 charissime
1080 863 1203 934 dontius,
1262 863 1390 936 gradum,
1411 872 1437 921 et
1461 864 1628 921 inoflicium
1647 865 1702 920 sibi
1725 864 1875 936 injunctam
1898 876 2059 938 prunestre

411 979 513 1044 quanto
528 979 648 1042 tempore
667 969 746 1024 sedes
770 963 946 1039 episcopalis,
974 979 1035 1035 quse
1053 963 1081 1018 in
1118 961 1205 1034 patria
1261 953 1351 1026 glorta
1372 959 1508 1011 minante.
1525 954 1598 1010 Deua
1623 953 1700 1025 pacis
1724 962 1752 1010 et
1773 954 1936 1024 dilectionis,
1968 971 2058 1028 aquo

410 1069 499 1116 restra
513 1056 785 1130 praecipuabsbetur,
800 1069 851 1110 suo
865 1052 980 1109 ramerii
1004 1059 1124 1122 pastore,
1142 1066 1204 1120 quta
1260 1043 1461 1100 omnebonum
1480 1041 1624 1100 eonsilium
1656 1043 1790 1114 procedit,
1817 1043 1854 1100 sit
1875 1059 1984 1115 semper
2004 1059 2058 1102 so-

409 1148 503 1220 pmrul
522 1146 602 1203 cubio
633 1153 731 1217 utranto
757 1143 837 1200 luerit
859 1157 908 1198 suo
940 1140 1067 1196 destituta
1095 1139 1202 1212 rigore,
1260 1130 1377 1188 histum.
1391 1131 1461 1200 Qutu
1473 1131 1551 1188 tobis
1574 1129 1700 1189 rideatur
1712 1132 1747 1188 (ie
1761 1131 1794 1187 iis
1810 1147 1873 1203 quse
1886 1133 1966 1188 vobin
1976 1149 2059 1190 man-

406 1240 481 1292 tauto
505 1235 622 1292 deterius
647 1231 815 1290 subditorum
843 1231 922 1286 ruina
948 1228 1013 1286 inde
1047 1226 1199 1300 proveniet.
1259 1220 1364 1287 (11111111,
1388 1220 1467 1277 nobis
1488 1235 1633 1291 1111111111
1644 1221 1758 1278 rescribi
1773 1220 1869 1277 steila·
1896 1221 1990 1278 Valeat
2012 1221 2059 1276 di·

407 1325 484 1380 Unde
504 1325 642 1380 hortamur
659 1321 834 1379 serenitatem
852 1327 981 1388 vestram,
1007 1333 1088 1388 quam
1112 1315 1205 1372 diuina
1262 1308 1342 1364 lectio
1355 1316 1457 1378 restra,
1476 1325 1538 1364 eum
1560 1309 1672 1365 <lomina
1690 1323 1774 1380 regna
1801 1325 1887 1366 uxore
1914 1317 2011 1380 voetra,
2031 1317 2059 1368 et

405 1413 561 1484 propitiatio
580 1413 651 1469 inter
666 1413 734 1468 aiios
756 1425 837 1484 reges
851 1409 889 1464 ita
907 1407 1011 1478 ubsque
1026 1404 1139 1462 notabili
1161 1417 1204 1459 re·
1258 1411 1319 1452 eunt
1333 1397 1461 1453 omnibus
1479 1398 1524 1469 qui
1544 1413 1578 1454 ea
1591 1413 1652 1470 quoe
1664 1399 1737 1469 justa
1751 1403 1825 1468 sunt,
1840 1397 1944 1468 roiuut,
1964 1407 1992 1456 et
2004 1413 2059 1457 aas

405 1501 587 1573 prehensioue
604 1503 744 1573 bucusque
757 1497 899 1555 honorarit
922 1503 951 1551 ut
961 1495 995 1552 ab
1006 1494 1132 1551 omnibus
1142 1493 1203 1548 iau-
1258 1485 1376 1558 diligunt
1388 1485 1509 1558 glorioso
1527 1486 1648 1554 domine,
1669 1485 1867 1543 etbonoraniae
1882 1495 1985 1544 anneta
1994 1503 2056 1542 ma-

405 1590 505 1646 dabiiis
539 1590 680 1656 habeatur,
698 1597 830 1662 quatenus
852 1593 927 1642 tanto
947 1584 1090 1656 religionis
1117 1581 1203 1638 detri-
1257 1573 1627 1632 transubstantialiter.
1649 1597 1661 1624 a

405 1687 499 1735 mento
514 1678 595 1734 tinem
612 1678 717 1748 denas,
742 1685 877 1747 pastorem
893 1689 972 1746 quem
1001 1687 1051 1728 uos
1074 1671 1205 1728 manniae
1293 1664 1398 1720 Eodem
1419 1678 1501 1731 enno,
1517 1665 1563 1734 qui
1582 1663 1631 1721 luit
1644 1681 1732 1720 annus
1745 1665 1781 1722 ab
1794 1667 1982 1724 incarnatione
1993 1667 2054 1724 Do-

407 1768 537 1840 eiegistia,
552 1775 579 1824 ot
598 1782 646 1822 nos
665 1766 789 1839 legaliter
801 1765 836 1821 ed
850 1777 903 1820 vos
916 1763 1049 1828 misimus,
1061 1760 1095 1815 ad
1110 1761 1204 1815 sedern
1256 1753 1325 1808 ruini
1342 1753 1503 1808 millesimus
1516 1755 1680 1810 centesimus
1699 1755 1846 1811 vicesimus
1866 1756 2011 1826 secundus,
2027 1765 2054 1814 et

405 1871 493 1923 suem,
510 1873 542 1911 ex
565 1857 640 1912 bona
664 1855 801 1910 voluntate
823 1859 926 1920 restra,
939 1851 1079 1906 revocetis.
1092 1850 1126 1904 Et
1139 1861 1204 1904 oum
1258 1857 1292 1896 ex
1306 1857 1359 1912 qua
1382 1842 1584 1913 abepiscopatu
1594 1842 1713 1898 nonensi
1723 1842 1751 1898 in
1761 1844 1972 1915 patriarchatum
1982 1845 2055 1901 Can·

404 1960 456 2002 nea
468 1947 497 2008 in
522 1945 610 2012 robis,
634 1960 684 2000 nec
704 1943 732 1999 in
756 1943 816 2014 ipso
835 1941 916 2012 eulpa
935 1946 1035 2012 putent,
1056 1951 1138 2009 quiere
1152 1937 1205 1992 boo
1258 1929 1421 1986 tuariensem
1436 1931 1582 1986 translatus
1595 1940 1635 1987 est
1647 1947 1734 1988 annus
1748 1931 2055 2000 nonus,oeiunatusest

405 2036 490 2107 digne
506 2033 564 2090 lieri
588 2049 643 2088 uon
672 2031 783 2103 debeat,
808 2033 916 2085 Petrum
949 2025 1119 2092 auctoritate,
1147 2039 1203 2080 non
1216 2053 1245 2116 B
1258 2018 1419 2088 Cantuatioe,
1436 2019 1462 2074 iu
1476 2019 1619 2091 Metropoli
1643 2020 1718 2088 sede,
1739 2021 1897 2091 liudulphus
1916 2021 2055 2092 archiepi-

403 2123 587 2195 inteliigimus
606 2121 730 2192 qualiter,
752 2121 803 2202 istp
827 2117 946 2182 uiuente,
959 2116 1042 2172 ullium
1053 2120 1204 2170 memorata
1258 2123 1356 2179 scopus
1370 2121 1418 2164 xrn
1443 2108 1503 2164 liei.
1518 2109 1692 2176 Novembris,
1716 2110 1898 2181 protentione
1916 2108 1982 2165 otiis
1999 2110 2055 2166 suis

403 2212 528 2269 Ecclesia
538 2219 628 2267 vestra
637 2209 724 2281 possit
738 2210 830 2265 sortiri
844 2209 1019 2278 episcopum:
1033 2205 1094 2275 quia
1103 2217 1205 2275 sponsa
1258 2197 1376 2269 glorioso
1390 2196 1491 2253 seilicet
1515 2198 1625 2270 agmine
1639 2199 1833 2255 monachorum
1853 2198 1978 2276 ejusdem
1989 2197 2054 2267 inei,

403 2299 452 2356 Dei
478 2301 538 2370 (suo
558 2299 730 2370 superstite),
754 2313 787 2352 ne
802 2297 848 2351 iittt
863 2295 994 2363 adultera,
1019 2293 1070 2348 nisi
1087 2291 1205 2364 legalem
1258 2291 1285 2342 el
1298 2287 1376 2341 tertio
1391 2286 1435 2342 die
1448 2286 1561 2344 abhinc
1573 2286 1601 2341 in
1616 2287 1707 2343 medio
1721 2287 1790 2344 attiae
1805 2287 1918 2360 maioris
1932 2287 2055 2345 ecclesias

405 2403 513 2444 omnem
529 2388 679 2444 contemnit
698 2386 837 2442 maritum.
860 2384 1032 2456 Quapropter
1051 2380 1205 2452 quomodo·
1258 2375 1385 2431 decenter
1398 2376 1528 2448 sepultus.

404 2493 513 2547 cunque
529 2479 662 2533 imotenus
679 2476 732 2531 boo
755 2473 867 2530 titutum
884 2473 975 2536 inerit,
1004 2473 1106 2535 uirum,
1136 2468 1206 2524 sieut

777 2759 1191 2884 JOANNIS
1258 2757 1671 2882 SELDENI

454 3023 887 3268 annuunt
950 2978 1492 3259 ursuonrnu
1536 3115 2004 3268 novenum

1117 3388 1311 3489 NOTAE.

1102 3594 1354 3605 u—-—————-

419 3794 688 3869 (illlalnonprimo
702 3794 794 3865 facerit
813 3792 894 3851 loma
912 3792 986 3862 repit
1009 3794 1037 3847 et
1062 3785 1096 3847 rie
1113 3806 1207 3847 mnne
1220 3778 1245 3841 G
1258 3796 1369 3847 mortuo
1382 3788 1514 3855 antistite,
1530 3788 1657 3846 omnum
1684 3790 1751 3848 illud
1776 3792 1912 3863 pastorale
1938 3796 2017 3865 (prun
2030 3802 2061 3851 et

400 3870 668 3940 littaeopiscopnlnt
677 3865 848 3924 minitatio
864 3860 1199 3925 investituramobtiue-
1254 3862 1397 3931 annulum)
1411 3877 1428 3916 a
1442 3860 1576 3919 tonnae
1602 3862 1638 3917 ati
1664 3862 1737 3924 baua
1764 3880 1820 3919 ram
1848 3865 1920 3923 caari
1933 3866 2060 3937 emporis

402 3938 581 3997 botaevuiliu
603 3950 741 4007 superiore
770 3950 829 3989 mos
863 3933 1001 3995 soluturis,
1030 3942 1110 4003 atque
1137 3941 1201 3989 auto
1254 3933 1358 3997 nuntio,
1375 3932 1444 4013 regi,
1461 3930 1506 4002 qui
1521 3948 1570 3990 suo
1584 3932 1719 3991 arbitratu
1734 3934 1939 4007 subrogandum
1953 3937 2061 3995 autisti-

401 4011 650 4065 Nortbmannorurn
665 4004 900 4059 etiamotlreutum
911 4002 1158 4072 biensitatissimus,
1170 4010 1200 4057 ut
1255 4008 1309 4059 lent
1325 4018 1358 4058 eo
1371 4002 1527 4075 insigniret,
1543 4004 1678 4060 exhiberi.
1695 4005 1845 4061 Gerrasiu's
1860 4007 1941 4061 etiam
1965 4008 2059 4062 Duro-

402 4081 539 4149 majnrum
554 4084 677 4149 gentium
693 4074 824 4129 antistites
839 4074 919 4141 sacri,
935 4074 1059 4143 episcopi
1073 4074 1199 4127 nimirum
1253 4075 1395 4129 bernensis
1409 4072 1437 4127 in
1453 4074 1664 4140 (inclamatione,
1680 4090 1739 4143 eeu,
1753 4085 1782 4131 ut
1795 4084 1874 4134 ronti
1888 4077 1957 4149 ipse,
1980 4080 2059 4135 insn-

403 4158 428 4206 st
443 4148 641 4205 uoenubtumtue
657 4146 820 4223 (quisattenr
835 4143 1100 4213 inuitenteiaregia)
1123 4159 1199 4199 asa·
1253 4143 1413 4216 pisatione.
1442 4160 1496 4199 ms.
1512 4154 1606 4201 contra
1634 4146 1785 4201 Romnum
1811 4147 1938 4204 abbatem
1966 4148 2062 4205 &eati

402 4220 455 4279 oris
485 4217 669 4298 Euolesi'arum
700 4214 861 4297 aomonbua
888 4215 978 4281 eiecti,
1009 4214 1074 4285 quin
1100 4215 1201 4339 saepius
1253 4215 1399 4287 Augustini
1431 4215 1644 4278 cantuariensio;
1680 4218 1859 4287 Laniranous,
1876 4220 1973 4303 iuquit²
2004 4236 2061 4292 pa.

401 4294 492 4357 etiam,
514 4296 611 4361 spretus
644 4301 735 4367 amoro
761 4302 904 4353 corporum
931 4300 1070 4341 sacrorum
1099 4302 1129 4340 su
1152 4300 1198 4341 ra·
1255 4288 1697 4360 tivitrcpem(Guitiiolrnumuetu
1720 4290 2059 4357 ettetstotconntwnem

401 4363 463 4437 giis,
480 4362 507 4415 in
520 4360 582 4415 atria
597 4356 741 4429 designati,
765 4356 865 4438 arronii·
884 4362 913 4437 ut
937 4354 1027 4411 baculi
1058 4356 1199 4436 pastoralis
1252 4356 1372 4411 ubbutire
1386 4356 1488 4425 (Sancti
1504 4358 1645 4431 Arrgustiui
1660 4305 1774 4422 seiFiaett
1795 4363 1963 4419 concederet
1981 4362 2061 4417 sicut

402 4432 536 4503 sirepedi
565 4430 717 4511 tractatione,
735 4428 761 4481 in
780 4428 930 4509 ‚dignitatis
956 4442 1156 4506 possessionum
1183 4444 1199 4483 a
1252 4429 2060 4553 omnesAurcerieceeacressuosconsiniintumetllmpontllt

399 4506 516 4578 regibus
535 4510 643 4569 noaino,
657 4516 718 4570 June
740 4506 816 4553 avuto
843 4514 924 4561 naurs,
954 4504 1138 4553 mitterentur.
1167 4498 1199 4553 ln
1252 4504 1341 4554 ccccl
1364 4500 1644 4562 iattseastuomnu
1660 4502 2062 4574 bucnloapottcsalectnplioe

399 4575 596 4638 Glaalenieusis
613 4571 730 4629 uoenobii
752 4569 915 4649 privilegiis,
930 4568 1002 4639 apud
1020 4567 1054 4624 G.
1070 4568 1199 4626 illaturos-
1252 4570 1384 4633 tamone
1398 4574 1504 4631 unare.
1518 4571 1636 4633 Annales
1644 4572 1709 4633 beta
1720 4572 1918 4639 biobleidauaie
1925 4573 2061 4641 Bedesis)

401 4647 555 4707 beriensem
572 4646 610 4699 lia
623 4644 707 4715 gestis
721 4657 816 4713 regum
826 4640 875 4695 iub.
890 4655 920 4703 u,
937 4655 997 4709 cap.
1009 4644 1024 4693 8
1038 4654 1087 4695 reu
1104 4640 1200 4713 Eriga-
1252 4656 1318 4697 rusa.
1332 4658 1339 4694 ε
1358 4642 1445 4711 urnae
1454 4642 1550 4699 odilla
1564 4647 1692 4717 tempora
1711 4642 1757 4713 <aa
1773 4644 1879 4707 Heumei
1892 4642 1903 4700 l
1916 4658 1977 4701 aro
1991 4661 2058 4707 ver-

402 4716 602 4774 rusmonucltis
624 4714 788 4770 electionem
803 4712 848 4765 sul
866 4710 972 4765 albulis
1005 4714 1120 4779 crocino
1134 4727 1198 4765 mu-
1252 4705 1455 4786 bafiuntlrcyea
1470 4714 1767 4783 conserebantomnea
1779 4716 2059 4789 episcopalatinin-

403 4804 471 4846 ncrc
491 4784 654 4853 causamini
666 4798 729 4840 uero
744 4786 856 4853 suisque
872 4726 1039 4849 laurentius,
1056 4782 1201 4837 tribuendi
1252 4781 1311 4854 plin
1323 4797 1375 4854 per
1387 4784 1589 4839 investituram
1602 4786 1706 4841 annunti
1720 4788 1750 4839 et
1777 4785 1872 4841 buculi
1885 4805 1897 4849 ‚·
1912 4786 2060 4855 ‘complura

400 4860 593 4932 frolrtclcclo
620 4853 1199 4921 naturalemloaulam,potestatem,reti·
1252 4854 1387 4923 ejusmodi
1411 4854 1690 4923 melancranim
1718 4854 1810 4923 Quam
1840 4856 2062 4916 mitondans

399 4936 475 4995 nell.
490 4930 570 5000 Atqui
584 4874 657 4988 infern
672 4934 768 4988 auctor
788 4923 856 4982 alibi
878 4922 1038 4989 electionem
1051 4922 1201 5046 presulum
1253 4939 1298 5005 raa
1311 4932 1392 5006 aocet,
1405 4924 1495 5006 lunius
1515 4934 1590 4995 patet
1603 4934 1750 4991 assuetam
1775 4929 1827 4991 boc
1853 4936 1948 4995 neapo
1975 4935 2061 5000 atqup

398 5012 425 5059 et
439 5002 568 5062 abbatum
597 5006 716 5078 ternpore
742 4997 893 5077 bogiorum
926 5009 1010 5073 penes
1034 5004 1200 5075 correuset
1253 4995 1314 5054 altta
1329 5013 1375 5070 qut
1387 4996 1508 5065 masdeio
1524 4997 1615 5055 menti
1629 5012 1676 5056 res
1698 5005 1819 5062 nonant,
1848 4998 1981 5059 Caeterum
2009 5008 2059 5060 at-

398 5072 546 5127 monauhos
560 5070 644 5125 fuisse
658 5068 760 5135 enubit,
776 5075 815 5121 utu
844 5066 935 5120 videre
950 5069 992 5119 est
1006 5062 1034 5119 in
1048 5064 1117 5120 libro
1142 5082 1201 5134 eJus
1253 5080 1306 5121 cun
1328 5084 1361 5120 ue
1376 5066 1537 5138 hujusmodi
1552 5066 1605 5121 'uri
1621 5068 1801 5123 renuntiatum
1815 5066 1895 5123 luerit
1920 5068 1955 5123 ab
1980 5069 2059 5124 lien-

397 5159 428 5224 ¹¹¹.
443 5144 481 5197 De
515 5140 581 5195 estis
596 5137 761 5219 pontificum,
777 5136 824 5191 ubl
839 5137 874 5219 de
900 5135 1045 5219 iidmuuda
1067 5084 1333 5216 upisnnpnnrleuit
1354 5136 1489 5205 (itacuim
1503 5082 1644 5208 sen'bunll,
1659 5138 1795 5211 ioniique
1816 5146 1919 5195 tannem
1945 5140 2058 5195 amatu

399 5158 613 5268 bundisiirrnensr
628 5216 693 5281 agit.
724 5209 823 5263 Verum
849 5210 1024 5287 artemonibus·
1038 5222 1091 5262 aaut
1105 5206 1197 5263 Saxo«
1248 5215 1344 5277 postca
1370 5208 1485 5265 normae
1507 5209 1625 5265 ridetur.
1657 5208 1736 5278 Quod
1761 5210 1863 5266 ninere
1891 5209 1934 5267 ias
1964 5218 2059 5268 estex

398 5282 453 5339 uici
468 5283 555 5351 annis,
570 5280 627 5335 sive
645 5296 673 5337 re
696 5294 739 5333 um
755 5278 941 5343 tantummodo
956 5277 1116 5349 gratiasive
1144 5294 1196 5333 uu·
1251 5278 1365 5337 loannis
1391 5283 1466 5351 taciti
1491 5279 1650 5349 biotenate.
1679 5296 1733 5351 que
1748 5280 2003 5353 Maulipastaralie,
2026 5283 2059 5343 iu

396 5355 512 5409 liranum
526 5350 643 5424 partium
665 5296 769 5414 siudiis,
799 5350 871 5404 sueri
898 5346 1053 5430 huiusmodi
1080 5350 1197 5403 bonores
1252 5349 1444 5406 caenobiarcha
1466 5350 1633 5411 Nuteieieuai
1657 5350 1839 5428 designando,
1859 5352 1984 5412 tradendi
2007 5354 2059 5421 jue

400 5424 530 5489 deleti,ot
547 5438 580 5477 ne
602 5422 671 5477 lanto
689 5434 803 5489 prensus
819 5418 1197 5490 suffragiorumjum,aodam
1252 5419 1409 5476 Guiliieirno
1425 5422 1585 5477 marescallo
1602 5422 1785 5481 Pembrocbiae
1799 5424 1895 5481 comiti
1911 5424 2057 5485 transtulit.

398 5498 449 5553 ritu
464 5493 569 5549 donati.
612 5506 672 5547 aaa
688 5490 1099 5562 reinententissimumperuibot
1119 5491 1196 5550 testi·
1252 5492 1337 5559 idem,
1357 5492 1384 5545 ni
1399 5492 1489 5557 fallor,
1505 5493 1640 5548 consessit
1654 5492 1727 5563 quod
1739 5494 1967 5563 iuspatnonetus
1994 5508 2058 5551 ωε·

396 5567 517 5623 inanium
531 5563 692 5635 lngulpbus,
709 5560 795 5616 obbas
809 5560 1036 5627 crowlandensis,
1054 5561 1099 5630 qui
1115 5560 1196 5616 Guil-
1251 5562 1326 5618 nonii
1338 5564 1630 5634 jurisconsultipostna
1652 5564 1843 5635 nominabant,
1871 5580 1968 5623 rasum
1991 5580 2061 5623 esee

396 5632 1197 5713 retuntcoetaneus.immin,iuoutmnetrrntresctis
1251 5634 1311 5703 itit
1324 5633 1480 5705 diplomatis
1501 5636 1585 5699 ratila
1613 5634 1748 5705 (1151111110
1775 5650 1814 5701 tx
1841 5636 1942 5705 itbttlb
1956 5638 2054 5710 mciii.

394 5707 584 5769 collactentia
589 5706 841 5779 prelatorumerut
848 5715 922 5761 mere
930 5702 1199 5767 internoscerentur.
1254 5720 1321 5775 quas
1334 5706 1441 5764 abarim
1455 5714 1564 5783 nocant,
1580 5706 1672 5773 annin
1686 5706 1798 5769 loannis
1807 5707 1889 5791 regis,
1901 5708 2059 5779 membran,

395 5774 1201 5858 Sedamneadipnilclcstamepifcoporumqaumuibotum
1255 5778 1299 5845 26,
1315 5792 1388 5832 uum.
1407 5776 1468 5831 tto.

394 5842 1200 5992 ettlttitltttlrtlluuattitulationis:
1255 5846 1724 5992 „attaminatione
1740 5848 2060 5979 eltrisualuis

390 5992 452 6061 jiuit
466 5992 621 6063 exemplum
637 5989 671 6044 de
687 5992 800 6058 irrigato
810 5983 1017 6066 'caenobiarcha
1040 5983 1199 6056 Wegeian-
1252 5986 1434 6043 Willieimum
1449 5989 1637 6046 marescallum
1653 5988 1780 6047 aomitem
1794 5989 1929 6050 esnone
1950 5992 2058 6050 babui-

393 6063 469 6117 eensi
483 6063 510 6117 iu
539 6060 780 6118 Crou‘landonsem
809 6063 846 6110 tta
873 6059 966 6111 creato
994 6054 1030 6108 ab
1059 6054 1197 6134 iidwardo
1251 6072 1321 6125 runs,
1350 6066 1377 6114 et
1404 6069 1514 6132 propter
1540 6060 1643 6117 bonum
1657 6062 1803 6119 ettideiem
1819 6063 1964 6120 servibunt
1980 6064 2058 6137 quod

391 6131 554 6192 Coniessore
563 6150 571 6203 ;
588 6130 661 6191 uude
674 6130 759 6207 liquet
773 6130 857 6187 etiam
886 6123 1011 6183 solemne
1034 6122 1128 6197 ianae,
1144 6126 1197 6183 de·
1251 6125 1312 6201 ipae
1323 6128 1405 6186 uobis
1424 6131 1497 6207 ierit,
1513 6132 1623 6191 dedisse
1632 6140 1660 6190 et
1676 6134 1858 6207 consonae,
1866 6136 1952 6195 etbac
1960 6136 2059 6195 ebmttt
