4750 6725
356 538 407 594 bid
1025 536 1335 599 conuomouruu.
1938 556 1940 563 ¹
1959 545 2010 599 950

355 664 384 718 et
396 662 432 717 ad
446 660 558 717 beatum
569 661 650 718 linem
663 658 792 731 deducet,
807 661 855 719 nbi
869 662 1010 735 recipietis
1024 664 1060 721 dc
1074 680 1157 721 manu
1170 665 1199 729 Α
1215 662 1313 722 tionem
1328 665 1406 723 rubis
1425 666 1520 741 largiri
1535 666 1675 738 dignetur.
1694 666 1794 723 Amen.
1812 667 1913 724 Onnes
1927 665 2008 723 etiam

355 749 440 823 ipsius
468 750 542 821 quod
558 751 652 807 oculus
675 766 731 807 nun
755 750 832 822 vidit,
860 767 911 809 nec
937 751 1012 809 euris
1040 753 1151 824 audivit,
1207 753 1254 827 qui
1262 770 1310 811 vus
1319 754 1466 811 seeundum
1481 755 1628 813 Dominum
1637 755 1792 825 dilexerint,
1803 764 1831 812 et
1839 754 2005 827 adjuverint,

355 854 406 895 nec
422 839 450 893 in
465 838 643 895 uorhominis
666 840 797 907 escendit,
813 856 873 911 quae
900 842 1067 913 praeparavit
1080 843 1154 898 Deus
1209 850 1380 915 venamque
1406 844 1617 901 sustentaverint
1647 844 1867 913 teneritudinem,
1897 842 2007 913 adjuret

356 927 533 1000 diligentibus
552 942 594 983 se.
627 927 682 984 Sed
696 937 724 984 et
749 928 803 985 hoc
829 928 952 998 ejusdem
972 930 1020 986 Dei
1034 930 1155 1001 petimus
1207 928 1315 1002 ipse,et
1329 947 1379 987 sua
1392 930 1478 1003 gretia
1492 931 1707 1003 dignoseiiiciat.
1724 935 1823 990 dmen.
1842 935 1902 989 lem
1923 946 2006 1002 nunc,

354 1015 528 1073 clementiam
553 1022 583 1071 nt
604 1016 710 1086 quoties
733 1018 791 1074 haee
818 1017 897 1073 rubis
909 1017 1067 1075 recitabitur
1089 1019 1153 1089 epi·
1208 1034 1343 1089 qnacsu,u
1363 1018 1436 1087 filis,
1452 1029 1617 1077 mementote
1628 1020 1682 1077 mei
1697 1021 1860 1093 peccaturis,
1874 1028 1901 1078 et
1912 1020 1966 1091 hie,
1978 1022 2009 1076 cl

354 1105 424 1162 stole
438 1103 622 1176 plenissimam
636 1105 836 1162 benedictionis
849 1107 977 1178 gretiam,
993 1115 1020 1163 et
1038 1106 1152 1164 absolu·
1207 1114 1269 1165 ante
1279 1107 1437 1165 Dominum.
1446 1112 1543 1167 Amen.

816 1456 1102 1554 SANCTI
1166 1457 1524 1556 HUGONIS

922 1664 1418 1763 COMMONITORIUM

603 1890 656 1959 nd
671 1908 886 1962 successores
901 1911 983 1963 suus
996 1912 1058 1980 pru
1072 1895 1392 1964 sanctimonialibus
1406 1895 1742 1966 Manciniaoensibus.

1123 2028 1221 2104 (usa.)

382 2282 509 2354 Quandin
534 2283 723 2344 misericordia
745 2286 845 2344 Christi
864 2286 997 2357 annuerit,
1026 2296 1057 2345 ut
1080 2287 1184 2359 ejueB
1199 2297 1230 2346 ut
1247 2287 1420 2360 premissum
1435 2295 1485 2361 est,
1502 2288 1554 2347 viri
1569 2287 2000 2363 peccaturusiuerantcunseuuti,

349 2372 522 2443 obsequium,
537 2374 635 2447 religio
649 2383 678 2431 et
690 2375 839 2447 disciplina
848 2374 981 2449 regularis
993 2376 1022 2431 in
1035 2377 1144 2433 eunies-
1198 2376 1308 2435 leminea
1322 2392 1431 2451 quoque
1446 2378 1615 2449 peccatrices
1632 2376 1693 2450 ipso
1703 2384 1814 2459 auctore
1838 2393 1888 2449 per
1914 2392 1999 2451 opera

344 2460 421 2517 sione
436 2461 489 2518 SS.
505 2461 540 2517 sit
553 2464 748 2535 apostulomm,
776 2472 805 2520 et
827 2464 854 2519 in
879 2465 1048 2522 munasterio
1077 2464 1144 2520 Clu·
1199 2465 1396 2522 mediocritatis
1413 2474 1513 2523 austrae
1536 2473 1777 2537 consequerentur,
1805 2465 1915 2539 illisque
1932 2482 2002 2539 spe⁴

343 2548 433 2617 niaco,
449 2550 485 2605 ad
500 2552 654 2623 omnesqui
669 2552 794 2623 ejusdem
808 2552 861 2609 luci
871 2560 989 2609 rectores
999 2559 1027 2609 et
1038 2553 1143 2626 guber·
1198 2552 1305 2611 cialiter
1318 2552 1507 2627 delegerimus
1519 2552 1609 2611 lucum
1624 2553 1701 2609 illum
1709 2553 1998 2627 Maroiniecum,quem

342 2645 452 2694 naturas
464 2654 525 2695 esse
539 2640 698 2707 meruerint,
713 2640 846 2712 scriptum
868 2645 912 2697 eet
925 2642 978 2698 hoc
989 2640 1143 2699 communi-
1197 2642 1226 2697 in
1241 2642 1343 2699 honore
1356 2650 1458 2699 sancte
1481 2649 1509 2699 et
1522 2640 1672 2701 individuae
1695 2639 1833 2699 Trinitatis
1853 2642 1999 2700 fundantes

342 2726 441 2782 turium
456 2727 550 2785 domni
564 2729 687 2801 lingonis
701 2729 820 2800 abbatis,
849 2730 924 2801 qnod
949 2730 1010 2801 ipse
1033 2730 1142 2803 quidem
1197 2728 1403 2798 edificavimus,
1416 2746 1471 2786 nun
1487 2728 1523 2787 de
1533 2730 1634 2787 nustds
1643 2729 1808 2803 sumptibus,
1826 2732 1921 2789 necds
1944 2747 1998 2789 nu·

342 2823 465 2872 extreme
488 2832 538 2872 sne
566 2818 678 2873 omnino
697 2818 858 2889 suspicatus,
886 2818 925 2875 ite
951 2818 1009 2875 iieri
1030 2818 1142 2875 iretmm
1197 2818 1258 2875 stris
1271 2817 1447 2875 tecutmibus
1462 2817 1508 2889 uari
1519 2818 1619 2874 Christi
1632 2834 1765 2891 pauperes
1777 2818 1845 2875 nihil
1858 2819 1998 2892 proprium

341 2902 512 2975 collaudante
525 2905 657 2979 suffragio
670 2906 790 2964 decrevit
803 2915 831 2962 et
845 2906 968 2963 instituit.
1196 2906 1352 2975 habuimus,
1371 2906 1421 2963 sed
1432 2907 1467 2963 de
1480 2907 1533 2963 huc
1543 2913 1647 2963 tautum
1657 2906 1731 2979 quod
1752 2907 1836 2979 ipsius
1860 2907 1997 2981 largitudo

377 2992 556 3063 Odumini,u
572 2994 676 3064 Patres,
692 3010 764 3067 quus
778 2995 913 3052 Dominus
939 2996 986 3052 ille
1012 2994 1140 3066 caelestis,
1196 2995 1310 3069 dignata
1330 2990 1371 3051 est
1398 2995 1540 3067 impertiri.
1555 2995 1675 3053 Etnunu
1697 2995 1762 3066 uuis
1775 2993 1803 3051 in
1819 2996 1871 3053 hoc
1894 2996 1997 3054 mundo

342 3088 370 3137 et
384 3080 501 3137 caelestis
518 3082 595 3138 Pater
608 3083 692 3155 elegit
709 3090 737 3139 et
749 3084 888 3153 promovit
899 3092 1051 3157 utgregem
1060 3100 1141 3141 suum
1196 3098 1229 3139 ea
1243 3090 1284 3139 cst
1296 3082 1419 3139 omnium
1433 3082 1591 3140 vicissitudo
1610 3082 1762 3153 etquidem
1776 3083 1917 3140 huminum
1944 3084 1998 3140 sint

340 3183 454 3241 pascere
467 3169 602 3240 debeatis,
612 3171 939 3245 misericorditerquaesu,
955 3180 983 3227 et
993 3172 1142 3244 diligentur
1195 3174 1351 3241 nascamus,
1377 3170 1490 3243 quidem
1519 3170 1655 3239 virentes,
1672 3171 1785 3243 quidem
1808 3171 1836 3227 in
1849 3171 1995 3244 sepulcris,

340 3257 435 3313 audite
449 3259 527 3329 quud
541 3258 569 3313 in
581 3259 639 3315 istis
653 3259 749 3315 litteris
763 3263 970 3317 commendetur
983 3260 1086 3317 notitiae
1113 3268 1142 3317 ct
1194 3260 1345 3317 secundum
1359 3259 1516 3334 quodsauru
1530 3259 1669 3331 Scriptura
1678 3259 1809 3333 loquitur,
1818 3259 1994 3317 dormientes.

341 3345 483 3403 memorie
496 3354 603 3417 ambe,
618 3356 647 3404 nt
668 3346 697 3404 in
709 3348 841 3406 memorie
858 3356 960 3406 eterne
983 3365 1045 3408 cum
1056 3349 1141 3420 iustis
1194 3348 1255 3422 Ego
1269 3365 1334 3406 vero
1349 3347 1606 3421 quantumvidetur,
1631 3346 1779 3406 nativitatis
1802 3356 1830 3406 ut
1844 3348 1906 3405 vitea
1921 3355 1995 3406 tem·

340 3435 510 3502 mereamini,
534 3444 562 3492 et
588 3437 617 3492 in
638 3436 685 3494 illu
711 3437 755 3493 die
780 3438 816 3494 ab
841 3438 981 3496 auditione
999 3439 1072 3494 mals
1084 3453 1138 3495 non
1193 3451 1262 3510 pure
1276 3437 1336 3508 jam
1346 3437 1452 3510 peregi,
1467 3441 1495 3494 ct
1522 3436 1558 3493 ed
1571 3436 1691 3492 ultimam
1707 3441 1811 3492 sortem
1825 3435 1933 3506 deveni,
1958 3438 1995 3494 ed

340 3522 447 3580 timere.
473 3523 603 3594 Quamvis
629 3525 705 3584 enim
733 3541 787 3584 nun
815 3526 991 3584 mediocriter
1012 3535 1141 3596 peccetur
1193 3524 1279 3595 illam,
1310 3524 1434 3597 inquam,
1462 3531 1573 3594 sortem,
1603 3538 1685 3596 quem
1721 3523 1813 3579 nullus
1840 3523 1994 3581 monalium

339 3611 447 3679 inerim,
463 3622 491 3670 et
505 3613 676 3688 indignusut
690 3615 733 3672 uel
747 3615 836 3672 sulum
855 3616 996 3686 parvitatis
1009 3629 1137 3672 mseru-
1153 3643 1177 3707 C
1192 3611 1394 3685 quantumlibet
1420 3612 1455 3668 sit
1481 3628 1574 3682 sanus,
1603 3610 1802 3684 qnaaumtiber
1825 3610 1862 3668 sit
1883 3620 1993 3684 puteus,

338 3699 466 3756 nebulum
493 3702 521 3756 in
545 3703 683 3760 audientia
703 3710 795 3761 vestm
816 3704 954 3774 recitetur,
982 3710 1075 3758 tamen
1102 3703 1138 3759 de
1192 3700 1310 3757 evadere
1319 3707 1417 3772 puteat.
1434 3701 1467 3758 Et
1482 3701 1517 3756 de
1532 3702 1633 3757 cetero
1648 3698 1673 3756 si
1688 3715 1749 3771 que
1769 3698 1873 3756 Christi
1887 3715 1994 3774 paupe-

336 3788 465 3859 opinione
492 3789 604 3862 pietatis
641 3799 738 3848 restrae
764 3791 933 3864 presumpsi,
952 3799 983 3848 ut
1008 3790 1136 3847 auderem
1190 3803 1234 3844 res
1248 3787 1352 3844 ibidem
1367 3788 1401 3844 de
1426 3787 1578 3861 quaagitur
1592 3786 1896 3861 ineruntuongregetae,
1909 3788 1992 3862 quid-

337 3876 470 3934 mandare
495 3878 617 3936 subiect
637 3880 773 3950 scribere,
788 3880 862 3953 quud
876 3888 904 3936 et
917 3879 999 3937 rubis
1011 3879 1071 3936 Deo
1084 3893 1137 3938 ro-
1191 3875 1256 3948 quid
1270 3875 1310 3933 eis
1320 3877 1452 3944 evenerit.
1471 3891 1639 3950 quaeeunque
1657 3875 1807 3934 accendite
1834 3876 1992 3950 temporalis

337 3964 410 4022 lente
420 3981 476 4024 nun
489 3966 541 4024 erit
554 3967 659 4037 inutile,
674 3967 698 4024 si
712 3968 772 4042 ipse
797 3968 906 4026 dederit
920 3976 949 4026 ut
963 3967 1135 4041 loquelahu-
1189 3964 1230 4022 eis
1239 3963 1399 4035 incubuerit,
1429 3981 1484 4021 nun
1497 3971 1667 4038 exspectent,
1696 3972 1726 4020 ut
1742 3964 1795 4022 sibi
1819 3966 1879 4037 jem
1900 3965 1992 4025 reniet

337 4053 460 4111 militatis
473 4071 543 4114 mena
555 4056 649 4114 brevis
658 4065 686 4114 et
695 4056 804 4114 modes
810 4057 1000 4130 ffignatiamrn
1012 4063 1136 4114 uestram
1188 4053 1313 4110 solatium
1327 4053 1489 4112 visitationis
1503 4061 1613 4123 austrae,
1629 4054 1674 4112 rel
1689 4053 1833 4112 libertatis.
1852 4047 1990 4128 Quantum

338 4150 487 4200 merentur.
502 4145 765 4218 igiturquenqnam,
781 4155 811 4202 ut
823 4145 995 4218 praemissum
1010 4151 1061 4213 est,
1089 4143 1136 4200 in·
1189 4143 1219 4198 in
1233 4158 1350 4200 nacmse
1372 4141 1469 4217 putuit,
1483 4150 1598 4215 paterna
1624 4142 1788 4213 sollicitudo,
1817 4153 1845 4201 et
1867 4143 1990 4202 benevo-

337 4228 556 4302 diguusluerim‚
570 4241 598 4290 et
611 4233 754 4290 nonaliud
768 4250 850 4305 quem
869 4248 979 4290 omnem
1002 4232 1134 4291 extremi-
1188 4230 1272 4288 lentie
1296 4235 1411 4302 paterna
1439 4231 1478 4288 eis
1492 4247 1546 4287 non
1561 4231 1658 4288 dciuil.
1687 4231 1769 4290 Nunc
1786 4239 1891 4302 eutem,
1908 4233 1989 4305 juxte

337 4325 420 4375 tutem
448 4322 604 4393 memerim,
634 4330 725 4379 lernen
738 4323 812 4378 licus
825 4321 979 4391 eutruluit,
1005 4328 1053 4378 aut
1073 4337 1134 4395 per·
1187 4318 1255 4376 illud
1270 4319 1545 4392 propbctaeleremiae
1561 4337 1568 4375 ι
1584 4319 1701 4390 Popilie
1719 4320 1872 4376 iactassent
1886 4321 1990 4394 absque

335 4407 408 4463 misit
431 4417 461 4464 nt
483 4425 583 4467 nomen
617 4419 645 4466 et
671 4409 789 4467 officium
825 4410 930 4482 praelati
957 4418 1028 4467 esset
1053 4425 1136 4483 super
1187 4409 1275 4480 petre,
1304 4406 1357 4462 nisi
1380 4405 1469 4478 rubis,
1483 4405 1586 4463 domini
1610 4407 1673 4475 mei,
1699 4422 1768 4477 quus
1793 4407 1839 4465 hic
1865 4407 1986 4479 appello,

335 4494 474 4553 huminem
488 4498 655 4570 hujusmodi.
673 4499 709 4554 lit
722 4498 768 4555 iile
797 4498 842 4570 qui
856 4499 886 4554 in
902 4498 977 4555 huuc
1003 4499 1133 4554 mundum
1187 4496 1261 4552 Deus
1275 4494 1447 4566 inspiraverit
1458 4511 1509 4568 pru
1532 4493 1616 4566 ipsine
1630 4510 1736 4564 amore,
1754 4495 1849 4557 ricerii
1862 4511 1923 4554 esse
1941 4496 1987 4553 di-

333 4581 407 4636 renit
422 4582 765 4656 magisprupeceaturibus
778 4600 859 4656 quam
874 4599 924 4656 pru
935 4584 1027 4655 justis,
1050 4585 1134 4641 modo
1186 4583 1308 4656 gnemini
1318 4583 1406 4656 petris
1435 4591 1462 4640 et
1489 4583 1672 4657 procuratoris
1699 4583 1803 4641 emissi.
1819 4585 1894 4658 Ergo
1922 4585 1986 4656 qui-

334 4685 443 4740 quoque
449 4671 602 4728 mirificavit
616 4672 832 4731 misericordiam
846 4689 934 4743 suem,
953 4680 981 4729 ιιι
994 4673 1024 4728 in
1038 4671 1134 4728 diebus
1186 4687 1294 4744 cunque
1306 4671 1378 4744 estis,
1391 4672 1437 4745 qui
1461 4672 1573 4730 nurnine
1586 4681 1614 4730 et
1627 4671 1715 4730 officio
1734 4673 1802 4728 mihi
1830 4672 1985 4744 succeditis,

334 4758 436 4814 nostris
443 4768 604 4830 peccatores
617 4762 670 4830 soi,
685 4762 782 4833 suique
803 4763 966 4834 poenitemes
989 4761 1024 4817 de
1045 4760 1134 4816 mutis
1185 4769 1285 4818 vene
1299 4761 1493 4820 misericordie
1508 4762 1595 4820 vicem
1610 4767 1731 4818 nostram
1745 4760 1918 4830 commendo,
1935 4778 1987 4820 re·

334 4854 362 4902 et
385 4855 441 4902 um
456 4849 572 4906 diversis
593 4850 754 4923 regionibus
767 4850 803 4906 ad
825 4851 982 4908 coenubium
996 4849 1046 4906 SS.
1061 4865 1132 4922 epu-
1185 4858 1249 4908 sun
1263 4849 1462 4908 misericordie
1475 4865 1526 4922 pru
1540 4849 1599 4908 rica
1617 4857 1711 4906 nostra
1735 4849 1870 4921 supplico,
1896 4859 1925 4907 ut
1952 4849 1987 4908 de

334 4935 466 4992 stuiumm
481 4939 663 5005 confluerent,
686 4938 801 5012 ipsaque
827 4938 952 4996 Ecclesia
981 4937 1132 5010 apostolico
1185 4937 1302 5010 praefatu
1315 4938 1377 4996 lucu
1388 4939 1461 5012 quud
1475 4952 1527 5012 ego
1541 4953 1591 5010 pru
1605 4953 1686 5008 posse
1712 4945 1805 4994 nostru
1820 4937 1937 4996 iacerem
1962 4941 1986 4998 si

334 5024 439 5080 numini
459 5027 592 5084 ethunuri
606 5025 634 5082 in
649 5027 757 5084 Christo
783 5028 874 5084 dicata
901 5028 1048 5084 crescendo
1064 5042 1132 5098 pru·
1144 5000 1171 5061 D
1185 5042 1373 5099 superessem,
1391 5042 1441 5084 vos
1459 5023 1668 5095 modulacietis,
1683 5025 1730 5098 qui
1749 5025 1841 5082 fauere
1859 5028 1984 5098 potestis.

334 5113 470 5186 cessisset,
486 5123 514 5171 et
527 5114 638 5172 iratmm
654 5115 835 5180 multitudine,
860 5124 889 5172 et
915 5131 1009 5172 rerum
1025 5124 1131 5188 tempu·
1186 5115 1306 5184 Placeat,
1319 5129 1423 5188 queso,
1439 5113 1599 5172 beatitudini
1614 5121 1724 5184 vestre,
1735 5121 1765 5170 ut
1778 5113 1852 5185 quud
1862 5115 1986 5175 Christus

334 5201 432 5258 reliurn
446 5203 630 5276 compendiis.
644 5204 698 5262 Sed
712 5204 747 5272 si,
761 5203 899 5261 utdictum
914 5212 1132 5276 est,puccatores
1186 5202 1271 5260 uoluit
1284 5219 1334 5275 per
1347 5210 1519 5274 peccatorem
1533 5219 1612 5259 enirm
1636 5203 1728 5276 aliquo
1753 5203 1835 5260 modu
1856 5203 1983 5277 plantari,

334 5307 388 5346 nun
402 5291 492 5347 sulum
506 5293 579 5364 apud
593 5309 653 5363 nos,
670 5293 720 5350 sed
734 5292 817 5350 etiam
840 5292 869 5348 in
882 5292 944 5348 aliis
970 5290 1036 5349 lucis
1057 5292 1133 5349 inve·
1184 5306 1235 5362 per
1249 5291 1448 5366 successionem
1475 5295 1595 5348 restrum
1623 5290 1721 5348 debeat
1748 5291 1842 5365 rigari,
1866 5301 1895 5349 ut
1909 5295 1984 5353 Deus

333 5379 411 5434 niunt
436 5396 491 5451 quo
519 5383 555 5437 ad
583 5381 730 5437 mirandas
757 5380 863 5438 animas
889 5396 950 5437 suas
981 5381 1134 5453 coningere
1185 5394 1294 5451 quoquc
1320 5379 1517 5439 incrementum
1545 5378 1654 5449 tribuat,
1678 5387 1705 5436 ct
1732 5380 1810 5437 vobis
1836 5381 1927 5440 valcat
1947 5385 1983 5440 ed

333 5476 492 5539 potuemnt‚
522 5468 656 5524 infirmior
683 5484 774 5537 sexus,
803 5478 829 5526 et
855 5469 878 5524 si
893 5467 1061 5541 qualemina
1078 5468 1134 5526 rite
1185 5467 1465 5539 recompensationem
1496 5466 1592 5525 ululis
1615 5475 1734 5526 eternae.
1765 5470 1854 5528 Primo
1890 5471 1984 5530 sites

333 5556 459 5614 seculari
473 5557 666 5614 abrenuntiata
683 5558 742 5613 Deo
756 5558 863 5614 servire
886 5557 981 5628 soluit,
1001 5571 1057 5613 non
1082 5555 1135 5614 sibi
1186 5571 1272 5612 neusa
1279 5556 1450 5628 principalis,
1462 5572 1544 5628 quern
1551 5564 1579 5614 et
1587 5556 1647 5628 ipse
1656 5557 1788 5614 Dominus
1798 5559 1825 5614 iu
1834 5559 1984 5632 Evangelio

335 5653 518 5718 oppurtunum
528 5646 619 5702 lucum
636 5645 671 5700 ad
685 5647 739 5701 huc
764 5645 842 5702 tacite
862 5645 1016 5704 inveniunt.
1040 5644 1134 5703 llisum
1188 5645 1329 5717 precipue
1344 5645 1562 5702 cummendatde
1576 5661 1662 5719 reguo
1690 5646 1739 5702 Dei
1754 5655 1781 5704 et
1792 5646 1900 5718 Justitie
1914 5648 1984 5716 ejus,

335 5741 380 5790 est
399 5733 479 5791 nubis
505 5735 563 5791 Deo
583 5747 639 5789 nun
662 5731 816 5804 displicere,
843 5734 900 5790 iuro
926 5732 987 5803 ejus
1004 5727 1136 5791 velanni
1189 5743 1220 5790 ut
1247 5751 1308 5806 que
1335 5734 1517 5809 ultrujugnm
1541 5734 1641 5792 Christi
1667 5742 1856 5806 susceperunt,
1890 5749 1983 5792 earum

335 5823 460 5898 obedire,
483 5818 753 5900 siuppurtunitatem
779 5821 832 5879 sibi
866 5821 1015 5893 seniendi,
1042 5838 1135 5900 quam
1190 5837 1298 5898 quoqne
1311 5823 1367 5882 vita
1380 5822 1413 5880 sit
1427 5823 1570 5900 religiose,
1598 5823 1621 5882 si
1645 5823 1781 5893 ordinata,
1800 5829 1827 5880 et
1845 5838 1983 5898 nunquam
