4750 6725
382 601 437 665 aaa
916 566 1555 642 mouentemru'amartstsnortacttt
1988 566 2043 626 tat

385 740 478 804 palm
504 742 567 785 ⁸⁰08
593 717 789 782 emittuntur?
816 714 872 774 Sed
894 713 988 784 ulique
1010 726 1061 767 ¹10⁰
1083 710 1181 765 fratres
1195 708 1222 768 Α
1238 706 1313 771 dum,
1329 712 1424 775 utpote
1438 702 1500 759 lorti
1515 701 1555 758 sui
1570 699 1659 758 abacti
1673 700 1784 757 amoni
1804 702 1846 757 An
1869 702 1924 774 ipsi
1943 703 2040 774 primo

386 836 438 877 noo
453 825 552 891 patres.
567 816 637 871 Natu
651 810 674 867 ai
689 808 842 864 iratresttut
851 819 946 860 eorum
961 801 1010 856 filli
1023 806 1116 856 essent
1129 796 1182 869 ipsi
1236 802 1368 851 venerunt
1382 800 1409 849 et
1423 792 1551 849 effossum
1572 806 1675 863 eorpus
1697 790 1769 847 beati
1790 790 1925 847 Duntuni
1941 792 2038 848 areni.

386 905 526 964 naturales
542 899 640 967 allecti,
656 903 787 955 autoerte
810 893 897 965 pudor
918 893 1053 947 humanus
1074 888 1184 943 dooeret
1237 883 1357 955 episcopi
1380 880 1585 939 cantuariensis
1612 880 1646 935 ad
1674 879 1842 936 Glastoniarn
1869 880 2037 951 detulerunt,

387 1012 438 1055 aos
460 1007 574 1066 parcere
597 990 706 1061 linque,
732 986 841 1041 doceret
864 996 912 1038 eoa
934 977 1080 1050 providere
1103 975 1183 1032 lame
1237 972 1329 1043 ibique
1356 970 1480 1044 insigniis
1505 968 1705 1041 pontificalibus
1731 969 1886 1039 spoliatum,
1908 970 2039 1026 abbatem

388 1099 455 1141 suaa.
471 1081 525 1139 Sed
545 1086 614 1144 esto,
629 1084 660 1131 ut
674 1076 772 1129 lurtum
795 1086 873 1127 soum
895 1066 983 1123 saneti
1005 1065 1101 1121 tratres
1114 1063 1183 1119 Gla·
1237 1069 1357 1117 restrum
1381 1058 1485 1115 eisdem
1507 1057 1658 1131 insignibus
1680 1058 1845 1125 redimitum,
1861 1058 1889 1113 in
1908 1058 2038 1130 sepulum

387 1172 537 1229 stonienses
564 1162 694 1236 prudenti
723 1158 823 1217 astutia
848 1157 953 1213 ouoeds
976 1154 1182 1218 absconderent,
1238 1147 1335 1205 sublati
1350 1148 1437 1205 Patria
1451 1146 1655 1203 recondendum
1669 1146 1883 1203 transtuleruntl
1897 1145 2039 1221 Quidquid

386 1253 658 1324 cadaveroujusdam
677 1249 785 1305 abbatis
799 1246 841 1302 sui
856 1244 948 1317 (eujus
970 1257 1071 1299 nomen
1093 1240 1129 1297 ab
1151 1239 1185 1294 iis
1239 1240 1337 1295 borum
1360 1234 1486 1293 dixeritis
1512 1234 1612 1291 laetum
1633 1235 1874 1308 subsequentum
1892 1238 2042 1299 dementius

386 1348 432 1420 qui
455 1346 507 1401 ista
528 1346 695 1412 componunt
717 1333 871 1409 ignoratur)
900 1346 991 1389 seeum
1019 1330 1114 1385 tulisse
1139 1328 1183 1383 le·
1237 1326 1374 1395 surabis,
1389 1324 1677 1383 erederelaaillirnutn
1692 1326 1843 1393 ast,euitis
1857 1326 1941 1385 etiam
1962 1344 2038 1387 oneo

385 1443 489 1503 rantur,
504 1448 537 1489 ao
549 1429 640 1488 loottlo
663 1426 750 1485 saneti
774 1424 861 1480 Patria
882 1422 967 1477 nostri
989 1418 1131 1486 Dunstani,
1150 1432 1185 1473 ne
1240 1410 1341 1468 ridere.
1361 1408 1529 1479 Oinlelioes,
1545 1409 1592 1481 qui
1606 1409 1645 1465 sio
1658 1408 1733 1465 inani
1752 1412 1899 1469 stoliditate
1922 1412 2039 1471 involuti

386 1540 486 1582 vacuus
508 1526 673 1585 remaneret,
698 1513 864 1585 reposuisse.
888 1505 1097 1581 Oprudentiaal
1123 1506 1184 1562 Non
1240 1507 1311 1566 sunt,
1345 1501 1375 1554 ut
1402 1496 1554 1569 intelligere
1580 1505 1717 1567 nequeant
1743 1498 1830 1569 ipsam
1857 1500 2038 1558 sturmium„

313 1621 316 1629 '
385 1621 463 1672 erant
485 1624 548 1667 oasa
568 1615 739 1663 mortuorum
761 1603 831 1657 inter
849 1598 1020 1656 cantuariam
1033 1605 1060 1652 et
1073 1596 1182 1653 Glasto-
1239 1604 1316 1646 auam
1329 1586 1581 1658 nulliusprudentis
1595 1585 1690 1643 oeulos
1704 1586 1898 1659 posselatarel
1914 1589 2038 1647 Christus

385 1704 482 1771 niam,
505 1708 535 1755 ut
559 1709 671 1753 necesse
693 1693 733 1751 eis
756 1691 837 1747 luerit
858 1688 894 1745 ad
916 1687 1061 1744 celandum
1083 1684 1183 1741 lurtum
1239 1678 1297 1749 (qui
1307 1684 1347 1732 est
1356 1676 1467 1746 veritas)
1477 1674 1542 1731 dioit
1555 1673 1665 1732 Vertlot
1677 1677 1805 1733 liberabit
1815 1676 1965 1747 umam,
1978 1694 2038 1747 vm,

387 1807 464 1849 suam
479 1778 1009 1850 oadaternoeoiuntsujusperduoenta,
1020 1773 1184 1831 utitadixe·
1239 1768 1296 1837 32).
1313 1766 1345 1821 Et
1359 1764 1442 1821 vestri
1455 1772 1532 1819 rates
1554 1765 1606 1820 hoo
1628 1772 1754 1835 tempore
1776 1764 1878 1834 dieunt,
1894 1764 2000 1823 lurtum
2014 1778 2041 1825 et

386 1881 449 1948 em,
464 1874 595 1933 multata
609 1868 790 1927 transtulisse.
816 1866 929 1923 Noverit
942 1864 1081 1921 uetando
1095 1871 1185 1919 uestra
1240 1854 1410 1926 erritorium
1430 1860 1593 1927 patrumque
1607 1862 1757 1910 vestrorum
1771 1862 1799 1909 et
1812 1864 1931 1911 vestrim
1956 1872 2038 1913 meu·
2158 1848 2159 1887 ³

387 1970 518 2042 quiuego
533 1962 652 2033 quibaeo
661 1952 1185 2027 soribononparumoonlundarintam
1239 1943 1348 1999 dacium
1380 1942 1550 1997 honorabunt
1578 1940 1732 1998 Eooleaiam
1764 1950 1885 1998 nostram
1912 1952 1940 2000 et
1971 1962 2034 2002 nos.

388 2054 507 2114 evidenti
520 2050 632 2107 stultitia
646 2056 673 2104 et
684 2047 761 2103 omni
770 2044 874 2102 bomini
884 2043 941 2101 risu
950 2043 1044 2115 digna,
1053 2042 1184 2108 maxime,
1198 2062 1227 2126 Β
1241 2030 1318 2102 Qu⁰d
1333 2030 1525 2087 mmmm?
1537 2029 1655 2101 Corpus,
1672 2030 1803 2101 indutum,
1814 2032 1886 2088 bestii
1900 2034 2038 2090 Dunsslffll
2158 2070 2159 2089 t

388 2144 463 2219 quod
477 2142 513 2198 ,b
525 2138 619 2212 Augus
637 2137 736 2193 dicim,
750 2150 809 2190 m
824 2132 949 2191 msam,
970 2133 1017 2187 γρ
1032 2145 1184 2205 qum-0110„
1239 2119 1374 2191 pontilicis
1388 2120 1594 2175 Cantuatt'orum
1618 2128 1645 2175 et
1662 2120 1786 2190 primatis
1800 2122 1881 2176 totius
1893 2122 2040 2180 Britanniae
2158 2172 2159 2179 ,

386 2229 558 2291 consuluistis
579 2226 698 2296 aliquem
722 2222 858 2279 hominem
881 2222 1114 2289 transmarinum
1137 2220 1184 2291 qui
1239 2224 1319 2265 asna
1338 2208 1452 2265 ecelesia
1475 2216 1568 2278 patres
1591 2210 1673 2264 vestri
1696 2209 1791 2264 lurtim
1814 2210 1995 2274 ahstnlemnt.
2012 2222 2040 2268 et
2158 2200 2159 2273 ἶ

388 2322 416 2377 in
444 2319 536 2375 inultis
565 2314 729 2382 conversati,
750 2311 843 2367 multis
867 2310 974 2377 imbuti,
1002 2308 1088 2365 multa
1114 2324 1185 2364 aun-
1239 2306 1358 2355 teanum
1372 2296 1499 2354 abbatem
1515 2296 1561 2353 tali
1575 2298 1718 2369 saunlegio
1732 2306 1851 2369 emptum
1868 2300 2039 2370 (quidnobis

388 2409 494 2483 fingere
517 2405 621 2471 sciunt,
645 2410 675 2459 ut
697 2400 741 2459 ael
764 2399 851 2473 pretio
874 2399 1009 2473 ageretis,
1033 2398 1109 2470 quasi
1132 2398 1184 2469 ipsi
1239 2396 1297 2443 erat
1312 2386 1425 2457 inutilis)
1441 2386 1505 2443 illuo
1519 2385 1639 2443 delatum
1654 2388 1779 2457 sepulcro
1791 2387 1863 2443 illius
1874 2390 2034 2446 intulerunt.

388 2500 484 2555 saltem
499 2496 577 2551 robis
591 2491 695 2563 aliquid
708 2488 855 2546 vonsimile
874 2488 1047 2543 mendatium
1060 2488 1097 2543 de
1109 2494 1186 2544 tanta
1239 2476 1263 2531 0
1278 2476 1424 2548 dmidium!
1444 2474 1468 2531 ⁰
1483 2476 1600 2533 mlum
1625 2474 1750 2531 0¹⁰⁰1¹ffl
1768 2488 1885 2533 lffllfflffl
1900 2480 1949 2534 ¹⁸¹5
1963 2488 2040 2535 “¹1¹⁰

386 2604 417 2645 ra
433 2589 639 2655 componerent.
662 2579 715 2635 Vae
729 2578 827 2635 robisl
842 2593 912 2633 meaa
935 2576 1026 2649 gentis
1049 2576 1184 2645 bominaa,
1240 2566 1345 2623 faenore
1372 2563 1627 2637 magnificandum!
1662 2565 1736 2632 Sed,
1762 2582 1779 2622 o
1806 2569 1936 2624 eontrarii
1965 2585 2041 2640 pure

390 2685 443 2733 tam
458 2673 557 2731 stolida
570 2669 743 2741 simplicitate
756 2666 920 2723 notaremini
942 2669 972 2721 ut
994 2664 1120 2721 omnibus
1133 2666 1185 2721 de·
1241 2654 1367 2723 verimi,
1391 2654 1457 2725 quid
1483 2652 1606 2723 Ῑῑῡῑθῑῑθι
1631 2668 1679 2709 ῡῐθ
1703 2670 1761 2723 V0⁸t
1782 2672 1843 2711 ⁰⁰¹⁰
1873 2656 1935 2729 59⁵⁸
1959 2659 2042 2713 Veri·
2158 2672 2159 2677 ’

388 2762 496 2820 fidendi
520 2761 549 2815 j„
571 2766 733 2830 perpetuum
756 2754 958 2811 indicaremini,
979 2752 1021 2808 ,ad
1043 2754 1186 2826 haeumgu
1242 2752 1280 2799 tas
1303 2745 1407 2799 venerit
1431 2758 1526 2799 omnes
1550 2742 1686 2814 perditura
1712 2744 1758 2815 qui
1778 2745 1935 2815 loquuntur,
1960 2763 2043 2802 rnen·

388 2851 583 2925 predicatores
596 2856 651 2902 tam
665 2844 790 2917 preclari
805 2842 950 2915 sacrilegii,
966 2851 1097 2913 quatenns
1119 2842 1186 2897 mibi
1241 2832 1450 2901 dneiumffsol.
1466 2846 1494 2896 v,
1511 2832 1550 2901 t).
1574 2830 1606 2885 Et
1628 2832 1737 2904 quidem
1761 2833 1888 2889 omnibus
1907 2835 1968 2891 luce
1984 2836 2043 2891 ola-

389 2940 515 3011 patriotae
529 2936 691 3002 suodioattt,
706 2941 863 2989 utrumnam
876 2932 996 2988 oadarar
1017 2933 1058 2987 sui
1081 2946 1186 3002 suppo·
1242 2921 1300 2977 titt!
1327 2928 1431 2977 wntbi
1458 2919 1630 2995 menducium
1666 2934 1715 2977 toa
1746 2921 1890 2993 imponere
1917 2924 2044 2994 patribus

391 3028 437 3083 siti
451 3026 559 3083 abbatia
571 3023 677 3080 noviter
690 3022 810 3078 defuncti
824 3029 850 3076 et
864 3022 1002 3093 integrum
1017 3037 1034 3076 a
1048 3020 1188 3077 Glastonia
1243 3009 1357 3078 vestris,
1382 3008 1446 3081 quia
1470 3008 1575 3065 finitimi
1598 3009 1773 3065 Cfflfflflffim
1802 3026 1895 3067 ⁸⁰⁰⁰¹¹¹
1924 3014 2045 3070 ledele?

392 3114 565 3172 Cantuariatn
581 3111 759 3167 detulerunt?
773 3110 808 3166 Ut
821 3118 913 3165 utrum
924 3123 999 3164 more
1009 3110 1108 3165 summi
1123 3124 1188 3181 pon·
1242 3099 1286 3155 sui
1304 3097 1411 3154 lbbtliss
1424 3096 1598 3166 deltssefflffll
1622 3112 1672 3154 ¹¹0⁰
1695 3099 1734 3154 ibi
1758 3098 2044 3173 ⁶080⁰10⁸⁸⁵P⁰s¹²¹⁰
2158 3126 2159 3137 ¹

391 3203 471 3259 tifiois
493 3200 650 3265 infulatum,
675 3198 827 3270 palliatum,
851 3197 1047 3268 spindulatum,
1072 3205 1099 3253 et
1122 3214 1188 3253 aun.
1243 3202 1357 3258 corpore
1381 3186 1454 3241 beati
1478 3186 1610 3242 Dunsbni
1624 3186 1691 3242 illud
1706 3188 1862 3244 attulerunt.
1881 3189 1950 3245 lllud
1970 3193 2043 3247 euim
2158 3174 2159 3195 ¹

392 3292 472 3349 doliis
485 3290 568 3346 luerit
579 3286 745 3345 calciatum?
759 3284 839 3355 Quod
849 3285 872 3339 si
881 3285 941 3340 lraeo
950 3287 1041 3341 omnia
1055 3286 1189 3356 babuerit,
1244 3276 1335 3333 nimi&
1358 3285 1385 3333 θῑ
1408 3274 1575 3331 ῑῦθΐθῦῑῧῑῐῑθ
1596 3290 1651 3332 ⁰⁰¹1
1674 3276 1737 3333 ‘³5⁰⁰
1761 3277 1895 3349 Slulfiliffls
1921 3280 1970 3336 sed
1993 3281 2044 3337 de·
2158 3322 2159 3327 ι

393 3383 476 3443 uode,
490 3394 594 3450 queso,
609 3376 722 3449 pallium
743 3377 785 3444 (ut
805 3375 840 3430 de
859 3374 922 3430 aliis
944 3375 1049 3431 interim
1074 3377 1190 3447 taomm)
1245 3367 1356 3424 mentite
1370 3373 1456 3422 etrel-
1476 3365 1534 3422 Hoc
1548 3373 1637 3422 autem
1653 3367 1829 3438 impossibilis
1850 3371 2043 3440 perpetrando
2158 3381 2159 3402 ³

391 3469 510 3526 babuit?
524 3465 652 3538 Nunquid
674 3463 825 3536 antiquitus
848 3463 963 3521 abbates
986 3463 1191 3522 Glastonienaes
1244 3455 1365 3514 audacie
1382 3453 1492 3510 effectus
1515 3455 1653 3511 existeret.
1676 3455 1744 3512 Cum
1768 3457 1842 3513 euim
1864 3459 1923 3529 ipse
1947 3459 2043 3516 beatus
2158 3475 2159 3490 ι

389 3557 475 3631 P⁸¹¹i⁰
496 3554 663 3612 utebamur?
686 3553 742 3610 Sed
764 3553 818 3610 1100
839 3552 999 3624 palumbis
1018 3553 1115 3620 sotum,
1130 3555 1189 3625 pfl.
1245 3545 1398 3616 sepulcrum
1415 3542 1468 3598 sibi
1481 3541 1578 3612 effodi,
1604 3552 1633 3600 ut
1655 3543 1727 3601 liber
1748 3545 1816 3602 Vitta
1839 3547 1897 3618 ejus
1919 3547 2042 3605 veracis·
2158 3583 2159 3590 ι

391 3645 508 3702 metibus
522 3653 549 3700 et
561 3641 803 3714 arobiepiseopisa
817 3641 904 3698 lloma
918 3649 945 3698 et
958 3641 1108 3712 apostoliea
1127 3641 1191 3698 seda
1245 3635 1315 3690 sime
1329 3639 1454 3702 ῑθθῑῑῑῠΐ,
1470 3635 1609 3704 Pffloellib
1632 3640 1659 3689 0²
1682 3633 1751 3688 infr*
1773 3641 1870 3691 terrem
1895 3635 1931 3692 ad
1954 3645 2040 3694 slatu-

369 3730 559 3788 ‘oonoeditua
588 3727 645 3784 Sed
668 3727 799 3782 haetenus
822 3726 897 3782 omni
919 3726 1019 3783 annulo
1041 3726 1189 3783 inauditum
1246 3739 1303 3780 ram
1316 3721 1402 3780 virilis
1424 3723 1547 3792 eorporis
1571 3721 1657 3778 loreas
1679 3720 1848 3794 pmlunditas
1869 3727 2041 3796 penetravit3
2158 3729 2159 3772 t

391 3826 434 3876 est
446 3817 659 3889 patriarchatum
672 3814 820 3871 Glastoniae
838 3814 932 3883 luisse,
947 3814 992 3872 rel
1006 3815 1090 3871 etiarn
1102 3815 1191 3887 ponti·
1246 3810 1304 3882 qui,
1318 3825 1422 3882 quaeso,
1438 3819 1493 3866 tam
1508 3809 1583 3866 inani
1606 3810 1679 3868 lurto
1702 3811 1779 3867 loeus
1802 3821 1829 3868 et
1851 3815 2041 3885 opportunitas
2158 3829 2159 3850 t

390 3907 512 3963 ficetum.
531 3905 587 3962 Sed
601 3903 684 3975 igitur
696 3902 832 3973 palliatum
852 3902 970 3958 nadaver
991 3904 1026 3960 ad
1049 3905 1190 3976 deceptio-
1246 3915 1305 3956 esse
1318 3899 1425 3971 potuitt
1438 3898 1505 3954 Cum
1520 3905 1547 3954 et
1560 3899 1675 3954 ecelesia
1685 3899 1745 3970 ipsa
1756 3915 1898 3972 nunquam
1914 3903 1974 3958 aine
1989 3917 2046 3959 mo·

390 4011 454 4052 nem
477 3993 632 4050 luturorttm
650 3998 834 4046 enecassem
855 3992 940 4046 rastri
965 3991 1116 4049 cantuarita
1137 3993 1190 4049 de-
1246 3988 1342 4044 naabis
1352 3987 1509 4044 domesticis
1520 3985 1582 4042 filiis
1590 3987 1646 4042 suis
1655 3987 1747 4056 fuant,
1756 3997 1784 4044 et
1793 3990 1890 4046 oiritaa
1901 3990 2046 4049 cantuaria

392 4083 522 4138 tulerunt.
545 4080 603 4135 lloo
626 4076 780 4149 effecerunt,
795 4081 825 4132 ut
847 4077 899 4148 ipsi
920 4079 1046 4136 Romano
1068 4079 1191 4150 pouofitt
1246 4075 1353 4134 uiribus
1376 4075 1432 4131 auis
1455 4091 1628 4148 nequaquam
1652 4075 1733 4132 luerit
1755 4078 1905 4134 exinanita.
1925 4081 1966 4135 Ad
1997 4082 2047 4138 hae
2158 4143 2159 4160 ,

393 4176 419 4224 et
433 4164 508 4222 omni
533 4161 688 4220 Christiano
710 4160 824 4230 bomini,
841 4163 889 4233 qui
901 4178 931 4219 se
945 4163 979 4220 ad
994 4162 1077 4220 tidem
1091 4165 1190 4221 Christi
1248 4165 1475 4222 considerandum
1500 4165 1564 4235 quia
1584 4163 1701 4222 eoolasia
1720 4165 1778 4236 ipsa
1793 4167 1821 4222 in
1834 4167 1962 4239 passione
1978 4169 2045 4226 bea-

393 4254 443 4311 snb
464 4251 622 4326 magisterio
643 4249 717 4306 beati
740 4249 812 4306 Petri
836 4258 935 4321 tenent,
950 4251 1064 4308 obnoxii
1087 4254 1143 4309 sint
1163 4262 1192 4310 et
1248 4253 1346 4309 tissimi
1361 4252 1485 4324 martyris
1508 4249 1626 4325 Elpbegi
1651 4269 1701 4309 neo
1724 4253 1788 4326 ique
1811 4263 1981 4328 consumpta,
1998 4273 2049 4314 neo
2158 4239 2159 4312 ἶ

392 4342 555 4400 infamasaa
569 4339 645 4396 omni
665 4337 814 4410 opprobrio
838 4338 913 4410 digni
933 4339 1087 4410 judicandi.
1102 4341 1193 4398 Soitur
1247 4349 1318 4398 teoto
1342 4349 1388 4397 aut
1413 4339 1560 4413 parietibus
1584 4339 1675 4398 diruta
1698 4341 1760 4398 luit.
1785 4343 1921 4401 violatam
1945 4347 2048 4418 quippe

395 4432 469 4489 enim
483 4429 549 4502 quia
563 4427 631 4483 illud
653 4442 669 4484 a
691 4427 756 4483 sede
774 4427 926 4498 apostoliea
947 4444 1003 4486 non
1026 4429 1192 4496 babuerunt,
1246 4429 1340 4499 luisse,
1356 4439 1383 4487 et
1397 4429 1520 4501 pluribus
1542 4430 1709 4487 ornamentis
1732 4432 1899 4502 spoliatam,
1923 4449 1956 4490 ao
1980 4451 2048 4507 sup·
2158 4421 2159 4424 ¹

393 4521 443 4578 aed
466 4517 517 4592 ipsi
542 4515 622 4586 illud,
646 4515 824 4589 malignitatis
846 4515 908 4574 illos
930 4525 1041 4575 auctore
1063 4519 1192 4588 docente,
1248 4520 1337 4590 posito
1351 4519 1385 4576 de
1401 4519 1585 4592 lorisigueut
1599 4529 1821 4576 sonoremaretur
1844 4520 1970 4579 adorsam
1995 4540 2047 4580 no-

391 4613 603 4680 eomposuerunt
624 4603 669 4661 rel
691 4602 818 4674 oomponi
842 4604 874 4674 (si
899 4605 935 4659 ita
957 4605 1021 4678 luit)
1043 4622 1060 4663 a
1082 4606 1123 4662 atti
1151 4609 1193 4662 si-
1249 4608 1356 4676 vimus,
1381 4623 1435 4679 quo
1459 4621 1562 4664 vesana
1585 4623 1682 4685 manus
1706 4609 1860 4680 pontilicem
1893 4610 1965 4666 intus
1988 4627 2048 4668 sese

391 4697 502 4754 milibus
527 4693 685 4752 edederunt.
708 4691 748 4748 lle
766 4691 838 4747 enim
853 4707 919 4750 vera
932 4706 1042 4764 eorpus,
1057 4695 1130 4766 quod
1145 4695 1192 4751 in·
1249 4703 1369 4752 tuentem
1384 4711 1468 4766 quam
1484 4695 1628 4752 mandaret
1643 4696 1716 4752 exire
1736 4697 1923 4768 compelleret.
1942 4703 1977 4755 ltt
2000 4700 2049 4756 ubi

391 4787 526 4852 venimus,
542 4784 579 4838 ita
595 4781 654 4847 luit,
680 4779 782 4836 scilicet
806 4781 883 4852 quasi
904 4782 1019 4838 omnino
1042 4782 1190 4856 integrum,
1206 4767 1233 4828 D
1247 4783 1337 4857 ipsum
1360 4792 1504 4840 exeuntem
1528 4785 1801 4855 eomprehenderunt,
1818 4787 1925 4842 omissis
1938 4789 2048 4862 ignibus

390 4873 555 4940 infulatum,
584 4870 762 4937 annulatum,
796 4868 957 4940 palliatum,
994 4870 1189 4942 spindulatum,
1246 4881 1273 4929 et
1287 4873 1347 4929 aliis
1365 4872 1455 4940 malls,
1471 4871 1569 4946 quibus
1591 4873 1626 4928 ad
1650 4873 1804 4945 eaptiouetn
1829 4874 1903 4932 illius
1926 4891 2046 4948 occupa·

389 4963 520 5020 sandaliis
550 4957 739 5017 venustissime
773 4959 952 5027 adornatum,
985 4973 1047 5016 oum
1078 4973 1133 5032 qno
1164 4967 1192 5016 et
1245 4959 1356 5032 bantur,
1369 4961 1460 5034 ipsum
1485 4961 1587 5019 necatis
1610 4961 1748 5033 aliquibus
1763 4964 1905 5020 monaahis
1920 4966 1947 5019 in
1962 4965 2048 5024 oeulis

390 5051 527 5122 scriptura
554 5050 582 5105 in
609 5047 738 5120 plumbea
761 5047 851 5102 tabula
875 5055 985 5104 exarata
1008 5047 1118 5104 inuenta
1139 5057 1189 5117 est,
1245 5049 1305 5122 ejus
1319 5051 1505 5118 abduxerunt,
1532 5053 1558 5106 et
1581 5065 1666 5122 usqua
1689 5049 1725 5106 ad
1743 5037 1842 5108 *locum
1865 5052 1949 5108 exitio
1972 5053 2047 5110 illius

391 5153 451 5210 quta
465 5139 548 5209 plane
570 5138 721 5194 testabatur
741 5135 814 5192 beati
837 5137 968 5194 [lunatani
992 5137 1190 5210 ambiepisoopi
1246 5139 1407 5194 destinatum
1432 5137 1523 5194 multis
1547 5137 1679 5194 ailliotum
1703 5137 1812 5208 iujurita
1834 5149 1862 5196 et
1884 5141 2045 5198 mudatibus

390 5227 597 5282 cantianorum
612 5241 672 5282 ease
685 5240 795 5296 corpus.
814 5226 887 5298 quod
902 5226 1063 5282 tumulatum
1083 5227 1120 5282 ibi
1141 5227 1188 5298 ja·
1244 5227 1428 5299 perduxerunt
1449 5237 1475 5282 et
1496 5237 1679 5298 peremerunt.
1699 5225 2045 5302 (pastoralemque

390 5313 482 5371 oebat.
515 5314 648 5382 Habetis,
672 5329 778 5384 queso,
800 5314 893 5385 alique
914 5314 1063 5371 littemrttm
1086 5331 1189 5370 monn·
1244 5315 1509 5387 frontediaipotest
1522 5316 1711 5387 pavimentum
1739 5315 1864 5372 eoelesite
1887 5317 1940 5373 suh
1962 5321 2045 5375 oculis

387 5409 490 5470 menta,
507 5417 569 5472 quae
580 5402 641 5457 haee
654 5403 692 5456 ita
705 5417 737 5457 se
752 5401 878 5458 babuisse
891 5402 1032 5474 probent?
1055 5403 1188 5460 Videlicet
1243 5405 1316 5461 omni
1330 5404 1419 5476 spatio
1437 5411 1541 5476 septum
1553 5403 1653 5476 pedum
1675 5403 1737 5460 ltiuo
1762 5405 1826 5462 inde
1849 5405 1885 5461 ad
1908 5409 2043 5478 sepulorio

387 5507 450 5564 quta
465 5490 553 5547 lerant
566 5489 683 5546 oadamr
696 5489 805 5545 abbatis
824 5490 896 5547 illius
920 5507 954 5548 eo
975 5493 1049 5565 quod
1072 5493 1188 5549 diximus
1241 5493 1451 5565 prolanditatem
1478 5492 1598 5549 tendenti
1621 5491 1760 5560 effossum,
1778 5493 1858 5550 aliter
1872 5495 1948 5552 enim
1970 5496 2043 5552 nullo

389 5581 476 5640 modo
491 5577 659 5636 redimitum.
683 5579 779 5634 Adbuo
793 5595 902 5650 qutaro;
918 5581 959 5635 illi
972 5580 1075 5653 antiqui
1098 5591 1189 5654 patrea
1242 5582 1324 5638 modo
1339 5581 1435 5655 attingi
1451 5581 1561 5650 ualeret,
1577 5589 1604 5637 et
1622 5581 1659 5636 ita
1678 5581 1816 5638 abstracto
1839 5595 1955 5655 corpore
1977 5599 2039 5640 aaa·

389 5679 416 5728 et
429 5668 634 5737 intresrestri,
649 5667 695 5740 qui
718 5666 754 5721 ad
777 5667 891 5724 tuendas
913 5668 1050 5726 destitutae
1063 5670 1187 5728 eeclesiae
1242 5669 1354 5727 otissimi
1371 5671 1461 5726 Patris
1474 5669 1605 5725 Dttnstani
1630 5685 1680 5743 per
1698 5669 1864 5742 quindecim,
1889 5680 1918 5728 nt
1941 5672 2040 5744 dioam,

387 5768 490 5817 nostra
515 5757 653 5831 reliquias,
668 5763 697 5813 ut
711 5755 812 5824 diuitis,
826 5755 937 5813 adducti
955 5763 1026 5828 sunt,
1042 5759 1187 5818 attulerunt
1241 5759 1302 5816 dies
1316 5767 1410 5832 pateus
1425 5760 1599 5828 remamisse,
1614 5759 1702 5818 donee
1725 5759 1866 5819 monaobia
1884 5776 1948 5818 aum
1969 5759 2041 5820 furto

386 5857 524 5906 nemum
537 5847 655 5906 raderer
672 5843 740 5904 illud
761 5845 842 5904 beato
865 5845 1004 5905 bunstaoo
1026 5863 1186 5921 sttppoueo·
1242 5847 1421 5908 subeuntibus
1443 5849 1481 5908 ad
1503 5848 1698 5910 monasterium
1711 5867 1800 5921 suum,
1813 5857 1842 5910 at
1855 5848 1894 5910 ibi
1906 5865 1962 5910 nott
1976 5851 2040 5912 dioo
