4750 6725
307 589 358 648 865
895 577 1059 642 ΗΙΒΤΟΒΙΛ
1074 581 1262 653 novellum.
1281 584 1340 640 LlB
1353 585 1376 641 l.
1907 591 1958 648 366

307 714 448 772 inlirmitas
462 710 600 784 corripuit,
615 718 642 766 et
656 710 727 768 lecto
741 709 873 781 deposuit,
884 717 965 780 etqua
988 708 1015 763 in
1045 709 1105 766 dies
1118 709 1145 774 Α
1157 709 1227 780 ipse,
1242 718 1267 766 et
1281 710 1410 768 concordi
1433 725 1501 769 voce
1527 709 1701 785 subsequitur
1720 716 1880 774 acclamatio
1899 733 1958 776 om-

307 802 453 862 cresceodo
472 801 558 858 ferme
588 816 673 870 usque
701 800 735 856 ad
760 797 962 854 exhalationem
1000 797 1110 868 spiritus
1161 798 1247 868 nium,
1263 798 1388 854 abbatem
1401 800 1559 856 dnsalmum
1574 802 1621 857 tali
1635 803 1738 860 bonore
1761 804 1959 878 dignissimum.

310 892 377 966 eqit.
400 889 473 961 Quid
500 887 608 961 plural
631 887 734 945 Omnes
754 886 836 944 totius
865 886 944 960 regni
971 885 1109 958 principes
1161 886 1284 958 Expavit
1303 888 1448 944 dnselrnus
1471 888 1507 945 ad
1533 891 1604 948 banc
1631 907 1736 963 rocem,
1765 903 1792 951 et
1818 895 1960 968 expalluit,

308 985 407 1040 cocum
423 977 573 1050 ,episcopi
589 976 702 1034 abbates
730 985 757 1033 et
784 975 884 1048 quippe
913 974 1019 1032 nobiles
1040 973 1110 1030 nibil
1163 975 1284 1048 Cumque
1297 985 1438 1046 raperetur
1451 978 1487 1034 ad
1502 994 1607 1052 regem,
1619 990 1648 1037 ut
1657 997 1708 1053 pei
1730 984 1835 1058 virgam
1865 993 1962 1059 pm.

309 1075 534 1142 praetermortem
550 1066 609 1137 ejus
623 1063 818 1138 praestolantes.
843 1062 1007 1135 Suggeritur
1034 1077 1110 1136 aegro
1162 1063 1431 1122 raleminvestituras
1453 1068 1702 1142 archiepiscopatus
1729 1074 1764 1129 de
1792 1088 1875 1131 manu
1901 1076 1962 1148 ejus

308 1158 342 1215 de
356 1157 444 1214 salute
462 1155 565 1212 animae
592 1171 647 1211 sum
676 1153 805 1226 cogitare,
830 1166 958 1210 carceres
987 1151 1109 1222 aperire,
1162 1153 1323 1225 susciperet,
1339 1161 1396 1213 toto
1410 1157 1552 1214 conamine
1565 1159 1673 1230 restitit,
1687 1161 1770 1235 idque
1789 1162 1882 1220 multis
1908 1165 1962 1222 ob·

308 1247 434 1318 captivos
449 1243 595 1312 dimittere,
621 1242 772 1299 vinculatos
799 1240 916 1307 solvere,
945 1237 1110 1310 repetenda·
1163 1241 1320 1297 sistentibus
1333 1243 1424 1299 causis
1439 1245 1600 1302 nullatemus
1613 1247 1672 1304 fieri
1698 1251 1807 1320 possuit
1831 1254 1959 1312 aemi-uqi,

307 1351 367 1392 rum
389 1333 565 1406 pecuniarum
589 1331 681 1387 debita
709 1329 872 1402 perdonare,
900 1328 1037 1384 Ecclesiae
1061 1342 1111 1384 suo
1163 1329 1307 1400 Accipiunt
1320 1330 1405 1404 igitur
1418 1348 1481 1388 eum
1495 1333 1630 1406 episcopi,
1646 1343 1674 1392 et
1687 1338 1789 1394 ducunt
1801 1343 1963 1400 senissimae

307 1431 420 1481 eatenus
434 1421 565 1490 dominio,
577 1419 699 1476 servituti
715 1418 856 1487 subactas,
871 1417 966 1474 locatis
988 1415 1110 1487 pastori·
1163 1419 1342 1488 multitudine,
1359 1422 1418 1477 tec
1432 1423 1552 1479 etverba
1580 1424 1700 1482 dicentes
1715 1444 1723 1482 ι
1741 1450 1753 1476 ι
1774 1426 1845 1498 Quid
1872 1431 1964 1504 agiis

308 1512 374 1582 bus,
403 1510 523 1567 libertati
551 1509 704 1575 restituere,
733 1506 925 1578 precipueque
962 1504 1112 1562 Ecclesiam
1164 1507 1236 1578 Quid
1247 1508 1392 1564 intendis?
1408 1508 1480 1578 Quid
1494 1510 1628 1569 contraire
1655 1514 1721 1590 Des
1738 1515 1861 1575 niteris?
1888 1519 1965 1593 videa

308 1599 545 1666 cantuariensem,
561 1597 638 1668 cujus
660 1595 846 1669 oppressione,
875 1593 1009 1666 inquiunt,
1029 1593 1112 1650 totius
1165 1613 1275 1653 omnem
1290 1597 1521 1655 christianitatem
1532 1599 1561 1654 in
1571 1601 1668 1674 nnqttn
1681 1602 1738 1659 lere
1751 1605 1879 1676 periisse,
1907 1625 1965 1666 nm-

307 1689 334 1744 in
350 1688 449 1762 llnqlia
463 1684 675 1742 Christianitatis
703 1693 811 1740 coastat
835 1699 894 1740 esse
922 1683 1112 1738 detestandam
1164 1685 1455 1742 nieinocnlusionem
1484 1689 1602 1758 venisse,
1631 1706 1727 1747 omnes
1747 1693 1967 1755 abominationes

311 1777 506 1850 dejectionem.
522 1775 579 1830 llac
592 1776 754 1845 tempestate
769 1772 915 1829 anselmus
936 1771 1036 1827 inscius
1058 1772 1113 1827 bo·
1165 1774 1318 1844 emersisse,
1334 1791 1548 1846 quaquaversum
1563 1778 1706 1850 nosipsos
1726 1790 1753 1837 et
1778 1798 1848 1855 quaa
1870 1801 1968 1860 regem

309 1883 368 1922 rtrrn
384 1865 545 1921 morabatur
559 1864 587 1919 in
604 1862 722 1935 quadam
737 1860 802 1916 villa
817 1876 870 1916 nou
897 1860 978 1932 longe
1000 1873 1016 1914 a
1044 1857 1113 1915 Glo-
1166 1863 1328 1920 deberemus
1343 1865 1481 1921 Ecclesiae
1496 1865 1548 1923 Dei
1562 1866 1589 1922 in
1598 1868 1970 1940 periculummortisaetcmm

306 1955 413 2024 cestria,
430 1953 479 2010 ubi
490 1969 539 2013 rex
553 1951 753 2006 infirmabatur.
769 1949 928 2004 ttandatum
945 1963 1010 2020 erqo
1022 1947 1061 2002 illi
1070 1955 1111 2004 est
1167 1969 1216 2024 per
1230 1953 1398 2024 tyrannidem
1412 1954 1490 2010 istius
1504 1955 1623 2012 hominis
1632 1957 1789 2028 decidisse;
1805 1968 1833 2018 et
1844 1970 1882 2030 tu,
1906 1979 1969 2021 cum

308 2052 446 2116 quatenus
461 2041 515 2098 sub
527 2041 602 2098 omni
618 2039 790 2096 testinatione
806 2038 841 2092 ed
855 2053 949 2110 regern
960 2035 1061 2100 veniat,
1086 2043 1112 2090 et
1128 2061 1153 2122 B
1168 2041 1257 2112 possis
1267 2042 1424 2111 subvenire,
1439 2044 1613 2101 contemnis?
1629 2045 1711 2116 Quid,
1726 2063 1743 2102 o
1761 2049 1897 2107 mirabilis
1923 2053 1972 2110 lia-

306 2135 367 2206 ejus
378 2132 480 2188 obitum
496 2145 545 2186 sua
558 2129 699 2200 praesentia
713 2135 819 2184 tueatur
832 2135 859 2183 et
884 2125 997 2181 muniet.
1026 2127 1110 2180 Acce-
1169 2146 1225 2196 mc,
1241 2130 1346 2202 cogitas
1359 2131 1373 2186 l
1388 2129 1447 2200 Quo
1463 2130 1639 2206 lugitsensus
1655 2143 1716 2191 tuus
1730 2136 1744 2191 i
1757 2137 1880 2195 Ecclesia
1896 2139 1971 2197 Can·

307 2222 378 2278 leret
392 2221 450 2293 ipsc
466 2221 557 2276 uenire
572 2218 665 2274 audito
679 2216 727 2272 tali
742 2215 846 2282 nuntio,
859 2213 983 2270 eivenit.
1009 2213 1107 2286 lngre·
1168 2217 1310 2274 tuaricnsis
1331 2219 1360 2274 iu
1387 2220 1465 2290 cujus
1492 2221 1699 2294 oppressionem
1728 2241 1823 2282 omnes
1850 2230 1973 2300 oppressi

307 2311 382 2366 ditur
396 2309 431 2366 ad
444 2323 550 2383 regern,
566 2315 678 2382 rogatur
692 2304 763 2376 quid
777 2303 885 2360 consilii
900 2301 1039 2357 salubrius
1053 2316 1111 2358 tuo·
1167 2322 1261 2362 sumus
1275 2315 1303 2362 et
1312 2307 1450 2378 destructi,
1467 2317 1492 2365 te
1506 2318 1596 2377 vocat,
1612 2317 1638 2368 te
1651 2312 1851 2371 sublevatorem
1876 2317 1917 2373 mi
1945 2326 1974 2376 οι

307 2401 403 2456 rieutis
417 2398 519 2453 animm
531 2395 651 2467 judicet.
669 2393 775 2465 liuponi
795 2392 849 2448 sibi
878 2391 967 2463 primo
994 2389 1114 2462 postulat
1167 2396 1253 2452 nostri
1267 2395 1350 2452 auxia
1364 2397 1500 2467 quaeritat,
1515 2406 1542 2454 et
1557 2405 1585 2454 tu
1599 2400 1750 2472 postposita
1763 2402 1886 2461 libertate
1900 2406 1970 2477 ejus,

306 2488 372 2559 quid
386 2503 416 2542 se
429 2487 542 2542 absente
570 2484 606 2540 ab
621 2481 811 2538 assistentibus
822 2495 897 2552 {egro
908 2476 1112 2536 consultumsit.
1167 2484 1319 2556 postposita
1341 2485 1519 2542 nihilomiuus
1537 2487 1703 2546 relevatione
1730 2499 1831 2562 nostra,
1855 2491 1972 2552 fratrum

307 2575 402 2644 audit,
417 2573 514 2645 probat
529 2580 555 2628 et
567 2571 652 2628 addit.
672 2593 682 2618 a
700 2568 890 2640 scriptumest
906 2585 912 2622 :
929 2567 1048 2640 lncipite
1058 2568 1114 2621 Do·
1168 2571 1269 2627 laboris
1283 2572 1456 2644 participium
1471 2574 1580 2646 abjicis,
1596 2575 1635 2633 tul
1649 2576 1724 2634 solus
1747 2580 1861 2636 otiosam
1890 2581 1972 2654 quie·

307 2662 620 2734 mlncincmtsessionc,
636 2658 708 2714 unde
723 2658 833 2715 videtur
846 2655 911 2710 milri
928 2664 957 2710 ut
967 2655 1054 2726 primo
1080 2653 1115 2710 de
1168 2667 1224 2716 tem
1240 2659 1357 2732 appetis.
1375 2662 1516 2719 »Adhaec
1543 2664 1620 2722 ille:
1650 2688 1662 2714 ι
1692 2666 1842 2739 sustinete,
1872 2669 1970 2742 inquit,

307 2753 445 2821 omnibus,
462 2765 561 2823 quaese
589 2755 686 2804 contra
712 2747 798 2802 Deum
830 2743 940 2800 lecisset
961 2742 1113 2816 cognoscit,
1168 2765 1261 2820 quaeso
1276 2749 1406 2806 sustinete
1434 2758 1462 2808 et
1488 2751 1647 2818 intendite;
1676 2755 1774 2822 fateor,
1802 2773 1898 2814 vemm
1917 2766 1970 2828 eat,

308 2858 406 2914 param
421 2838 622 2896 contessionem
639 2835 730 2904 iaciat,
743 2843 769 2890 et
783 2849 814 2889 se
838 2832 941 2900 omnia,
967 2831 990 2886 si
1014 2845 1113 2887 conus·
1169 2836 1354 2894 tribulationes
1368 2839 1461 2896 multe
1471 2849 1543 2908 sunt,
1557 2849 1585 2897 et
1598 2856 1651 2914 ope
1664 2843 1798 2915 indigent.
1823 2845 1879 2904 Sed
1901 2863 1971 2904 con·

308 2931 400 2996 luerit,
429 2927 636 2984 emendaturum
661 2923 722 2979 sine
749 2921 859 2978 fictione
887 2921 1029 2991 promittat
1050 2933 1057 2987 ;
1082 2933 1115 2975 ao
1151 2925 1297 3008 siderate,
1314 2927 1841 3000 obsecrettgojanqrmdaesussum
1858 2934 1910 3008 (a),
1943 2943 1972 2993 et

308 3019 410 3074 deinde
420 3033 481 3090 qoae
494 3012 678 3082 consuluistis,
706 3012 810 3083 absque
831 3007 962 3065 dilatione
991 3007 1048 3064 fieri
1061 3007 1111 3077 ju·
1167 3014 1257 3072 omnis
1273 3014 1373 3072 terreni
1387 3015 1490 3071 laboris
1505 3016 1661 3088 impatiens.
1678 3019 1731 3088 Qui
1759 3037 1826 3094 erqo
1854 3038 1906 3094 pre
1926 3040 1970 3082 me

307 3108 386 3163 beet.
407 3127 419 3155 s
437 3103 573 3160 Laudatur
584 3103 644 3158 haeo
658 3100 765 3157 consilii
775 3113 891 3167 summa,
907 3096 1013 3170 sibique
1031 3095 1113 3165 hujus
1167 3101 1227 3174 ipso
1241 3102 1367 3159 laborare
1380 3120 1499 3175 nequeo,
1516 3105 1633 3176 qualiter
1650 3104 1777 3164 laborem
1805 3111 1891 3168 totius
1919 3113 1969 3170 iic-

307 3193 493 3253 ccnlessionis
517 3189 682 3261 suscipiendi
705 3188 857 3260 injungitur
880 3201 956 3242 cura.
989 3184 1115 3242 Refertur
1167 3189 1259 3248 clesiae
1273 3206 1323 3262 per
1334 3191 1461 3265 angliam
1474 3192 1626 3251 constitute
1640 3195 1775 3268 suscipere
1797 3214 1869 3271 queo
1891 3202 1906 3256 l
1928 3203 1971 3260 nd

307 3287 341 3344 ed
358 3283 482 3341 notitiem
498 3281 570 3353 reqis
584 3279 650 3350 quid
662 3277 742 3334 saluti
758 3275 855 3332 animae
873 3274 946 3329 illius
961 3273 1050 3346 magis
1065 3288 1114 3328 ex·
1167 3279 1236 3349 hnc,
1252 3279 1322 3336 sicut
1336 3296 1398 3337 mea
1412 3281 1478 3336 mibi
1497 3281 1665 3339 conscientia
1688 3285 1764 3342 testis
1786 3295 1837 3359 est,
1857 3305 1893 3346 ex
1916 3307 1970 3365 quo

306 3374 407 3449 pedire
422 3371 567 3429 anselmus
577 3368 686 3424 dixerit.
702 3367 759 3423 Nec
774 3380 861 3434 mora,
878 3362 1027 3435 acquiescit
1042 3362 1113 3439 ipse,
1168 3370 1319 3425 monachus
1333 3369 1382 3441 lui,
1398 3370 1539 3427 saeenlaria
1553 3372 1663 3446 negotia
1677 3374 1746 3448 tagi,
1772 3392 1825 3435 nec
1848 3395 1970 3452 uuquam

306 3474 334 3523 et
349 3463 433 3521 corde
448 3459 736 3531 compunctuscuncta
751 3470 812 3527 quae
828 3451 1027 3509 virisententia
1052 3449 1114 3505 tulit
1169 3457 1209 3513 eis
1223 3474 1257 3513 εχ
1267 3467 1330 3515 ..010
1340 3458 1481 3516 intendere
1503 3460 1588 3531 pomi,
1606 3460 1670 3533 quia
1698 3463 1765 3519 nihil
1792 3465 1821 3521 in
1847 3467 1888 3523 eis
1910 3485 1971 3529 em

305 3572 336 3611 ⁸0
354 3554 499 3615 faciurum.
517 3562 602 3603 ”2⁰⁰0
618 3554 702 3601 101⁸?ss
718 3543 800 3601 tilam
820 3558 898 3598 ⁵⁰³¹ss
926 3541 954 3597 iu
980 3556 1113 3595 mansue·
1168 3554 1275 3603 constat
1290 3547 1361 3617 quod
1376 3563 1422 3604 me
1438 3548 1464 3603 in
1479 3563 1602 3606 amorem
1617 3557 1663 3605 aut
1688 3550 1899 3611 delectationem
1926 3559 1970 3615 sni

306 3642 404 3701 tudine
432 3647 458 3695 et
489 3636 591 3708 justitia
619 3634 736 3705 amplius
763 3640 933 3689 servaturum
957 3629 1111 3702 pollicetur·
1166 3634 1275 3691 flectere
1288 3642 1378 3708 queat.
1392 3634 1482 3705 Quare
1492 3636 1572 3693 sinite
1593 3653 1636 3693 me
1662 3653 1759 3709 pacem
1787 3640 1912 3713 labem
1941 3655 1970 3703 οι

306 3728 433 3805 Spondet
446 3728 473 3783 in
483 3728 534 3782 lioc
544 3723 626 3781 fidem
655 3739 742 3793 suam,
772 3730 798 3779 at
820 3722 904 3779 vades
931 3722 1003 3776 inter
1030 3736 1059 3774 sc
1086 3726 1114 3775 et
1166 3724 1287 3797 negotio,
1303 3724 1376 3795 quod
1395 3740 1531 3797 nunquam
1555 3725 1655 3794 amavi,
1683 3743 1718 3783 ue
1744 3742 1800 3784 uon
1827 3732 1967 3803 expedias,

306 3824 396 3879 Deum
419 3816 484 3874 lacit
495 3816 642 3888 episcopos
655 3828 729 3881 suos,
745 3811 854 3867 mittens
869 3810 914 3880 qui
938 3810 990 3865 boc
1018 3815 1111 3877 votum
1166 3813 1308 3886 implicare
1321 3811 1416 3869 nolite.
1431 3814 1474 3869 Tu
1486 3819 1585 3883 tamen,
1601 3814 1736 3886 inquiunt,
1747 3816 1893 3887 primatum
1908 3821 1964 3879 Bc·

305 3926 387 3967 suum
403 3897 976 3975 Deosuperaltaresuavicepromittant.
1006 3894 1111 3951 Scribi-
1166 3902 1259 3959 0105ae
1273 3901 1340 3957 11th
1354 3901 1482 3959 mium,
1495 3902 1625 3975 ,aij
1642 3903 1691 3960 εἰεί
1704 3920 1762 3975 pm
1776 3905 1804 3961 in
1830 3907 1875 3965 via
1901 3910 1965 3980 Dei,

306 4007 350 4055 tur
377 3995 497 4052 edictum
526 3990 658 4063 regioque
688 3988 779 4062 sigillo
812 3985 944 4055 firmetur,
981 3991 1112 4056 quatenus
1165 3990 1282 4047 dicendo
1297 3998 1324 4047 et
1337 3989 1519 4062 preacipiendo
1533 3990 1607 4062 quod
1620 3990 1761 4062 faciamus,
1776 4003 1803 4050 et
1824 4010 1891 4055 ecee
1919 3998 1968 4057 ubi

305 4084 410 4159 captivi
423 4081 650 4155 quicunquesunt
664 4076 774 4133 inomni
787 4074 974 4131 dominatione
994 4088 1044 4129 sua
1065 4088 1109 4129 re·
1165 4078 1418 4147 manusdamimug,
1434 4080 1508 4150 quod
1530 4081 1671 4151 „pluendo
1698 4091 1726 4137 ει
1753 4083 1967 4158 οωωρωῃᾱο

306 4177 445 4240 laxentur,
458 4168 552 4226 omnia
576 4166 670 4223 debita
697 4164 913 4221 irrevocabiliter
930 4162 1109 4233 remittantur,
1165 4185 1226 4241 quae
1239 4167 1354 4239 jusseris
1365 4183 1419 4226 non
1430 4166 1600 4225 deficiemus.
1618 4170 1659 4225 Tu
1669 4170 1727 4227 Deo
1742 4186 1792 4243 pro
1815 4174 1897 4232 uobis
1919 4178 1964 4235 in-

306 4258 584 4321 omnesolleusioues
598 4263 660 4311 ante
674 4254 732 4311 haec
747 4260 920 4326 perpetratae,
936 4250 1037 4308 indulta
1063 4267 1110 4307 re·
1166 4256 1255 4323 tende,
1271 4266 1297 4313 et
1311 4272 1362 4313 nos
1376 4256 1516 4313 secularia
1530 4263 1576 4313 tua
1589 4257 1765 4331 disponemus
1777 4277 1828 4332 pm
1843 4271 1878 4323 ts,
1907 4266 1966 4323 150.

307 4351 451 4417 missione,
467 4342 747 4419 perpeluaeoblivioni
768 4341 917 4398 tradantur.
949 4340 1111 4397 Promittun·
1164 4345 1295 4418 possibile
1309 4354 1359 4415 est,
1374 4344 1420 4413 ait,
1429 4343 1505 4416 quod
1519 4344 1610 4401 dicitis
1625 4364 1632 4401 :
1648 4346 1733 4403 abbas
1745 4364 1805 4405 sum
1831 4363 1966 4413 monaste.

306 4450 351 4498 ¹l¹l
364 4441 478 4510 insuper
490 4435 565 4493 ⁰¹¹¹¹¹i
580 4432 682 4507 P⁰ll¹¹l⁰
698 4432 775 4488 b⁰⁰ffi
790 4439 816 4487 ⁰¹
830 4436 930 4485 Slflclffl
958 4427 1043 4501 ledes,
1071 4430 1111 4487 in·
1165 4435 1200 4491 rii
1214 4434 1291 4507 regni
1302 4433 1424 4502 alterius,
1439 4432 1677 4505 archiepiscopum
1696 4436 1801 4493 habens
1828 4440 1872 4496 cui
1893 4440 1965 4499 ebe.

307 4527 447 4589 violabilis
461 4524 619 4583 observatio
630 4521 709 4594 juris,
725 4520 882 4590 injuriarum
897 4516 999 4591 gravis,
1010 4528 1037 4575 et
1050 4536 1111 4591 quae
1164 4523 1305 4589 dientiam,
1321 4530 1457 4577 terrenum
1472 4520 1625 4593 principem
1637 4522 1675 4593 (lt)
1691 4525 1737 4580 cui
1750 4525 1963 4599 subjectionem,

307 4624 409 4676 terreat
423 4622 543 4680 ceteros,
553 4610 725 4669 examinatio.
739 4606 1020 4677 Gaudeturacunctis,
1030 4608 1111 4664 bene·
1165 4612 1312 4668 monachos
1326 4608 1424 4683 quibus
1437 4609 1524 4667 debeo
1538 4610 1644 4667 consilii
1667 4618 1750 4683 atque
1776 4613 1870 4672 auxilii
1896 4618 1964 4674 sub·

307 4708 408 4765 dicitur
436 4704 510 4760 Dens
538 4700 660 4769 inistis,
689 4696 790 4754 obnixe
818 4703 909 4753 oratur
932 4710 982 4767 pro
1024 4696 1111 4753 saluto
1164 4699 1402 4757 ministrationem.
1424 4698 1473 4755 llis
1487 4698 1669 4755 omnibusita
1696 4716 1758 4756 sum
1783 4705 1910 4762 astrictus
1936 4717 1966 4766 at

308 4797 370 4855 ¹⁸1ss
386 4810 419 4851 ⁸⁰
434 4792 499 4849 ²³¹¹st
511 4789 594 4863 ”85³-
1120 4772 1150 4841 D
1163 4789 1373 4847 necmonaclios
1388 4786 1515 4843 deserere
1526 4786 1630 4858 possim
1643 4787 1702 4843 sine
1715 4787 1827 4846 illorum
1849 4806 1967 4853 cunm.

343 4886 449 4941 laterea
463 4880 524 4953 regi
538 4893 554 4934 a
568 4877 649 4935 bonis
662 4876 815 4949 quibusque
829 4872 958 4929 suadetur
979 4882 1112 4945 quatenus
1165 4878 1310 4946 sione,nec
1317 4892 1362 4933 me
1371 4892 1388 4931 a
1397 4874 1539 4933 dominatu
1546 4875 1676 4947 principis
1685 4875 1740 4935 mei
1749 4878 1855 4937 valeam
1865 4897 1967 4943 unere

307 4986 484 5033 communem
500 4969 582 5027 totius
596 4966 676 5039 regni
691 4971 807 5021 matrem
821 4961 987 5019 instituendo
1002 4962 1042 5018 illi
1065 4976 1113 5033 pa,
1165 4967 1224 5023 sine
1244 4967 1304 5038 ejus
1327 4964 1517 5036 permissione,
1546 4979 1598 5021 nec
1625 4964 1809 5023 obedientiam
1831 4971 1967 5042 pontificii

307 5071 420 5129 starem,
436 5060 524 5119 solvat
538 5072 554 5113 a
568 5055 686 5129 pristina
700 5052 841 5113 viduitate.
859 5051 999 5107 consentit
1013 5050 1109 5123 libens,
1165 5055 1222 5111 mei
1236 5053 1428 5127 subterfugere
1441 5068 1549 5124 queam,
1563 5068 1625 5109 cum
1644 5052 1733 5110 salute
1759 5055 1858 5116 animm
1881 5076 1959 5131 mm,

307 5161 334 5210 et
348 5152 438 5207 inboc
452 5145 572 5204 animum
601 5159 681 5200 suum
709 5141 811 5198 versari
840 5140 950 5195 latetur.
976 5138 1112 5210 Quaeritur
1166 5142 1269 5216 absque
1282 5142 1369 5215 ipsius
1381 5140 1561 5198 absolutione.
1576 5140 1617 5199 De
1641 5142 1684 5197 his
1707 5144 1845 5215 omuibus,
1869 5149 1964 5221 uiuat,

306 5235 470 5313 itaquequis
484 5236 537 5293 boc
559 5234 663 5291 bonore
690 5229 768 5303 iungi
791 5226 902 5300 dignius
928 5228 1023 5299 possit.
1055 5228 1112 5285 Sed
1165 5230 1225 5288 leve
1241 5230 1394 5297 eonsilium,
1410 5238 1438 5285 et
1460 5227 1546 5285 lucilia
1569 5229 1620 5285 erit
1646 5244 1774 5287 assensus
1800 5237 1963 5293 omnium..

267 5340 272 5351 ’
306 5328 413 5387 ⁰¹¹n⁰²i³
427 5324 461 5381 ld
486 5331 579 5380 nulum
604 5321 679 5394 ‘081³
702 5316 893 5392 Pendessfibuss
922 5318 1112 5390 prenunciavit
1166 5318 1292 5377 ditille:
1311 5315 1408 5375 «Nihil
1423 5316 1606 5389 estomnino;
1622 5333 1677 5375 non
1704 5320 1756 5376 erit
1782 5323 1857 5394 quod
1878 5325 1967 5387 inten-

961 5464 1177 5527 transsiluisti
1197 5466 1311 5527 NOTAE.

344 5628 385 5701 (a)
396 5621 566 5685 Grandevus
580 5626 638 5681 erat
652 5634 784 5679 annorum
799 5617 952 5694 sexaginta.
1163 5617 1246 5675 eierat
1259 5614 1353 5681 armis,
1382 5614 1499 5673 credidit
1515 5632 1555 5699 sc,
1584 5630 1619 5674 eo
1630 5621 1758 5699 propter
1783 5615 1964 5680 rebellionem

344 5702 382 5775 (b)
398 5698 535 5755 liobertus
549 5696 593 5752 hic
604 5694 659 5751 dux
674 5690 957 5755 Northmanniaeerat,
970 5684 1110 5745 Guillelmi
1164 5688 1288 5756 excluso,
1303 5702 1383 5760 posse
1397 5703 1448 5758 pro
1463 5686 1596 5744 arbitratu
1610 5688 1767 5760 disponere.
1790 5692 1844 5747 Sed
1873 5707 1964 5766 neque

310 5768 516 5845 conquestoris,
532 5774 561 5823 ut
576 5766 687 5835 dictum,
700 5762 900 5845 primogenitus
917 5776 923 5817 :
941 5760 983 5817 eui
1006 5758 1110 5816 North-
1164 5758 1392 5815 Nortbmanniam
1406 5758 1435 5814 in
1448 5772 1518 5830 pace
1531 5756 1666 5829 possedit,
1676 5758 1768 5816 omnia
1783 5762 1961 5834 agenteGuil·

310 5840 449 5899 manniam
460 5838 580 5897 moriens
593 5844 671 5909 pater
685 5834 833 5904 drmueret,
865 5838 959 5905 utpote
986 5830 1107 5888 haeredi·
1161 5829 1246 5886 lelmo
1259 5838 1288 5886 ut
1302 5843 1399 5961 aaa&³
1417 5844 1452 5886 ue
1466 5838 1544 5903 parte
1555 5830 1668 5887 fratrem
1681 5829 1845 5899 excluderet,
1868 5833 1908 5889 oti
1934 5841 1962 5892 et

311 5908 499 5987 tariojitraad
512 5914 769 5982 compeccantem
786 5905 821 5965 da
844 5902 905 5963 aliis
926 5916 987 5975 qna
1014 5900 1109 5975 acqui·
1164 5898 1231 5961 lecit
1246 5916 1326 5975 :quae
1439 5900 1728 5975 orthmanaistdnqli
1739 5908 1871 5962 tractant.
