4750 6725
194 537 198 630 l

281 568 329 624 Ill
892 569 960 626 tte.
983 569 1029 638 tv,
1053 569 1165 627 EPlST.
1187 572 1326 630 LXXXII.

504 693 676 754 herseela
689 695 838 751 LXXVIII.

344 797 466 840 assensu
477 801 513 840 au
530 799 660 842 strenuas
674 800 796 842 raroaau
814 801 847 840 er
860 797 1012 840 nouacuos

594 888 768 929 smnuuunr.

305 961 461 1018 desanaus
475 960 709 1034 archiepiscopus,
726 960 833 1018 dilectis
848 960 910 1017 liliis
932 969 960 1018 et
983 959 1074 1018 iratri-

267 1049 328 1104 bns.
345 1050 463 1106 Eurano
475 1049 569 1120 priori,
593 1058 620 1106 et
640 1050 702 1106 aliis
713 1050 740 1106 in
757 1049 886 1107 coenobio
902 1050 995 1105 Sancti
1017 1049 1075 1104 Ed-

268 1138 363 1194 mundi
380 1139 439 1194 Dee
452 1137 656 1207 famulantibus,
668 1140 783 1195 salutem
808 1146 835 1194 et
857 1138 1074 1195 benedictionem

194 1211 196 1288 ,¹
268 1227 357 1283 Dciet
373 1241 467 1282 susm.

301 1315 385 1384 Quod
399 1317 529 1374 hactenus
554 1333 597 1372 me
625 1315 797 1372 substraxia
819 1315 1012 1372 communione
1027 1313 1075 1370 do-

269 1403 337 1460 mini
354 1403 480 1474 liuberti,
496 1403 549 1461 teci
572 1411 682 1476 propter
700 1411 866 1476 praeceptum
891 1411 918 1459 et
940 1403 1069 1460 obedieu-

266 1493 334 1547 tiam
359 1491 466 1549 domini
489 1508 579 1566 papae.
616 1494 695 1549 Nunc
718 1501 808 1548 autem
830 1491 945 1562 jubente
976 1489 1073 1548 eodem

265 1580 478 1653 dominopspa,
506 1598 537 1638 ea
559 1581 665 1638 ratione
689 1597 742 1652 qua
765 1580 822 1653 ipse
847 1580 912 1635 mibi
936 1578 1072 1654 praecedita

264 1686 327 1726 eum
343 1669 373 1726 in
394 1685 490 1742 pacem
515 1678 543 1726 et
561 1670 780 1728 communionem
802 1670 920 1742 suscepi,
945 1675 974 1726 et
998 1667 1073 1724 robis

269 1758 480 1832 mandentque
495 1758 625 1831 praecipio
640 1766 669 1815 ut
682 1758 736 1830 ipsi
745 1758 874 1832 deinceps
898 1757 924 1814 iu
946 1757 1073 1814 omnibus

264 1847 428 1904 obedientes
449 1847 522 1914 sitis,
549 1856 576 1904 et
599 1847 625 1903 ei
650 1846 852 1904 confessionem
876 1853 903 1903 et
929 1847 983 1902 alia
1009 1863 1073 1918 quae

264 1936 368 1994 debent
382 1938 510 1993 monachi
525 1936 630 2007 abbati,
647 1935 764 2008 faciatis,
780 1952 831 1994 nec
846 1936 880 1992 ab
896 1936 934 1994 eis
956 1935 1072 1991 desista-

265 2026 308 2092 tis,
324 2025 378 2080 nisi
394 2026 490 2100 egeln
507 2026 601 2081 futuro
617 2025 682 2082 iude
705 2025 779 2082 aliud
804 2024 971 2098 praecipIam.
994 2025 1071 2098 llego
1086 2049 1112 2108 B

264 2122 358 2170 autem
382 2129 443 2184 ros,
468 2121 505 2184 et,
537 2114 627 2170 modis
651 2114 749 2185 quibus
779 2130 903 2186 possum,
930 2115 1022 2169 hortor
1046 2121 1073 2168 ot

264 2219 367 2260 moneo
390 2210 525 2276 quatenus
548 2203 655 2260 solliciti
679 2203 738 2258 sitis
771 2203 844 2259 circa
872 2201 1074 2258 observantiam

262 2291 371 2347 ordinis
385 2292 481 2361 vestri,
498 2297 525 2347 ut
541 2291 608 2346 nibil
623 2291 659 2348 de
674 2291 753 2348 vcbIs
778 2290 903 2348 audiatur
926 2291 978 2345 nisi
1001 2289 1075 2363 quod

263 2380 345 2437 decet
359 2379 450 2436 audiri
465 2381 499 2436 de
512 2379 592 2436 bonis
607 2381 749 2436 monachis
765 2389 791 2436 et
806 2379 876 2437 reris
898 2379 985 2437 serris
1013 2379 1072 2436 Dei.

264 2471 365 2526 Amen.

511 2558 679 2616 EPISTOLA
700 2559 824 2614 LXXIX.

321 2661 445 2704 nuncius
459 2664 658 2704 cuunracan'srs
673 2664 786 2704 reatris
801 2665 836 2702 au
851 2662 1017 2704 ausacuuu.

303 2736 549 2793 Reverendissimo
565 2737 646 2804 Patri,
670 2745 695 2793 et
712 2736 873 2793 dulcissimo
897 2736 988 2792 amIco
1015 2738 1074 2792 lla·-

267 2841 360 2882 sermo
377 2825 567 2882 cantuariensi
580 2824 799 2897 archiepiscopo,
814 2823 922 2896 suisque
937 2825 1073 2892 omnibus,

270 2914 358 2970 lroter
372 2914 454 2970 lluoo
468 2919 605 2986 peccator,
622 2913 808 2972 Cluniacensis
837 2913 933 2982 abbas,
959 2913 1074 2970 salutem

268 3011 297 3059 et
311 3003 372 3059 sine
389 3002 446 3060 fine
460 3003 604 3076 gaudium.

304 3091 443 3162 Quoniam
454 3107 617 3168 noveramus
630 3101 730 3164 quanta
743 3091 812 3148 inter
827 3107 877 3148 sos
891 3099 918 3148 ct
932 3091 1073 3148 dominum

266 3181 416 3254 llugonem
431 3181 640 3252 Lugdunensem
655 3181 907 3252 archiepiscopum,
939 3181 998 3237 lico
1022 3197 1073 3237 vo·

1880 573 1935 628 ata

1090 695 1277 756 Adireximus
1290 697 1326 754 ad
1339 706 1426 755 terras
1440 698 1500 754 illas
1522 697 1593 754 filios
1606 703 1726 764 nostros,
1741 703 1846 753 uestros
1869 713 1934 754 rere

1130 802 1224 842 servos
1243 794 1270 842 et
1292 785 1388 842 fideles
1402 786 1514 854 amicos,
1527 802 1579 858 pro
1592 786 1748 842 monasterii
1762 786 1848 842 nostri
1862 801 1936 841 com·

1130 876 1206 930 muni
1221 877 1341 949 negotio.
1358 875 1432 946 eros
1446 884 1545 933 restrae
1557 877 1693 933 sanctitati
1709 874 1933 932 commendantes

1130 965 1257 1020 voluimus
1270 974 1299 1020 ut
1313 966 1386 1037 quod
1401 966 1427 1020 iu
1438 967 1595 1040 regionibus
1610 965 1756 1020 illisacturi
1765 971 1930 1030 sunt,t'estro

1130 1063 1312 1126 exsequantur
1333 1055 1457 1121 consilio,
1478 1062 1621 1124 vestroque
1643 1053 1796 1108 muniantur
1818 1052 1929 1107 auxilie.

1129 1143 1169 1197 De
1198 1157 1282 1198 causa
1309 1142 1359 1197 lilii
1387 1144 1474 1197 nostri
1500 1143 1604 1198 domiui
1634 1141 1760 1204 Tbeardi,
1791 1141 1929 1212 praecipue

1130 1231 1247 1302 petimus
1261 1235 1292 1285 ut
1310 1231 1374 1303 quia
1388 1231 1515 1286 dominus
1540 1247 1611 1301 papa
1633 1230 1667 1285 de
1691 1230 1847 1284 ministerio
1868 1230 1928 1299 ejus

1129 1337 1239 1376 omnem
1267 1319 1295 1374 iu
1324 1324 1418 1376 vestro
1449 1320 1561 1375 arbitrio
1590 1320 1681 1390 posuit
1708 1318 1928 1390 dispositionem,

1130 1425 1234 1481 rosque
1248 1408 1272 1465 ei
1287 1409 1351 1464 dum
1367 1409 1455 1464 adhuc
1478 1414 1553 1463 esset
1574 1408 1600 1462 in
1616 1407 1734 1463 clericali
1753 1407 1847 1462 babitu
1871 1408 1926 1462 sic-

1128 1505 1157 1553 ut
1185 1499 1220 1554 ad
1243 1497 1302 1571 ipso
1326 1497 1478 1564 didicimus,
1495 1497 1669 1553 concessistis
1692 1495 1773 1551 totius
1787 1496 1929 1553 ministerii

1128 1587 1168 1642 sui
1189 1588 1357 1654 facultatem,
1381 1601 1454 1641 nunc
1478 1585 1557 1641 nobis
1579 1602 1640 1640 cum
1656 1586 1713 1641 Deo
1736 1584 1880 1640 miserante
1893 1586 1928 1640 ad

1128 1675 1309 1747 principalem
1324 1675 1452 1731 reductus
1470 1675 1534 1730 estis
1553 1674 1728 1748 dignitatem,
1753 1690 1803 1745 per
1824 1674 1929 1729 litteras

1127 1765 1247 1821 scribere
1262 1763 1396 1836 quidquid
1411 1763 1437 1820 ei
1452 1763 1607 1820 mandaturi
1623 1779 1714 1818 sumus
1729 1777 1785 1817 non
1800 1763 1928 1834 dedigne-

1128 1852 1205 1907 mini.
1223 1851 1346 1907 Gaudeat
1358 1867 1407 1923 per
1428 1850 1541 1923 longum
1566 1849 1695 1906 sanctitas
1714 1856 1804 1906 vestra
1824 1865 1930 1906 memor

1126 1940 1222 1996 nostri.

1373 2027 1543 2084 EPISTOLA
1558 2029 1686 2084 LXXXI.

1293 2132 1415 2172 aasabim
1429 2133 1464 2172 ao
1480 2134 1616 2173 acconen
1631 2133 1762 2173 coarmari.

1163 2219 1314 2272 llrrsacarus
1328 2216 1560 2286 archiepiscopus,
1576 2216 1690 2272 domino
1706 2225 1731 2272 et
1747 2217 1835 2272 emico
1860 2219 1927 2274 clre-

1129 2306 1236 2360 rissimo
1257 2305 1369 2360 Heaoar
1397 2303 1499 2370 comiti,
1516 2305 1632 2359 sulutem
1652 2313 1679 2361 et
1702 2305 1926 2363 benedictionem

1127 2391 1179 2446 Dei
1195 2398 1222 2444 et
1238 2405 1329 2444 suam.

1165 2480 1246 2533 Later
1259 2478 1445 2550 praesentium,
1462 2480 1611 2535 monachus
1631 2477 1825 2549 ClunIacensis,
1855 2496 1928 2550 quae·

1128 2567 1195 2622 ritur
1209 2567 1282 2638 quod
1293 2582 1343 2621 vos
1359 2567 1470 2638 cepistis
1484 2574 1510 2622 et
1525 2567 1693 2637 inceptione
1707 2569 1805 2623 tenetis
1829 2585 1927 2638 quem-

1129 2656 1192 2711 dam
1226 2657 1389 2710 monachum
1414 2655 1634 2724 cluniacensem,
1659 2665 1685 2712 et
1717 2656 1800 2712 alium
1824 2657 1929 2713 noviter

1129 2747 1292 2800 monachum
1307 2742 1416 2811 Iactum,
1432 2752 1514 2815 atque
1533 2743 1701 2813 defunctum,
1718 2744 1752 2800 od
1775 2744 1931 2800 bominibus

1129 2835 1226 2888 restris
1255 2833 1401 2899 sublatum,
1421 2841 1447 2887 et
1466 2832 1512 2888 ubi
1527 2833 1567 2888 eis
1591 2832 1692 2904 placuit
1709 2849 1768 2890 esse
1783 2834 1928 2905 sepultum.

1129 2923 1198 2983 llaec
1212 2922 1235 2977 si
1257 2921 1293 2977 ita
1307 2938 1337 2977 se
1356 2921 1468 2988 babent,
1493 2922 1607 2978 multum
1631 2921 1712 2979 doleo
1737 2923 1801 2978 inde
1817 2926 1930 2995 propter

1128 3026 1187 3082 vos,
1203 3010 1266 3081 quia
1280 3010 1360 3066 ualde
1375 3011 1454 3066 aliter
1477 3011 1551 3067 facta
1573 3019 1635 3066 sunt
1649 3027 1729 3082 quarn
1744 3027 1794 3068 vos
1822 3012 1927 3068 deceat.

1128 3100 1206 3156 Unde
1221 3101 1331 3167 mando,
1348 3114 1454 3170 precor,
1471 3107 1498 3154 et
1512 3099 1622 3155 consulo
1636 3099 1724 3170 vobis,
1740 3100 1809 3156 sicut
1829 3102 1928 3171 emico,

1128 3194 1262 3259 quatenus
1291 3189 1456 3243 monachum
1484 3204 1566 3260 quem
1593 3189 1700 3257 tenetis,
1729 3189 1846 3245 reddere
1874 3204 1931 3247 non

265 3269 353 3338 lente,
370 3269 511 3325 exstiterat
522 3268 706 3336 familiaritas,
722 3269 836 3342 dignum
848 3269 976 3325 duximus
995 3269 1075 3325 vobis
1127 3277 1286 3338 memmium
1312 3283 1339 3332 et
1360 3277 1424 3348 quia
1438 3293 1499 3331 eum
1522 3276 1640 3348 cepistis,
1670 3277 1791 3334 oderatis
1819 3294 1867 3334 ros
1893 3280 1930 3335 ad

264 3357 692 3432 Siffssffitfflreel'llsdssfflobllffls
709 3357 971 3415 ¹¹⁰bi⁵0i⁰1¹¹ssib¹1⁸
991 3357 1071 3415 bonis
1125 3366 1316 3423 rectitudinem
1345 3366 1409 3421 inde
1433 3366 1587 3423 faciendam
1621 3367 1716 3423 llouor
1743 3369 1816 3423 enim
1839 3377 1930 3424 uester

263 3446 330 3503 vir-is
345 3462 458 3520 gravem
475 3455 502 3503 et
515 3447 761 3519 irrecuperabiliter
784 3446 942 3517 dolendum,
972 3455 1069 3520 quate·
1126 3464 1220 3511 estut
1247 3457 1300 3511 boc
1315 3454 1429 3511 faciatis.
1458 3454 1558 3511 Postea
1571 3470 1637 3512 vero
1651 3456 1674 3510 si
1688 3456 1790 3528 aliquid
1818 3456 1927 3514 habetis

262 3550 315 3591 nus
329 3540 360 3591 et
374 3552 423 3607 per
440 3551 491 3595 ros
505 3544 533 3593 ct
546 3552 596 3608 per
614 3545 728 3601 vestros,
754 3552 848 3593 veram
872 3552 954 3608 quarn
975 3537 1069 3593 virens

262 3625 392 3681 exhibuit
415 3624 599 3694 dilectionem,
623 3642 694 3681 nunc
717 3624 741 3682 ei
764 3624 894 3682 defuncto
922 3640 1068 3697 repensare

261 3714 407 3787 satagatis.
423 3713 498 3769 Obiit
513 3712 628 3769 enimin
657 3730 723 3785 pace
738 3714 824 3771 Nonis
845 3714 972 3771 Octobris
995 3714 1068 3785 apud

265 3803 406 3872 Scusiam,
419 3802 483 3859 dum
500 3802 552 3859 iret
565 3802 600 3858 ad
616 3803 772 3871 apostolicae
795 3803 946 3859 vocationis
969 3803 1066 3859 conci-

265 3890 345 3959 lium,
363 3890 542 3963 sepultusque
553 3898 594 3947 est
607 3891 707 3947 ibidem
723 3892 788 3948 satis
798 3892 911 3949 honeste
926 3890 1068 3947 inabbatie

264 3980 358 4037 Sancti
388 3980 470 4035 Iusti.
492 3980 620 4037 Vestram
643 3984 734 4036 autem
757 3980 938 4037 reverentiam
960 3978 1066 4052 plenius

259 4084 378 4125 noscere
394 4068 594 4135 desideramus,
625 4076 774 4140 vestraeque
799 4068 984 4141 prosperitatis
997 4086 1066 4125 nun·

262 4157 298 4213 tio
314 4156 498 4213 abundantius
512 4155 657 4228 laetificari,
673 4173 735 4215 curn
756 4174 817 4215 sese
839 4167 946 4231 tempus
968 4159 1064 4215 locus-

261 4262 314 4317 que
329 4254 501 4318 opportunus
515 4246 654 4303 extulerit.
684 4246 805 4303 Christus
829 4248 918 4316 Iesus,
940 4246 1063 4303 Pontifex

258 4350 393 4401 summus,
410 4333 440 4389 in
453 4334 579 4391 omnibus
593 4338 721 4407 operetur
736 4336 888 4392 uobiscum.

505 4464 684 4524 EPlSTOLA
699 4466 815 4523 LXXX.

490 4571 617 4613 annonis
648 4569 685 4611 an
713 4570 839 4613 ananau.

291 4645 487 4701 Amantissimo
511 4654 592 4718 etque
613 4646 735 4719 glorioso
760 4646 842 4713 Patri,
866 4645 978 4703 domiuo
1001 4649 1061 4701 Aa·

1123 3561 1205 3616 super
1226 3545 1390 3599 monachum
1411 3543 1502 3610 istum,
1527 3544 1678 3600 clamorem
1694 3544 1758 3600 inde
1777 3543 1869 3613 facite,
1899 3552 1927 3601 et

1123 3632 1169 3688 bet
1183 3632 1263 3689 vobis
1277 3632 1341 3687 inde
1356 3632 1428 3702 quod
1457 3630 1517 3687 fieri
1542 3632 1616 3703 juste
1641 3632 1732 3687 debet.
1748 3632 1789 3687 De
1816 3641 1924 3690 mortuo

1122 3737 1231 3793 quoqne
1245 3720 1358 3776 consulo
1370 3728 1399 3774 ut
1413 3719 1539 3775 similiter
1551 3735 1601 3775 vos
1615 3719 1650 3774 ad
1665 3726 1768 3776 rectum
1792 3718 1922 3790 offeratis,

1121 3818 1148 3865 et
1163 3809 1249 3864 sicubi
1261 3809 1360 3879 justius
1374 3824 1434 3863 esse
1444 3808 1534 3864 debet.
1551 3808 1729 3865 Familiariter
1743 3814 1833 3863 autern
1861 3808 1922 3865 dico

1120 3898 1210 3965 robis,
1238 3897 1307 3953 sicut
1325 3897 1428 3953 homini
1458 3896 1534 3967 eoJus
1570 3898 1701 3953 lionorem
1724 3906 1751 3953 et
1777 3896 1922 3953 utilitatem

1120 3986 1234 4042 multum
1250 4001 1322 4054 emo,
1338 3986 1401 4057 quic
1415 3986 1439 4039 si
1453 4002 1507 4041 non
1522 3985 1639 4042 feceritis
1661 3986 1733 4057 quod
1755 3985 1827 4052 dieo,
1856 3986 1920 4043 inde

1118 4074 1392 4146 blasphemabimiui;
1411 4083 1438 4130 et
1453 4090 1505 4147 ogo
1520 4075 1602 4130 etiam
1629 4074 1651 4129 si
1666 4092 1721 4131 non
1742 4074 1832 4131 fecero
1847 4078 1920 4147 quod

1118 4162 1304 4221 ecclesiastice
1318 4162 1463 4235 disciplina
1476 4164 1600 4235 praecipit
1612 4163 1675 4219 inde
1690 4164 1759 4228 fieri,
1784 4180 1800 4218 a
1827 4165 1919 4221 moltis

1118 4251 1342 4324 blasphemabor.
1358 4251 1452 4309 Saluto
1467 4269 1581 4309 uxorem
1595 4260 1713 4309 vestram
1741 4252 1825 4310 filiam
1854 4256 1917 4309 cba-

1118 4340 1254 4397 rissimam
1269 4356 1372 4396 meam.

1299 4454 1382 4524 447
1404 4454 1573 4513 EPIS'IOLA
1591 4456 1726 4511 LXXXll.

1201 4558 1325 4601 ausam
1338 4556 1375 4598 an
1390 4556 1534 4597 uanatcurr
1553 4556 1648 4596 asceta
1666 4556 1828 4596 mobonnai.

1152 4654 1279 4708 Hanarco
1294 4648 1378 4722 gratia
1400 4647 1449 4703 Dei
1468 4646 1591 4720 glorioso
1619 4647 1678 4719 regi
1706 4646 1859 4719 anglorum
1886 4654 1913 4703 et

256 4750 359 4801 sabao,
393 4734 547 4791 venerabili
574 4733 811 4791 Cantuaricnsium
839 4734 1058 4807 archiepiscopo,
1073 4761 1099 4823 D
1117 4742 1177 4799 duci
1193 4742 1452 4802 Nortbmannorum,
1464 4739 1615 4791 desanaus
1629 4734 1858 4807 archiepiscopus,
1884 4734 1915 4789 li-

256 4822 431 4879 iraterlluco
446 4830 585 4895 peccator,
611 4820 799 4879 ClunIacensis
821 4823 915 4891 abbas,
940 4824 1057 4881 salutern

255 4912 356 4967 mentis
372 4918 398 4967 et
413 4912 539 4984 corporis
552 4911 580 4967 in
595 4910 712 4978 Christo,
728 4917 754 4967 et
766 4910 824 4967 sinc
840 4912 892 4967 line
912 4912 1057 4985 gaudium.

288 5000 440 5071 Postquam
456 5016 472 5057 a
487 4999 567 5055 nohis
595 5000 771 5067 discessistis,
797 5001 840 5058 vir
867 5002 925 5058 Deo
948 5001 1056 5071 dilecte,

254 5088 430 5161 neqnirImus
446 5089 587 5161 percipere
601 5088 666 5159 quid
691 5088 821 5145 acciderit
843 5090 978 5148 sanctitati
1006 5108 1056 5150 re-

253 5186 325 5241 strae;
354 5178 408 5233 hoc
432 5180 523 5233 lernen
552 5175 585 5233 de
612 5177 662 5233 Dei
690 5178 876 5235 misericordia
903 5194 1055 5252 speremus,

255 5268 315 5337 quia
330 5265 487 5337 ubieunque
502 5272 597 5323 vestra
611 5266 708 5339 religio
723 5266 813 5336 luerit,
837 5267 958 5325 divitium
980 5270 1056 5325 auxi-

254 5354 318 5411 lium
333 5362 436 5428 praesto
451 5354 585 5411 habuerit.
601 5352 670 5424 Quis
684 5354 755 5411 enim
774 5372 891 5427 unquam
907 5365 951 5414 tan
973 5358 1054 5415 inhu-

256 5461 351 5500 manus
366 5443 459 5511 luerit,
474 5444 673 5517 quipostuuam
696 5448 827 5517 expertus
849 5446 931 5503 luerit
959 5446 1055 5503 dulce-

256 5534 348 5589 dinem
365 5531 452 5589 rostri
467 5531 605 5604 colloquii,
622 5548 670 5588 vos
686 5534 858 5606 nonrecipiat
870 5544 896 5590 et
909 5541 1055 5593 veneretur

1112 4833 1175 4889 dele
1189 4828 1329 4886 servitium
1342 4843 1403 4883 cum
1412 4824 1538 4882 fidelibus
1552 4824 1730 4890 orationibus,
1752 4831 1779 4880 et
1802 4838 1914 4896 semper

1112 4922 1146 4977 ad
1162 4918 1267 4990 majora
1282 4923 1311 4975 et
1334 4916 1448 4973 meliore
1476 4928 1609 4982 crescere,
1637 4921 1665 4969 et
1692 4928 1828 4986 nunqnam
1856 4913 1908 4969 de-

1111 5024 1250 5068 crescere.

1148 5097 1262 5155 Gaudeo
1271 5103 1298 5153 et
1320 5094 1423 5166 grades
1450 5107 1513 5165 ego,
1531 5097 1631 5162 quanto
1659 5090 1758 5149 effectu
1784 5108 1904 5164 pessum,

1110 5190 1179 5255 Deo,
1196 5201 1211 5242 a
1226 5200 1281 5261 quo
1295 5184 1368 5241 bona
1380 5189 1478 5239 cuncta
1492 5182 1652 5252 procedunt,
1668 5197 1719 5254 pro
1734 5188 1824 5240 restra
1839 5198 1907 5253 pro-

1110 5277 1243 5350 speritate
1257 5282 1285 5329 et
1298 5288 1348 5343 pro
1362 5270 1457 5327 vestris
1479 5270 1658 5327 successibus.
1684 5270 1797 5329 Gaudeo
1825 5272 1907 5328 etiam

1109 5375 1136 5423 ct
1150 5363 1254 5438 gratias
1267 5376 1322 5434 ago
1341 5376 1376 5415 ex
1390 5359 1487 5414 intimo
1511 5358 1603 5429 corde,
1618 5359 1691 5431 quia,
1707 5376 1769 5417 curn
1787 5376 1906 5433 prospe-

1109 5454 1186 5511 ritate
1203 5460 1318 5518 terrcna,
1334 5448 1429 5506 siccor
1443 5456 1561 5503 restmm
1576 5464 1624 5503 sua
1645 5448 1735 5521 gratia
1758 5450 1903 5520 illuminat,

1108 5551 1138 5599 ut
1152 5540 1218 5597 nihil
1234 5540 1260 5593 in
1274 5536 1417 5595 beneticIis
1432 5536 1494 5608 ejus
1520 5545 1547 5593 et
1569 5536 1691 5610 proiectu
1706 5547 1809 5603 vestro,
1825 5540 1905 5595 robis

255 5622 332 5693 quasi
354 5621 485 5695 angelum
510 5622 586 5677 Dcit
606 5621 684 5679 Unde
705 5638 764 5689 uos,
780 5623 1050 5699 licetsetisiudigni,
1106 5639 1151 5687 aut
1166 5627 1295 5685 humanis
1310 5626 1420 5694 viribus,
1450 5625 1498 5681 sed
1527 5633 1613 5683 totum
1634 5627 1690 5695 ejus
1711 5627 1905 5685 misericordie.

254 5707 761 5781 divinamImploramusclamandam,
776 5713 865 5785 utqui
884 5714 963 5770 robis
990 5724 1052 5772 tan·
1107 5716 1252 5790 imputetis,
1267 5723 1293 5771 et
1316 5714 1380 5789 quia
1403 5731 1498 5787 pacem
1522 5723 1548 5770 et
1576 5714 1727 5771 libertatem
1761 5716 1902 5784 Ecclesiae,

255 5809 307 5857 tam
322 5799 443 5874 gratiam
458 5796 571 5855 contulit
581 5798 608 5854 iu
623 5799 713 5870 terris,
729 5799 790 5873 ipse
804 5801 882 5859 vobis
905 5805 1054 5863 concedere
1109 5805 1283 5881 quantumin
1305 5804 1384 5861 robis
1411 5811 1462 5872 est,
1477 5803 1642 5877 promittitis,
1657 5804 1685 5858 in
1709 5819 1763 5876 quo
1790 5803 1904 5859 multum

194 5880 195 5921 t
255 5890 383 5961 dignetur
393 5896 525 5947 artemam
541 5886 656 5961 gloriam
671 5876 697 5947 th
713 5890 798 5947 culis.
818 5888 850 5949 Et
865 5909 944 5963 nunc,
964 5892 1055 5963 Pater,
1109 5911 1206 5971 precor
1220 5903 1246 5951 et
1271 5894 1392 5962 consulo,
1408 5893 1476 5949 sicut
1497 5892 1585 5947 tidelis
1606 5900 1704 5960 vester,
1719 5900 1751 5976 ut
1776 5907 1904 5975 persore-
