4750 6725
319 586 376 641 721
980 590 1061 645 vtTa
1076 589 1105 645 S.
1121 590 1297 648 wilcium.
1919 602 1974 655 722

301 708 423 787 ,aliquis
436 709 567 766 canonice
582 711 724 767 ordinatus
738 721 887 783 supererat,
899 721 1014 785 excepto
1037 714 1121 770 Wiue
1135 718 1162 779 Α
1177 733 1258 777 causa
1278 728 1386 775 vetante
1396 720 1566 776 confirmant.
1585 720 1655 791 Quid
1668 722 1755 795 igitur
1768 722 1871 795 negotii
1900 726 1979 781 tenor

319 796 687 855 occidentaliumSasonnm
711 801 851 873 episc-opo.
876 801 1013 857 hilbertus
1035 802 1125 874 siqui·
1176 807 1327 863 intenderet
1345 808 1411 865 socii
1439 808 1573 880 pontificis
1601 810 1794 883 intelligentes,
1837 811 1979 883 premissa

320 886 400 953 dem,
416 885 493 956 cnjus
505 887 589 958 paulo
603 896 665 944 aute
680 890 853 956 meminibus,
869 890 964 947 relicta
986 890 1125 955 Brittania,
1176 896 1372 968 supplicatione
1384 898 1417 952 ad
1446 898 1594 953 Dominum
1622 914 1699 953 arma
1721 899 1863 971 arripiunt,
1891 900 1979 973 magis

322 972 472 1030 Parisiecce
486 974 604 1030 civitatis
628 976 814 1047 episcopatum
835 976 943 1032 sortitus
967 985 1035 1033 erat.
1059 979 1126 1033 Cum
1177 985 1298 1039 rulentcs
1321 1001 1397 1041 more
1424 986 1548 1042 vivorum
1578 986 1683 1043 fortiter
1707 986 1779 1043 bello
1807 988 1973 1045 occumbere

321 1063 411 1135 igitur
424 1062 463 1118 ita
482 1078 511 1119 ae
526 1080 569 1120 res
580 1064 707 1134 habebat,
725 1064 797 1135 quod
812 1066 953 1137 petebatur
964 1081 1013 1121 rex
1029 1082 1126 1136 prom·
1176 1089 1257 1145 quem
1273 1073 1372 1145 ignava
1387 1074 1542 1145 captivitate
1553 1074 1684 1149 longioris
1714 1076 1775 1131 vice
1806 1077 1894 1146 aprutio
1920 1094 1978 1133 ser·

319 1152 450 1222 plissime
464 1152 566 1219 annuit,
582 1160 609 1207 ct
622 1154 735 1210 consitio
750 1153 886 1224 patrissui
907 1154 990 1209 Osnii
1014 1154 1125 1210 beatum
1176 1162 1266 1218 rundo
1280 1162 1440 1233 producere.
1471 1163 1548 1233 Quod
1578 1166 1623 1220 ubi
1652 1166 1802 1236 apagauis
1826 1166 1977 1237 cognitum,

322 1240 436 1294 Patrem
452 1240 486 1296 ad
502 1256 596 1313 regem
612 1241 761 1297 Galliarum
781 1242 889 1312 direxit,
902 1258 1005 1314 rogans
1019 1250 1046 1297 ct
1072 1243 1125 1299 ob·
1177 1251 1263 1305 aciem
1279 1252 1614 1324 struere,acinpopulum
1639 1254 1747 1309 Domini
1774 1254 1827 1309 tela
1856 1253 1979 1327 dirigere

318 1343 434 1383 sectans
449 1338 581 1401 qnatenus
594 1328 683 1385 virum
698 1330 845 1386 honorilice
861 1331 1023 1404 susciperet,
1046 1340 1127 1402 atque
1177 1337 1347 1394 festinabant.
1364 1340 1446 1395 Stans
1462 1357 1570 1415 quoque
1584 1342 1712 1413 princeps
1726 1341 1896 1398 sacerdotum
1915 1342 1979 1396 ido-

320 1415 351 1471 in
376 1416 493 1488 gradum
518 1417 691 1489 pontificatus
718 1435 766 1473 sua
794 1418 956 1476 auctoritate
983 1418 1126 1475 sublimari
1176 1426 1289 1483 lointriae
1304 1443 1394 1484 coram
1410 1430 1525 1501 paganis
1539 1432 1567 1485 in
1582 1431 1684 1487 tumulo
1695 1430 1815 1497 excelso,
1832 1431 1887 1485 suis
1916 1446 1977 1486 ma-

320 1504 500 1577 praeciperel.
519 1506 610 1579 igitur,
622 1514 701 1578 prout
715 1506 829 1579 dignum
847 1505 907 1576 suit,
923 1524 939 1562 a
954 1522 1020 1579 rege
1035 1508 1125 1563 hono·
1176 1515 1245 1589 ginis
1261 1516 1485 1573 incantationibus
1504 1533 1566 1575 suos
1593 1520 1669 1591 quasi
1695 1518 1884 1575 benedicendo
1907 1533 1977 1575 con-

319 1592 402 1649 rifice
416 1593 571 1666 suscipitur,
588 1596 623 1649 ad
636 1594 785 1650 hilbertnm
799 1596 956 1666 episcopum
971 1610 1032 1652 cnm
1051 1610 1127 1650 man·
1178 1603 1285 1673 tornare,
1302 1605 1598 1663 acsociostumulillei
1615 1605 1802 1663 maledicendo
1834 1606 1979 1679 satagebat

324 1682 401 1737 datis
415 1682 555 1755 dirigitur,
569 1682 710 1755 qulbttsul
721 1699 829 1738 summa
841 1683 1050 1741 honorificentia
1063 1699 1126 1740 set·-
1176 1707 1316 1749 enervare,
1346 1694 1394 1750 Cui
1427 1694 1503 1765 operi
1526 1712 1586 1751 cum
1615 1702 1745 1766 quantum
1772 1711 1821 1750 sua
1840 1695 1978 1767 intererat,

321 1784 390 1863 vum
409 1770 521 1826 Domini
549 1772 585 1825 ad
613 1772 734 1827 ordinem
763 1772 939 1843 episcopatus
963 1780 1127 1844 promoveat
1176 1797 1283 1838 summo
1299 1782 1389 1838 studio
1401 1791 1503 1851 mente,
1528 1799 1596 1840 voce
1618 1798 1755 1853 canaanque
1784 1791 1915 1853 vacasset,
1936 1785 1979 1853 ju·

319 1858 445 1929 jubetur.
462 1857 513 1928 Qui
526 1860 663 1915 mandatis
677 1860 814 1932 gratiosus
828 1859 1035 1931 obtemperans,
1062 1876 1125 1917 011¹ss
1176 1871 1310 1926 vcnculus
1325 1870 1434 1943 quidam
1448 1872 1569 1927 minister
1583 1872 1760 1928 homiuisbei
1769 1872 1850 1926 lunda
1859 1871 1979 1941 lapidem

321 1948 536 2019 cooperantibus
546 1948 672 2003 undecim
686 1949 822 2022 episcopis
848 1948 998 2006 honorifice
1025 1964 1124 2006 conse-
1173 1958 1250 2030 jecit,
1266 1968 1293 2015 et
1317 1960 1443 2017 eumdem
1471 1976 1581 2033 magum
1611 1962 1724 2031 trajecta
1748 1960 1835 2016 fronte
1868 1959 1979 2029 dejecit,

322 2036 424 2093 aravit.
1138 2048 1318 2129 Bexstinxit.
1335 2049 1425 2104 Rediit
1440 2064 1501 2104 mox
1517 2048 1550 2103 ud
1574 2050 1734 2105 memoriam
1758 2048 1808 2105 viri
1836 2048 1886 2103 Dei
1910 2049 1981 2103 anti·

362 2141 861 2215 18.Qnopostordinatiouemsuam
886 2144 913 2200 in
935 2144 1125 2202 transmarinis
1178 2153 1263 2208 quum
1277 2154 1328 2208 11⁰r
1342 2138 1430 2193 Dalid
1445 2138 1545 2193 sallum
1560 2138 1587 2191 in
1603 2137 1708 2194 Goliam
1724 2137 1887 2195 miraculum
1916 2136 1980 2202 Dei,

322 2232 452 2305 partibus
466 2232 634 2302 demorante,
651 2233 798 2305 liquorum
826 2242 907 2290 secte
934 2234 1054 2306 pravitas
1074 2249 1125 2303 per
1179 2242 1241 2281 cum
1252 2225 1340 2282 subito
1355 2226 1423 2281 mira
1439 2240 1607 2298 paganorum
1619 2226 1752 2281 tumultus
1767 2224 1894 2293 exoritur,
1914 2226 1982 2280 etin

321 2338 389 2377 aum
405 2321 510 2394 pridem
521 2321 626 2378 detecta
641 2321 727 2379 inerat
738 2331 819 2395 atque
835 2320 951 2392 dejecta,
966 2322 1123 2392 rependen-

322 2410 423 2466 darum
452 2410 609 2481 iujuriamm
635 2427 695 2467 sese
723 2410 781 2480 jam
809 2418 917 2482 tempus
942 2418 1125 2481 opportunum

322 2500 465 2570 accepisse
483 2504 622 2571 putantes,
638 2515 731 2572 regem
740 2498 861 2556 Osvvium
874 2498 1047 2554 fraudulenta
1065 2497 1124 2553 cai-

322 2588 432 2644 liditate
446 2588 642 2644 couvenientes
648 2588 872 2659 circumveniunt,
884 2586 1125 2643 circumveniendo

321 2676 353 2732 in
368 2692 430 2732 earn
444 2676 605 2733 sententiam
621 2678 729 2748 ducunt,
743 2686 873 2750 quatenus
893 2676 1031 2731 Ceaddam
1047 2676 1125 2731 Ebo-

322 2781 399 2821 racae
409 2764 529 2821 civitatis
548 2764 707 2837 episcopum
730 2764 787 2820 fieri
813 2764 917 2835 jubeat,
942 2779 977 2820 ne
1000 2762 1126 2819 Ecclesia

321 2852 427 2909 diutius
453 2861 563 2910 carente
599 2862 709 2924 pastore
732 2852 800 2909 iidcs
837 2852 938 2908 Christi
975 2851 1126 2923 quamlibet

318 2943 458 3013 jacturam
469 2942 586 2999 incurrat
595 2959 601 2997 :
611 2941 761 3013 presertim
771 2957 833 2998 cum
848 2940 964 3013 penitus,
987 2939 1123 3014 inquiunt,

321 3030 467 3103 ignoretur
478 3028 685 3103 quoWiliridus
699 3030 848 3101 devenerit,
872 3045 951 3102 quom
979 3028 1015 3084 ad
1040 3029 1125 3099 ipsius

320 3120 454 3178 Ecclesiae
468 3119 590 3193 regimen
605 3119 787 3176 ordinandum
803 3120 829 3173 in
853 3118 970 3175 Galliam
998 3116 1125 3172 Aliridus

320 3208 434 3266 direxit.
452 3209 509 3265 Hac
524 3210 644 3281 ipsorum
665 3208 781 3265 versutia
808 3224 858 3263 rex
882 3205 989 3263 Osvvius
1017 3206 1123 3261 inc-aute

1179 2314 1391 2385 discerptionem
1408 2314 1567 2371 Christianae
1581 2315 1668 2386 partis
1683 2314 1755 2369 vires
1771 2314 1894 2369 omnium
1914 2328 1983 2369 ere·

1179 2408 1283 2455 rantur.
1300 2397 1373 2468 Quid
1382 2398 1491 2470 plura‘.l
1506 2398 1650 2473 insurgunt
1677 2399 1758 2468 acies,
1785 2396 1864 2452 miles
1884 2394 1982 2452 Christi

1179 2504 1240 2544 sere
1255 2489 1401 2559 prosternit
1416 2488 1442 2542 in
1458 2502 1568 2557 preces;
1585 2487 1702 2542 Domino
1722 2494 1812 2542 autem
1842 2500 1895 2557 pro
1925 2484 1982 2540 suis

1179 2586 1328 2650 pugnante,
1345 2576 1456 2631 inimica
1467 2591 1563 2631 manus
1578 2575 1691 2630 contusa
1706 2580 1735 2631 et
1747 2576 1821 2630 ricta
1849 2572 1977 2631 discedit.

1180 2666 1235 2721 Sed
1250 2672 1311 2736 post
1326 2664 1463 2737 paululum
1479 2664 1661 2735 multiplicior
1675 2664 1702 2718 in
1717 2662 1834 2735 idipsum
1849 2662 1982 2718 etimma·

1179 2754 1240 2809 nior
1254 2754 1333 2823 redit,
1344 2753 1431 2809 aciem
1446 2752 1533 2823 struit,
1550 2752 1603 2808 tela
1621 2752 1649 2806 in
1662 2766 1777 2808 vacnum
1800 2751 1901 2823 dirigit.
1917 2751 1981 2806 Tela

1179 2858 1234 2898 non
1248 2858 1330 2899 vacua
1344 2840 1451 2912 recipit,
1466 2856 1531 2913 pars
1547 2840 1669 2895 maxima
1682 2840 1744 2909 rnit,
1761 2847 1786 2896 et
1798 2838 1983 2910 parsresidua

1181 2931 1259 3003 fugit.
1275 2930 1309 2985 Et
1323 2930 1390 3003 quid
1404 2930 1586 2999 morantium
1608 2929 1686 2985 tertio
1711 2928 1774 2984 victi
1803 2944 1864 2983 cum
1890 2944 1918 2983 sa
1947 2925 1982 2983 ad

1180 3014 1305 3093 quartum
1319 3018 1445 3090 praelinm
1461 3033 1523 3074 cum
1539 3034 1604 3090 rege
1619 3032 1668 3072 suo
1692 3024 1889 3089 prepararent,
1919 3030 1982 3071 me-

1179 3108 1237 3164 ritis
1251 3108 1323 3163 beati
1339 3106 1462 3163 Wiltridi
1477 3106 1561 3161 multo
1577 3112 1639 3161 ante
1651 3107 1748 3161 horam
1764 3118 1840 3160 mare
1868 3103 1979 3171 eiilnxit,

1179 3212 1277 3252 navem
1294 3194 1399 3263 ontulit,
1414 3202 1574 3251 etsauctum
1598 3193 1648 3249 Dei
1675 3209 1736 3249 cum
1765 3191 1893 3249 omnibus
1914 3191 1980 3261 suis,

320 3306 484 3372 praereptus,
501 3296 564 3354 dato
577 3299 693 3370 praelato
704 3294 1048 3370 CeaddaeipsiusEcclesiae
1057 3309 1123 3366 pon·
1180 3278 1480 3352 butillu⁰⁸⁰¹⁰fflm⁰d0
1495 3294 1528 3334 θ’(
1550 3276 1631 3333 8οὓἦῦ
1659 3276 1783 3348 perflui-‘u
1802 3290 1931 3349 l³¹'⁰⁵l)ere
1953 3274 1981 3331 5¹¹

320 3388 433 3459 titicatu,
450 3387 521 3442 misit
544 3403 606 3444 eum
635 3385 756 3442 Cantiam
783 3386 811 3441 in
838 3385 954 3459 gradum
976 3383 1122 3440 sacerdotii
1179 3369 1331 3426 sandicum
1346 3377 1454 3442 portum
1477 3368 1575 3425 evelli·
1605 3365 1685 3436 Ql¹⁰d
1712 3365 1815 3422 inimici
1845 3365 1978 3430 videntes,

319 3477 550 3535 mammarum,
577 3477 637 3546 Quo
658 3492 722 3534 cum
749 3475 803 3530 sur,-
827 3474 941 3531 venien,
954 3481 981 3529 er
995 3473 1124 3530 eamdem
1179 3460 1300 3514 maxima
1315 3457 1473 3516 contusione
1487 3457 1514 3512 in
1529 3463 1720 3524 suaremeunt,
1736 3462 1763 3510 et
1790 3471 1900 3509 sarvam
1925 3455 1979 3509 llo·

320 3567 416 3624 sedem
430 3574 542 3638 pastore
570 3565 708 3622 viduatam
732 3563 884 3630 inveniens,
913 3563 977 3618 iude
1004 3561 1124 3630 divertit,
1179 3549 1244 3603 mini
1259 3547 1477 3604 laelwlffiime
1492 3543 1710 3602 Viffifflfflssbife
1738 3541 1904 3616 gemebundi
1932 3541 1979 3596 de·

322 3656 485 3730 praedictuur
498 3655 584 3712 Wina
595 3654 755 3726 episcopum
765 3651 841 3721 adiit,
865 3659 895 3707 ut
916 3650 1063 3722 episcopus
1089 3649 1125 3704 ab
1177 3637 1300 3709 1¹¹⁰ffl01·

322 3761 357 3801 eo
372 3751 575 3802 consecraretur
593 3742 717 3800 obtinuit.
736 3739 891 3812 Assumptis
918 3752 986 3810 ergo
1014 3736 1125 3792 duobus
1213 3747 1259 3800 20.
1285 3740 1372 3798 Patrio
1399 3741 1489 3812 itaque
1516 3747 1597 3812 portu
1619 3739 1761 3812 patriaque
1787 3737 1896 3810 potitus,
1916 3751 1980 3793 con·

323 3836 361 3890 dc
381 3842 465 3908 genic
492 3833 639 3889 brittonum
668 3829 813 3902 episcopis,
834 3827 879 3900 qui
899 3834 994 3883 contr!
1023 3824 1125 3896 rcripit
1178 3831 1269 3888 testim
1288 3829 1584 3896 sibimmoriuuotuit,
1601 3828 1782 3900 qualitersuae
1794 3825 1853 3883 sadi
1868 3825 1979 3881 Ceaddn

322 3937 459 3980 canonum
486 3929 564 3978 eraut
591 3920 720 3990 ordinati,
742 3919 867 3974 eumdem
896 3915 1033 3973 ceaddam
1063 3913 1123 3985 pari
1177 3918 1463 3976 substitutusantistcs
1491 3917 1536 3973 sit.
1562 3917 1614 3987 Qui
1640 3932 1690 3988 pro
1718 3931 1747 3971 re
1774 3914 1841 3970 nibil
1865 3913 1977 3970 omnino

322 4011 408 4066 modo
423 4009 578 4066 inordinate
590 4008 736 4067 ordinavit.
1177 4009 1357 4080 perturbatus,
1373 4005 1481 4078 placido
1495 4006 1570 4062 vultu
1591 4013 1618 4061 et
1632 4003 1710 4060 hilari
1738 4011 1846 4075 pectore
1879 4001 1976 4074 Ripnm

361 4119 402 4174 qq,
423 4117 678 4174 oqumrugqurem
704 4111 872 4171 Eboraoensi
900 4109 1031 4167 Ecclesiae
1055 4124 1122 4181 praa⁴
1175 4095 1420 4170 perrerit;ibiqne
1433 4093 1549 4151 servitiis
1564 4094 1612 4150 Dei
1629 4094 1865 4166 intentus,magua
1879 4091 1977 4146 mentis

321 4207 394 4262 122⁰,
407 4215 457 4273 δι’
472 4222 533 4264 cum
549 4221 604 4261 00„
613 4212 677 4275 9051
690 4205 789 4259 murro,
802 4201 861 4257 ,ries
889 4201 986 4256 nesius
1010 4197 1121 4254 wilffi-
1175 4185 1321 4242 stabilitate
1335 4200 1386 4256 per
1400 4183 1511 4255 aliqupd
1529 4191 1635 4255 tempus
1648 4181 1675 4236 in
1704 4180 1842 4238 secretiori
1866 4179 1976 4236 habita-

321 4296 374 4351 dus
384 4295 498 4368 patriam
513 4293 602 4350 redire
612 4292 753 4348 instituens
780 4305 879 4345 navem
906 4287 1068 4360 ingreditur,
1095 4293 1122 4341 et
1175 4276 1239 4331 ⁰⁰10
1253 4271 1363 4345 d0gflil·
1382 4272 1435 4328 Sed
1448 4272 1510 4343 ‘luti
1525 4271 1621 4328 Gillias
1635 4285 1718 4341 stulm
1746 4278 1865 4326 ffl0ss¹0ffl
1886 4268 1976 4340 905512

321 4384 481 4455 aliquandiu
495 4381 569 4438 latici
585 4398 665 4438 cursu
678 4380 757 4438 navis
769 4392 910 4452 equoreos
925 4376 1021 4432 tinctus
1033 4382 1120 4430 trans·
1174 4359 1415 4434 nequiltbsaondi‚
1431 4375 1447 4414 a
1463 4360 1554 4414 mullis
1569 4367 1596 4414 et
1609 4359 1748 4430 precipue
1763 4356 1904 4414 nobilibus
1918 4356 1975 4410 tre-

320 4472 438 4528 vehitur.
454 4476 616 4528 tamautcru
632 4471 721 4527 medio
739 4467 808 4526 mari
837 4465 959 4533 transito,
990 4471 1017 4519 et
1039 4464 1120 4519 beato
1172 4450 1362 4523 ‘lueflfflbilub
1378 4446 1721 4515 eximiaesanctitatisaJ'ns
1740 4444 1813 4501 fimi
1830 4443 1971 4516 Ρθῑωῦῑῑὸ·

322 4556 383 4613 viro
393 4572 455 4612 curn
469 4555 528 4612 suis
541 4555 648 4614 clericis
662 4555 690 4609 in
704 4571 738 4610 ea
751 4569 812 4626 quia
836 4551 886 4607 Dei
906 4555 967 4604 sunt
988 4547 1070 4604 corde
1093 4556 1120 4604 ct
1173 4541 1231 4595 ilex
1244 4551 1352 4610 quoque
1367 4535 1538 4606 llerciorum,
1556 4534 1665 4594 nomine
1679 4534 1829 4602 Wllan'us,
1847 4533 1890 4588 vir
1918 4533 1976 4588 Deo

322 4661 372 4701 ore
386 4645 505 4714 intendo,
534 4645 625 4700 ventis
646 4643 755 4700 mutatis
783 4638 952 4698 validissima
975 4644 1121 4708 tempestas
1172 4627 1252 4686 valde
1266 4625 1387 4695 devotus,
1405 4625 1536 4680 tumulum
1559 4623 1660 4680 Christi
1687 4621 1763 4690 adiit,
1793 4621 1919 4678 eumdem
1948 4627 1977 4676 ut

320 4733 452 4790 exoritur.
469 4733 522 4803 Qui
536 4748 636 4806 magna
650 4733 796 4788 vexatione
811 4727 940 4801 quassati,
966 4726 1074 4781 taudem
1088 4725 1117 4780 in
1174 4717 1234 4774 loco
1249 4715 1358 4772 cederet
1373 4729 1521 4785 secumque
1535 4713 1821 4783 maneretirnportuna
1834 4710 1881 4766 vix
1895 4724 1976 4780 prece

319 4823 461 4896 regionem
475 4823 635 4880 australium
647 4823 797 4890 Saxonum,
812 4833 894 4891 quarn
908 4822 1116 4881 nonnorerant,
1174 4804 1303 4866 deflexitt
1314 4811 1342 4860 et
1355 4817 1469 4874 compos
1482 4817 1539 4858 suae
1555 4800 1702 4858 voluntatis
1722 4798 1842 4868 allectus,
1870 4797 1974 4870 ingenti

320 4911 438 4984 projecti
451 4919 523 4970 suna,
535 4911 671 4968 Fluctibus
684 4925 749 4966 varo
763 4910 791 4964 in
806 4909 881 4964 ,inus
901 4922 965 4963 ,1105
992 4902 1033 4960 im
1055 4901 1120 4958 trina
1172 4894 1282 4950 beatum
1297 4893 1404 4948 Patrem
1420 4889 1575 4950 dilectionis
1589 4889 1687 4945 adactu
1715 4889 1809 4956 coluit,
1841 4885 1918 4943 torris
1946 4893 1976 4942 et

321 5001 444 5056 maeatis
472 4999 608 5072 indigene
631 4999 720 5055 adbuc
742 4997 838 5071 gentili
877 5010 969 5052 errore
1000 4990 1118 5048 devincti
1171 4979 1325 5038 honoribus
1339 4979 1424 5036 auxil·

322 5087 461 5157 advolant,
476 5104 574 5144 navent
588 5095 614 5145 et
628 5087 790 5158 omniaqute
804 5084 832 5140 in
855 5101 889 5142 ea
916 5090 994 5140 arant
1021 5081 1049 5136 in
1074 5079 1120 5152 jus
1208 5089 1258 5144 er,
1276 5085 1481 5158 Metropolitum
1496 5099 1561 5142 vero
1576 5082 1744 5140 sedestnrius
1766 5082 1880 5158 Augilas,
1909 5085 1974 5139 dum

322 5193 400 5231 sunm
413 5176 554 5233 vindicare
568 5176 712 5240 volentea;
729 5182 757 5231 et
778 5175 808 5229 id
828 5171 960 5245 propositi
984 5167 1119 5227 obstinato

322 5265 405 5322 corde
420 5273 550 5337 tenentes,
565 5274 594 5321 ut
616 5273 663 5321 aut
686 5263 864 5335 captivarent,
893 5267 939 5316 aut
962 5265 1048 5315 morte
1068 5256 1119 5311 sibi

322 5353 480 5411 resistentes
493 5353 678 5411 involverent.
695 5352 755 5421 Quo
778 5350 819 5407 vir
841 5346 1007 5405 venerabilis
1027 5344 1121 5418 agnito

323 5444 467 5516 copiosam
482 5443 522 5501 eis
532 5443 673 5516 pecuniam
686 5440 791 5510 obtulit,
808 5447 835 5496 et
854 5448 988 5510 qnatenus
1013 5435 1048 5490 ab
1076 5435 1121 5489 in·

324 5533 442 5590 tentiam
461 5549 510 5588 sna
532 5533 694 5590 recederent
713 5527 808 5585 humili
826 5525 1010 5599 postulatione
1028 5523 1122 5579 admo·

323 5623 399 5678 nuit.
417 5623 451 5678 at
464 5621 506 5678 illi
517 5620 665 5678 tenaciores
679 5617 793 5677 axillins
807 5613 898 5673 serbis
910 5613 1014 5681 eflecti,
1025 5611 1063 5668 nil
1092 5628 1122 5670 se

325 5710 359 5767 ab
373 5727 408 5768 ao
422 5708 603 5784 proipsornm
615 5707 770 5765 dimissione
789 5712 945 5777 sumpturos
968 5702 1028 5759 iora
1054 5717 1122 5774 pro·

327 5799 454 5870 clamant,
469 5799 623 5871 quinetiam
636 5813 690 5854 uon
706 5794 786 5853 modo
800 5795 891 5852 omnia
904 5809 964 5862 sut,
989 5809 1083 5852 rerum
1098 5802 1125 5852 et

326 5889 451 5946 eumdem
465 5888 553 5962 ipsum
565 5887 591 5943 in
603 5887 649 5959 jus
661 5883 801 5960 proprium
812 5899 842 5942 se
868 5891 1026 5958 accepturos
1052 5884 1125 5941 nulla

1174 5179 1231 5233 inec
1242 5175 1280 5231 ita
1295 5175 1401 5244 herent,
1414 5181 1526 5244 pastore
1541 5174 1662 5241 carebat,
1680 5171 1808 5230 defuncto
1832 5175 1871 5244 (ut
1897 5189 1975 5244 prae·

1174 5265 1304 5336 diximus)
1319 5262 1528 5336 archiepiscopo
1543 5261 1706 5319 Deusdedit.
1720 5262 1888 5335 thuoniam
1903 5269 1978 5319 tanta

1175 5355 1255 5410 sedes
1264 5353 1369 5427 absque
1381 5350 1531 5424 episcopali
1559 5351 1729 5424 providentia
1752 5367 1812 5408 esse
1835 5353 1976 5426 nequibat,

1174 5459 1224 5500 rex
1237 5442 1443 5500 cantuariorum
1462 5439 1597 5514 ligbertns
1611 5439 1684 5496 beati
1699 5439 1821 5496 Wiltridi
1834 5439 1979 5512 prudentia

1174 5531 1370 5602 sanctitateque
1394 5529 1497 5598 audita,
1514 5528 1656 5600 adipsum
1671 5527 1743 5586 misit
1770 5544 1852 5600 qnam
1879 5524 1978 5583 bumil-

1176 5621 1241 5675 lima
1256 5635 1317 5676 aum
1346 5619 1545 5692 supplicatione
1577 5621 1742 5688 contestans,
1770 5623 1800 5672 nt
1827 5615 1979 5673 Ecclesiam

1177 5709 1318 5766 viduatam
1344 5725 1394 5765 sua
1418 5708 1581 5782 dignaretur
1612 5705 1756 5780 praesentia
1777 5704 1899 5769 visitare,
1928 5719 1981 5776 ope

1179 5797 1372 5855 consolationis
1400 5798 1516 5870 erigere,
1540 5805 1633 5854 contra
1657 5791 1812 5866 spirituales
1847 5789 1981 5861 nequitias

1181 5887 1279 5960 clypeo
1295 5903 1350 5943 sure
1363 5886 1556 5945 admonitionis
1570 5889 1765 5959 protegerent
1779 5895 1893 5953 quaeque
1904 5884 1982 5936 tenor
