4750 6725
440 503 495 559 bib
937 499 1095 556 EdDblElll
1115 497 1278 556 MONAlel
1298 497 1578 558 citurusutssttsts
2032 496 2101 549 576

440 626 559 684 nedictus
573 627 668 683 matris
677 626 768 684 llariae
780 625 934 696 transimus,
949 626 1128 698 eumdemque
1150 622 1235 679 filium
1249 623 1280 687 Α
1293 622 1394 680 amoris
1407 621 1510 678 desidia
1533 637 1550 676 a
1576 620 1670 679 debita
1692 620 1805 676 laudum
1819 620 1988 676 exhibitione
2002 625 2102 674 astar·
2177 608 2178 613 ’

441 716 501 786 ojus
528 715 606 770 uobis
632 714 741 770 fratrem
767 714 826 786 ipso
853 723 960 770 auctore
980 713 1137 768 asciscimus
1156 710 1236 768 ¹⁸’.d
1288 711 1343 768 ciet.

442 811 529 858 morte
544 802 615 858 enirn
631 817 775 872 resurgens
789 817 839 858 nos
849 802 945 858 fratros
959 815 1023 857 arros
1037 801 1194 872 appellarit,
1209 808 1237 856 et
1599 798 1710 855 cartu
1728 797 1769 853 X.

442 889 514 962 quod
529 890 564 946 ad
592 891 696 946 Patrem
720 905 800 946 suum
820 897 847 946 ct
873 891 979 946 Patrem
1003 898 1134 956 nostrum,
1149 889 1236 945 Deum
1327 888 1675 960 fflntarrrprofuitomni
1690 886 2059 957 cr·ecturoe,ctiamprrcter

442 993 524 1034 auum
539 986 565 1034 et
586 978 671 1034 Deum
686 985 811 1035 nostrum
826 979 895 1035 foret
910 994 1080 1045 ascensurus,
1108 978 1235 1034 familiari
1605 975 1774 1033 humanum.

441 1064 522 1122 *ffiill
537 1065 567 1095 ¹⁸⁸
582 1066 660 1122 ⁰⁰¹³ss
674 1067 794 1122 inlitum
821 1066 951 1138 Primiiit
980 1067 1070 1136 (10‘m-
1095 1083 1144 1136 ax,
1173 1068 1232 1137 ¹⁷)-
1326 1077 1425 1132 terum
1452 1075 1580 1145 quoniam
1618 1072 1812 1144 aliquantisper
1847 1071 2104 1127 animadvertimus

443 1152 522 1222 Quod
547 1153 630 1225 igitur
656 1161 758 1209 tantum
771 1162 876 1225 patrem
890 1160 1026 1210 sitantum
1037 1153 1146 1211 fratrem
1173 1171 1236 1211 sor·
1289 1164 1355 1237 quid
1370 1163 1434 1220 poni
1447 1162 1737 1235 perexoononrtsoimo
1760 1160 1790 1190 ¹⁸·
1812 1161 1900 1217 heato
1913 1159 2010 1216 rostris
2041 1158 2104 1214 Dei

437 1240 479 1296 iffi
489 1256 590 1310 sumus,
606 1241 701 1313 utique
719 1242 807 1298 1³0⁸&
821 1243 917 1298 Malim
931 1241 1066 1300 mihim
1094 1241 1235 1312 debemus,
1290 1252 1381 1308 blariae
1395 1253 1493 1308 marita
1504 1251 1597 1322 adepti
1605 1267 1708 1317 sumus,
1736 1250 1831 1321 paucis
1845 1249 1937 1317 ctiam,
1963 1257 1993 1304 ut
2019 1263 2101 1319 pro·

439 1328 516 1399 cuius
529 1328 706 1400 integerrima
722 1329 887 1386 fecunditate
905 1331 933 1385 in
949 1337 1048 1386 tanum
1075 1331 1235 1403 dignitatern
1288 1343 1440 1410 posuimus,
1455 1354 1506 1410 pro
1519 1355 1609 1411 posse,
1637 1338 1703 1410 quid
1728 1338 1842 1394 aliarum
1857 1337 1963 1408 species
1983 1353 2099 1404 rerum,

439 1415 604 1473 surreximus
619 1434 626 1480 ;
643 1433 725 1489 quam
738 1418 849 1489 quidem
861 1419 1019 1492 dignorem
1034 1423 1127 1477 nostra
1141 1429 1237 1476 natura
1289 1429 1446 1498 pereanem
1461 1428 1585 1497 ejusdem
1596 1428 1758 1484 mertrsstm
1771 1427 1888 1498 adepta,
1899 1426 2101 1481 rosemanus.

437 1520 609 1578 nequaquam
625 1505 722 1578 adepta
736 1505 842 1577 fuisset,
851 1507 872 1563 si
882 1507 954 1564 illius
963 1508 1079 1564 fecunda
1094 1510 1237 1582 virginitas
1290 1515 1356 1572 Soio
1369 1516 1481 1589 quidem
1491 1517 1616 1586 superins
1628 1531 1674 1571 me
1686 1514 1812 1585 quaedam
1836 1513 1899 1568 inde
1921 1528 2099 1570 commemo·

438 1592 526 1649 Deum
541 1593 636 1649 desua
651 1595 801 1650 substantia
821 1611 875 1652 non
890 1597 1041 1670 genuisset.
1063 1597 1130 1653 Cum
1153 1599 1237 1671 igitur
1291 1620 1376 1669 rasse,
1399 1605 1448 1660 sed
1472 1604 1507 1659 ad
1531 1604 1777 1660 commendandam
1803 1602 1981 1673 piisnnribus
2004 1609 2099 1656 tantae

440 1688 494 1737 tam
508 1681 689 1738 inaestimabili
706 1682 848 1754 dignitatis
865 1687 979 1754 honore,
995 1686 1074 1741 etiam
1103 1686 1131 1740 in
1157 1687 1237 1757 hujus
1289 1691 1409 1748 domina
1434 1692 1607 1747 eminentiam
1634 1706 1689 1746 uon
1717 1691 1823 1746 ridetur
1848 1689 1907 1744 fore
1918 1689 2098 1760 superfluum

439 1770 534 1825 mundi
550 1769 720 1841 squaloribus
733 1769 848 1844 degeam
863 1773 971 1846 perpiae
986 1773 1237 1831 matrisDeilllariae
1290 1780 1417 1836 eamdam
1444 1785 1610 1852 prasentare
1631 1780 1805 1835 cenantium.
1840 1778 1955 1835 Omnem
1993 1777 2099 1850 itaque

438 1858 536 1914 merita
549 1858 667 1914 bumana
675 1865 770 1914 natura
785 1860 819 1915 sit
835 1861 966 1927 exaltas,
977 1862 1021 1918 vel
1041 1863 1173 1933 advertat,
1189 1862 1236 1936 qui
1290 1877 1453 1937 creaturam,
1480 1876 1534 1923 tam
1557 1867 1697 1924 coelestem
1720 1883 1802 1939 quarn
1818 1872 1983 1932 terrestrem,
2001 1866 2098 1920 adsui

438 1952 538 2019 potest,
568 1961 621 2016 [luti
641 1945 714 2018 quali
729 1945 818 2020 gloria
831 1949 862 1978 ¹⁵⁴
872 1949 1053 2020 decorabitur,
1072 1965 1136 2008 curu
1159 1953 1235 2008 bunc
1247 1965 1276 2026 Β
1291 1956 1428 2013 creatoris
1441 1957 1551 2012 laudem
1565 1963 1592 2012 et
1604 1956 1720 2027 gloriam
1748 1955 1905 2022 institutam,
1934 1969 2014 2009 nemo
2044 1969 2098 2008 sa·

439 2033 529 2104 ipsum
544 2034 653 2091 fratrem
668 2050 757 2102 suurn,
787 2037 963 2110 omnipotenti
976 2039 1049 2095 Patri
1077 2039 1134 2110 eius
1159 2055 1234 2098 ooae-
1286 2057 1352 2098 num
1367 2042 1476 2111 sapiens
1485 2037 1516 2068 ¹⁰⁰
1530 2038 1655 2110 ambigit,
1666 2053 1747 2094 nemo
1772 2038 1881 2110 sapiens
1907 2037 1984 2092 silet.
2015 2035 2099 2104 Qua·

439 2121 556 2193 qualern,
583 2122 611 2176 iu
638 2139 685 2178 sua
713 2125 857 2194 majestate
892 2135 1052 2199 regnantem
1089 2129 1233 2200 acceperit,
1287 2133 1401 2200 propter
1427 2125 1469 2198 ¹³¹,
1495 2128 1518 2182 si
1528 2127 1633 2197 aliquid
1660 2128 1721 2198 ejus
1747 2126 1823 2181 laudi
1845 2134 1891 2181 aut
1904 2125 2003 2197 gloria,
2028 2125 2099 2179 sive

439 2209 552 2282 ejusque
567 2211 645 2282 regni
659 2212 779 2268 cohaeres
793 2213 923 2284 existens,
938 2222 1070 2287 perpetua
1088 2225 1115 2272 et
1128 2218 1236 2274 incom-
1288 2217 1510 2288 nouantemgnt
1522 2216 1549 2271 iu
1563 2231 1710 2288 quoquam,
1726 2215 1796 2270 bene
1805 2213 1972 2269 intuentibus
1999 2213 2095 2282 liquet

441 2297 566 2354 mutabili
581 2297 778 2371 glorificatione
793 2301 860 2356 vulti
877 2303 964 2373 ipsius
991 2319 1113 2375 praesena
1141 2305 1236 2362 utite-
1289 2305 1361 2377 quod
1375 2304 1447 2360 idem
1462 2306 1551 2376 ipsum
1566 2310 1677 2370 catera,
1693 2319 1749 2358 suaa
1762 2301 1941 2373 subjectionis
1968 2301 2094 2372 integri-

439 2386 475 2444 rit
488 2384 518 2416 ¹¹⁸
545 2389 559 2443 t
585 2387 721 2455 Adversa,
745 2389 865 2462 inquam,
890 2391 1019 2448 advertat
1046 2409 1107 2463 quae
1135 2392 1235 2466 gloria,
1290 2402 1371 2450 tatem
1386 2391 1418 2422 ¹⁰
1431 2394 1458 2448 ei
1471 2395 1620 2460 serrantia,
1649 2391 1766 2462 quodam
1790 2391 1891 2446 exinde
1917 2388 2095 2445 confusionis

441 2476 515 2547 quod
542 2476 682 2550 gaudium,
701 2479 742 2533 vel
772 2479 966 2549 quaejubilatio
982 2481 1031 2536 erit
1045 2482 1237 2538 omnibusillis
1289 2481 1404 2538 verbere
1411 2482 1523 2538 sauciat.
1538 2481 1596 2538 Nec
1615 2480 1686 2536 enim
1696 2480 1731 2535 ad
1744 2477 1852 2535 Domini
1866 2478 1907 2532 sui
1924 2476 2091 2533 fidelitatem

441 2564 496 2636 qui,
511 2564 539 2619 in
553 2581 668 2638 regnum
684 2573 792 2622 aronae
805 2565 980 2624 beatitudinis
993 2571 1134 2642 assumpti,
1149 2572 1237 2628 Deum
1290 2571 1395 2641 integre
1408 2585 1468 2625 sese
1482 2575 1616 2637 urerent,
1631 2568 1655 2622 si
1665 2567 1855 2624 verecundiam
1870 2566 1912 2621 sui
1922 2565 2044 2621 auctoris

441 2653 643 2724 Dominamque
656 2669 748 2710 rerum
762 2655 884 2711 omnium
900 2656 927 2712 in
941 2673 997 2712 suar
1008 2658 1097 2714 carnis
1109 2660 1237 2714 substan·
1290 2657 1478 2730 aequanimiter
1491 2657 1682 2714 etinconcussa
1690 2654 1885 2726 tranquillitate
1904 2661 2025 2708 tenerent
2039 2651 2093 2708 ¹⁸⁴.

440 2741 477 2796 tia
504 2741 557 2797 sibi
586 2741 703 2798 similem
731 2743 858 2809 uiderint,
887 2751 914 2800 et
940 2754 1047 2816 cuncta,
1062 2762 1123 2818 quaa
1137 2747 1238 2803 sivein
1291 2747 1379 2802 llotno
1402 2745 1495 2818 igitur,
1514 2744 1560 2815 qui
1587 2760 1604 2798 a
1630 2744 1689 2799 Deo
1716 2743 1789 2798 inter
1812 2750 1924 2797 caeteras
1946 2749 2097 2796 creaturas
2177 2806 2178 2821 χ

442 2829 522 2898 coelo,
537 2829 595 2886 sire
621 2829 649 2886 iu
673 2839 755 2900 terra,
771 2847 818 2887 seu
841 2831 869 2886 in
896 2831 1003 2890 inferno
1024 2835 1183 2903 subsistunt,
1201 2838 1238 2892 ad
1290 2833 1417 2889 sublimis
1431 2839 1534 2888 uaturae
1548 2840 1653 2887 creatus
1670 2833 1759 2886 Deum
1773 2827 1804 2858 ¹⁰⁸
1818 2845 1868 2900 per
1894 2828 2098 2884 mobedientiae
2177 2878 2178 2887 ,

442 2926 534 2974 nutum
549 2917 621 2974 illius
643 2919 772 2990 pendere,
789 2935 906 2992 curaque
924 2921 1043 2979 fraterno
1057 2922 1165 2992 aflectu,
1181 2925 1237 2981 imo
1290 2937 1347 2977 suae
1361 2929 1465 2978 reatum
1479 2920 1660 2987 inhonoravit,
1675 2918 1842 2992 omniaque
1856 2918 1897 2972 sui
1915 2916 1984 2986 juris
2010 2917 2098 2986 priua

443 3005 514 3061 ultra
541 3021 651 3062 omnem
676 3007 786 3062 fraterni
818 3008 920 3063 amoris
955 3008 1091 3076 affectum,
1133 3012 1238 3083 seipsos
1289 3018 1368 3066 erant
1382 3009 1491 3071 amisit;
1507 3007 1662 3080 omniaque,
1686 3007 1800 3079 quasui
1827 3015 1913 3060 status
1940 3004 2098 3076 iutegrita-

2056 2563 2094 2592 ΙΙΙ

443 3107 535 3148 amare
549 3101 576 3148 et
589 3110 756 3166 quaecunque
775 3095 846 3151 velle
860 3093 890 3124 ¹⁸⁸
901 3105 1036 3168 potentat,
1063 3099 1122 3154 siue
1149 3116 1235 3173 mora,
1289 3106 1343 3155 tem
1359 3103 1549 3162 serraverunt,
1565 3095 1624 3168 ipsa
1640 3103 1732 3151 reatus
1745 3095 1787 3149 sui
1800 3095 1979 3159 immanitate,
1995 3109 2097 3164 quan-

442 3178 500 3235 sine
519 3181 744 3251 contradictione,
764 3182 822 3238 sine
849 3183 957 3240 defectu
994 3186 1045 3241 sibi
1073 3189 1238 3246 eternaliter
1291 3195 1346 3242 turn
1373 3185 1486 3256 inipso
1514 3183 1572 3252 fuit,
1588 3183 1705 3256 quadam
1734 3180 1894 3239 confusione
1907 3181 2090 3243 uulnerarit;

442 3266 657 3324 subministrare.
669 3269 757 3342 Super
771 3271 829 3326 haec
842 3287 903 3326 cum
918 3271 1005 3343 ipsam
1022 3273 1171 3346 dominam,
1185 3287 1271 3353 perc
1289 3275 1398 3346 adiecta
1412 3281 1452 3328 cst
1462 3272 1501 3329 eis
1515 3288 1599 3345 super
1608 3272 1658 3327 bac
1670 3270 1829 3328 couftrsione
1842 3275 1869 3327 et
1882 3271 1936 3327 alia
1949 3271 2094 3341 confusio,

442 3372 524 3429 quarn
540 3359 614 3413 unm
628 3357 700 3414 bona
714 3357 754 3416 eis
763 3376 922 3431 provenere,
933 3363 1083 3431 proeoculis
1091 3364 1237 3422 habuerint
1290 3364 1354 3435 quia
1376 3362 1450 3430 buia,
1479 3377 1561 3433 quern
1589 3378 1606 3416 a
1634 3376 1683 3417 suo
1697 3359 1844 3417 Conditore
1870 3359 2010 3431 parmalae
2023 3362 2097 3417 ritae

439 3444 516 3515 juata
529 3446 627 3514 Deum,
643 3462 723 3519 quern
738 3449 772 3505 de
786 3457 917 3505 suoutero
927 3449 1119 3523 VirgoFttinm
1146 3469 1235 3525 pepe-
1290 3450 1390 3507 merita
1416 3449 1570 3506 exorbitare
1603 3449 1742 3518 videbant,
1770 3464 1820 3519 per
1843 3463 1901 3503 sura
1921 3447 2095 3505 conditionis
2176 3467 2179 3480 ·

441 3540 513 3589 rertu
524 3533 685 3591 residentem
696 3532 736 3606 Μ,
753 3545 781 3593 et
791 3535 854 3607 jure
869 3544 990 3594 materno
1011 3540 1081 3596 ooelo
1104 3548 1236 3613 terramus
1288 3538 1380 3611 legem
1394 3536 1537 3593 ministerii
1551 3536 1593 3593 sui
1603 3536 1764 3607 obsequium
1778 3535 1855 3592 nullo
1867 3544 1989 3606 tempore
2003 3536 2095 3593 abne-

440 3636 502 3677 curn
511 3622 609 3679 eodem
623 3639 673 3681 suo
686 3623 742 3682 filio
749 3624 952 3699 praesidentem,
963 3628 1168 3686 consideramus
1182 3647 1236 3703 qua
1289 3643 1355 3699 gare
1391 3626 1532 3684 valebant.
1559 3624 1737 3697 ingerebatur
1763 3624 1846 3696 igitur
1875 3624 2005 3693 operibus
2033 3625 2094 3680 Dei

440 3711 621 3768 exsultatione
631 3714 802 3771 exsultabunt
816 3731 864 3786 pro
876 3724 949 3773 tanta
971 3718 1063 3790 gloria
1086 3722 1155 3788 ejus,
1180 3732 1236 3790 quo
1288 3714 1484 3773 contumeliosa
1498 3715 1624 3785 quiedam
1637 3713 1789 3785 oppressio,
1799 3710 1914 3768 etfiebat
1926 3712 1963 3769 de
1976 3711 2094 3784 eisgra-

440 3797 543 3855 bonore
558 3799 769 3858 sublevabuntur
782 3802 809 3859 in
821 3810 896 3860 tanta
906 3805 1027 3877 potentia
1036 3806 1097 3875 ejus
1110 3806 1124 3860 i
1139 3804 1236 3863 Omnia
1290 3804 1331 3861 ria
1354 3810 1381 3859 et
1408 3802 1541 3872 injuriosa
1568 3801 1675 3857 abusio.
1685 3802 1733 3856 Jus
1745 3800 1877 3871 siquidem
1892 3800 1997 3855 nullum
2006 3801 2033 3853 in
2046 3801 2093 3857 tris

440 3884 532 3956 utique
547 3896 669 3943 creatura
683 3888 802 3946 deferret
827 3892 868 3947 eis
896 3892 1039 3963 honorem,
1067 3908 1121 3951 non
1146 3893 1235 3950 solum
1289 3904 1350 3960 quae
1368 3887 1418 3943 Dei
1441 3894 1504 3942 sunt
1526 3886 1600 3957 jaste
1627 3885 1739 3942 deberet
1763 3884 1865 3940 babere
1879 3885 1925 3955 qni
1952 3884 2093 3941 voluntati

441 3972 506 4045 quia
519 3973 622 4029 ridebit
636 3984 740 4033 naturae
753 3978 874 4049 ipsorum
899 3989 1051 4037 consortem
1065 3996 1127 4039 esse
1154 3996 1235 4038 suum
1289 3978 1348 4048 ejus
1372 3991 1427 4032 non
1454 3983 1564 4031 veretur
1590 3974 1684 4045 pravis
1707 3974 1813 4029 actibus
1838 3971 1983 4028 contraire.
2006 3972 2036 4027 1n
2051 3990 2093 4029 eo

441 4060 609 4129 Creatorem,
625 4062 765 4119 sedetiam
781 4066 1056 4135 quisdominatricem
1069 4085 1236 4125 suamuaam
1289 4066 1380 4135 itaque
1407 4062 1481 4137 quod
1506 4062 1609 4118 lumine
1622 4062 1685 4119 coeli
1697 4070 1723 4117 et
1743 4062 1862 4116 siderum
1877 4070 1952 4118 motu
1979 4062 2007 4115 in
2025 4063 2093 4117 Sttis

441 4160 473 4203 ca
484 4146 525 4203 eis
540 4164 598 4204 esse
607 4150 756 4223 conspiciet
771 4151 872 4209 factam
882 4153 1006 4226 reginam
1016 4154 1047 4184 ¹⁸⁸
1060 4157 1234 4229 angelorum.
1289 4153 1383 4209 usibus
1402 4152 1484 4207 bomo
1498 4158 1572 4206 retus
1581 4150 1736 4221 potiebatur
1751 4150 1822 4205 idern
1837 4149 1936 4204 coelum
1958 4157 1984 4204 et
1999 4149 2094 4205 adera

441 4234 489 4290 llis
503 4234 585 4307 igitur
598 4236 636 4293 ito
649 4239 839 4301 consideratis.
857 4248 884 4297 tn
900 4241 1053 4315 quicunque
1067 4259 1100 4299 ax
1119 4246 1237 4301 humana
1290 4241 1350 4311 ipsa
1360 4239 1453 4311 magni
1477 4238 1587 4294 honoris
1596 4238 1758 4294 detrimenta
1770 4237 1953 4308 patiebantur.
1982 4238 2094 4309 Nempe

439 4322 523 4395 stirpe
545 4325 706 4397 progenitus
730 4342 770 4394 es,
799 4330 936 4399 quomodo
950 4339 1028 4402 potes
1051 4339 1079 4387 ct
1105 4341 1237 4405 quantum
1290 4328 1329 4383 illi
1338 4326 1495 4384 serviebant
1508 4335 1618 4398 propter
1631 4341 1713 4399 quern
1728 4341 1758 4380 se
1771 4341 1942 4397 nequaquam
1965 4325 2092 4380 instituta

439 4418 531 4483 poles,
547 4412 622 4485 erige
637 4414 723 4471 aciem
740 4416 839 4473 mentis
854 4424 942 4475 tanet
965 4435 1032 4491 quas
1055 4428 1154 4491 graus,
1170 4437 1238 4493 quas
1290 4416 1424 4472 sciebant.
1441 4414 1485 4469 sd
1497 4414 1635 4469 servitium
1651 4414 1753 4484 quippe
1764 4413 1829 4483 justi
1843 4409 1876 4440 ¹⁸⁸
1891 4413 2017 4478 bominis,
2033 4429 2092 4469 non

438 4498 543 4566 laudas,
558 4518 619 4573 quae
633 4502 765 4574 obsequia
779 4504 804 4561 ei
818 4513 950 4576 perpetuo
964 4506 1075 4579 debeas,
1096 4525 1147 4579 per
1159 4510 1237 4580 cuius
1289 4503 1394 4574 injusti,
1408 4503 1455 4574 qui
1470 4511 1533 4558 tunc
1546 4510 1615 4569 erat,
1631 4502 1739 4559 condita
1754 4502 1868 4556 fuerant.
1884 4500 1941 4555 lloc
1956 4500 2092 4571 ipsumde

440 4588 546 4643 beatam
561 4590 801 4662 etintegerrimam
820 4593 1010 4651 fecunditatem
1026 4596 1060 4651 de
1071 4604 1144 4652 tauto
1162 4598 1235 4653 mato
1292 4608 1367 4658 aere,
1383 4592 1418 4647 de
1432 4599 1511 4659 terra,
1527 4599 1554 4645 et
1568 4606 1629 4663 quta
1642 4591 1757 4661 profert,
1773 4590 1807 4644 de
1822 4589 1900 4653 mari,
1923 4597 1949 4644 et
1959 4589 2091 4644 ominibus
2177 4595 2178 4608 ¹

440 4674 593 4732 adtentum
608 4677 723 4747 bonum,
738 4680 859 4735 utbrevi
875 4682 1055 4751 ostendimus,
1076 4683 1113 4739 sis
1132 4700 1235 4755 prove·
1290 4681 1369 4753 aquis
1392 4694 1426 4735 ao
1452 4679 1486 4734 de
1502 4677 1543 4733 his
1557 4694 1618 4749 quse
1633 4677 1771 4734 continent
1799 4677 1888 4731 rlirere
1902 4676 1967 4732 licet
1985 4685 2089 4731 etscn-
2177 4751 2178 4760 ἵ

439 4770 507 4833 ctus,
518 4780 618 4835 gnarus
631 4766 749 4823 attende.
765 4766 846 4823 Nulla
863 4774 888 4823 te
903 4767 939 4825 ab
960 4770 1056 4825 horum
1072 4773 1235 4830 considera-
1290 4769 1350 4825 tire.
1366 4766 1468 4823 Omnes
1481 4766 1563 4839 igitur
1574 4782 1664 4822 rerum
1688 4766 1783 4820 forrare
1805 4764 1915 4819 informi
1929 4765 2049 4835 quoiam
2063 4774 2092 4820 et

439 4849 511 4907 tiam
533 4852 624 4909 saeculi
647 4852 791 4911 delectatio
807 4864 924 4922 moveat,
939 4857 1015 4913 nulla
1039 4858 1159 4929 cujusvis
1172 4861 1236 4917 vani
1289 4857 1486 4914 contumeliosa
1501 4854 1687 4913 obfuscatione
1702 4853 1873 4924 tegebantur,
1889 4852 2004 4925 eoquod
2019 4852 2085 4923 ipsi,

1095 5040 1211 5099 lelldi
1225 5039 1432 5100 tacTtONttS.

471 5182 669 5241 ¹¹¹trcnsstmus
692 5188 880 5259 manuscript.
905 5188 1069 5246 asciscimus.
1113 5188 1283 5248 ¹⁸⁸Familiari
1307 5188 1404 5244 affectu
1425 5202 1491 5242 mar.
1520 5181 1650 5241 familiari
1676 5180 1768 5237 affatu.
1810 5179 1966 5235 ¹“Exaltata
1993 5180 2089 5251 qualis

437 5255 510 5327 quali
520 5270 588 5312 orsa.
603 5258 721 5313 exaltata
735 5259 868 5327 advertat,
883 5261 929 5331 qui
945 5268 1041 5328 potest,
1053 5277 1106 5331 qua
1120 5261 1164 5317 vel
1179 5262 1254 5334 quali
1271 5259 1371 5333 gloria.
1386 5257 1527 5313 ¹⁸⁵Vultum
1555 5256 1642 5325 ipsius
1669 5269 1790 5323 praeseus
1803 5251 1977 5307 constituerit
2004 5267 2077 5305 mar.

437 5324 522 5381 vultui
537 5325 621 5395 ipsius
633 5342 750 5395 praeseus
763 5328 885 5385 astiterit.
927 5328 1067 5391 ¹⁵·nmsre.
1097 5330 1168 5387 velle
1196 5348 1269 5389 mss.
1290 5345 1393 5397 amare,
1410 5338 1437 5385 ct
1450 5342 1618 5399 quaecunque
1632 5324 1711 5378 velle.
1749 5320 1889 5392 ¹⁸⁷Peperit
1916 5320 2084 5376 residentum
2177 5325 2178 5344 ¹

436 5411 504 5451 mar.
518 5406 659 5467 pepererat
672 5399 836 5454 residentem
864 5398 963 5469 ¹⁸'Quia
979 5400 1123 5457 Dominam
1138 5418 1273 5457 summam
1288 5401 1433 5457 etuuicam
1447 5398 1654 5453 dominatricem
1668 5393 1729 5449 coeli
1744 5392 1983 5448 ctterraeblariam
1998 5393 2085 5445 cattis
2177 5435 2178 5444 ,

413 5476 415 5479 ·
436 5465 605 5535 conspicient
619 5482 677 5521 ease
689 5468 788 5523 factam
798 5468 919 5540 reginam
927 5487 994 5526 mas.
1005 5470 1068 5543 quia
1079 5472 1284 5528 dominatricem
1293 5487 1370 5526 suam
1392 5484 1474 5525 unam
1485 5466 1566 5523 exeis
1579 5482 1638 5521 esse
1652 5463 1801 5531 conspiciet
1824 5462 1921 5517 facturn
1936 5462 2081 5531 Regiuant.

435 5534 518 5591 ¹”Per
540 5536 727 5592 excellentiam
754 5542 942 5612 manuscript.
967 5558 1017 5611 per
1039 5542 1277 5597 excellentissima.
1320 5539 1431 5596 ¹⁸⁸Saura
1460 5538 1558 5593 mentis
1584 5552 1651 5591 mss.
1678 5532 1907 5603 sanurnsapieos.
1947 5530 2079 5585 ¹⁸¹Arrrbi·

436 5606 486 5689 git.
503 5604 674 5678 Quapropter
686 5623 755 5665 msa.
768 5608 893 5681 ambigit,
903 5627 982 5667 nemo
997 5614 1107 5682 sapiens
1119 5613 1189 5667 silet.
1207 5612 1389 5682 Quapropter.
1414 5605 1755 5677 ¹⁸¹Suaesubintcg1itatem
1770 5619 1833 5658 mss.
1843 5603 2082 5667 srrresulricctionis

436 5679 631 5748 integritatem.
647 5675 788 5733 ¹”Domiui
807 5681 847 5733 sui
870 5688 895 5736 ct
910 5684 1029 5739 auctoris
1058 5697 1122 5738 mss.
1143 5683 1238 5739 omitt.
1259 5680 1369 5737 Domini
1389 5680 1442 5735 sui.
1463 5677 1630 5733 ¹“Teuercut
1643 5691 1711 5731 rara.
1727 5674 1898 5729 sustinerent.
1940 5670 2083 5727 ¹⁸⁸dreatus

436 5762 485 5808 est.
503 5748 569 5803 dum
584 5748 673 5805 Deum
683 5764 754 5805 mss.
772 5758 890 5821 creatus,
915 5753 1014 5809 Deum.
1038 5750 1111 5809 ιι’Λα
1124 5753 1285 5825 obsequium
1300 5753 1403 5825 quippe
1417 5752 1476 5807 sire
1486 5746 1695 5816 servitiumJusti
1705 5761 1772 5802 mss.
1787 5743 1973 5799 adseruitium
1983 5745 2082 5815 quippe

433 5818 511 5888 jubila
