4750 6725
301 591 356 651 rra
975 577 1303 642 arrasunrnmr.
1670 654 1673 659 ,
1901 588 1953 647 ιιι

300 724 416 777 eranset
428 716 515 775 multa
528 728 612 789 prece
625 714 792 782 contestans,
807 713 942 779 quatenus
966 707 1002 766 de
1016 709 1103 767 Poma
1116 710 1144 775 Α
1156 709 1233 779 poris
1246 724 1348 783 magno
1364 708 1460 767 terrori
1475 708 1681 784 quamplurimis
1694 716 1762 783 erat,
1786 728 1836 771 sua
1850 714 1957 773 scilicet

300 808 411 865 rediens
426 805 461 864 ad
476 821 506 863 se
522 803 683 863 declinaret.
1153 798 1305 871 inpiorum
1319 798 1391 857 natio
1405 800 1552 858 interdixit.
1572 800 1676 874 Corpus
1691 808 1790 859 tamem
1805 804 1888 861 occisi
1903 804 1955 861 de·

337 920 364 973 9.
380 916 416 972 Ut
429 921 519 972 autem
533 912 651 971 Romam
665 908 751 976 uenit,
781 906 931 965 beatissimi
959 906 1101 981 apostolo·
1154 886 1957 965 bitOh⁰¹¹⁰f⁰¹1¹¹¹11¹¹11li²2seilledugiiamprosperocursu

300 1021 364 1061 rum
371 1002 506 1077 principis
515 1002 610 1058 limina
619 999 715 1057 orandi
723 997 812 1072 gratia
821 997 900 1069 petiit
912 1016 918 1054 :
930 1004 957 1055 et
963 1013 1101 1071 egressus,
1155 976 1304 1049 lePedfllil·

299 1093 425 1167 germani
438 1092 511 1150 beati
527 1092 611 1157 Petri,
628 1089 725 1146 eadem
739 1086 935 1157 causaductus,
952 1086 1103 1144 oratorium
1192 1087 1236 1141 ta.
1254 1083 1364 1141 Praefuit
1374 1100 1408 1142 eo
1424 1092 1545 1158 tempore
1560 1086 1635 1161 genti
1658 1088 1955 1149 Nordsnhumbromm

300 1192 343 1240 est
356 1183 507 1257 ingressus,
521 1179 653 1251 humique
664 1184 814 1251 prostratus
828 1177 880 1232 bac
908 1192 990 1247 prece
1021 1175 1104 1231 fertur
1156 1172 1404 1230 Christianissimus
1422 1191 1470 1232 rex
1495 1175 1611 1247 Ostrius,
1641 1193 1782 1235 successor
1808 1178 1960 1236 beatissimi

300 1272 378 1343 pium
392 1270 556 1343 apostolum,
573 1284 655 1340 quent
669 1274 761 1323 mente
788 1273 954 1337 praesentem
980 1263 1101 1332 ridebat,
1156 1262 1229 1335 regis
1243 1270 1269 1319 et
1283 1263 1410 1335 martyris
1423 1263 1552 1333 Oswaldi,
1569 1266 1615 1339 qui
1630 1266 1736 1323 Oswius
1767 1266 1851 1323 filium
1879 1285 1958 1324 suum

299 1362 396 1433 palam
409 1374 559 1434 rogasset«
574 1356 698 1413 Piissime
725 1353 911 1426 apostolorum
939 1354 1000 1421 Dei,
1022 1354 1106 1410 frater
1156 1348 1289 1407 alfridum
1304 1352 1382 1425 regni
1401 1352 1505 1409 socium
1520 1354 1571 1409 sihi
1586 1356 1730 1411 consanum,
1749 1357 1835 1413 puer,
1864 1366 1958 1413 autem

303 1446 454 1505 beatissimi
467 1445 582 1518 apostoli
597 1444 679 1513 Petri,
691 1444 949 1517 enegoperegrinae
957 1441 1104 1515 provincia
1157 1440 1267 1510 utrique
1277 1455 1356 1512 reges
1371 1440 1398 1496 in
1413 1442 1567 1498 Christiana
1581 1442 1727 1516 religiones
1742 1444 1887 1513 ferventes,
1905 1446 1954 1502 lic-

300 1537 373 1595 eivis
386 1538 481 1594 adtua
494 1534 590 1591 limina
611 1531 684 1603 reni,
715 1531 823 1590 reniam
844 1532 1020 1605 propeccatis
1033 1531 1104 1589 meis
1157 1528 1300 1585 clesiamm
1329 1528 1528 1603 diligentissimi
1555 1531 1681 1601 cultores,
1710 1542 1737 1589 et
1765 1533 1959 1591 catholicarum

302 1626 500 1701 postulaturus.
522 1625 622 1681 necor
636 1620 758 1692 teiqitur
784 1637 836 1692 per
857 1620 996 1691 pietatem,
1024 1636 1104 1692 qnam
1159 1617 1342 1673 doctrinarum
1357 1618 1548 1675 studiosissimi
1574 1621 1721 1688 auditores,
1751 1630 1894 1691 amatores,
1911 1639 1958 1679 se-

302 1715 411 1773 eaeten's
423 1721 552 1785 praestare
566 1711 651 1769 totius
665 1711 739 1767 orbis
767 1710 940 1766 attestatione
968 1708 1104 1782 probaris,
1159 1713 1284 1763 ctatores.
1300 1706 1367 1763 Cum
1382 1722 1449 1781 erqo
1463 1708 1556 1763 beatus
1569 1708 1610 1764 vir
1623 1710 1675 1765 Dei
1689 1710 1834 1767 Wiliridus
1863 1712 1889 1767 in
1904 1728 1957 1783 pa-

301 1814 333 1861 nt
348 1803 457 1861 venium
471 1808 655 1874 peccaturum,
671 1815 753 1873 quam
761 1802 845 1871 perte
856 1796 1104 1864 obtinerecouiido,
1160 1794 1242 1851 triam
1257 1802 1328 1851 esset
1341 1810 1476 1865 reversus,
1489 1796 1563 1853 fama
1577 1796 1725 1853 sanctitatis
1752 1806 1780 1854 et
1805 1801 1958 1871 prudentiae

304 1908 359 1951 nou
374 1907 495 1964 quaeram
510 1890 539 1946 in
552 1904 663 1959 vanum,
686 1903 720 1943 ne
745 1885 811 1943 naihi
839 1893 922 1943 tautae
949 1885 1107 1960 progressio
1160 1883 1231 1953 ejus,
1246 1882 1319 1940 fama
1334 1883 1496 1955 eloquentiae
1511 1892 1538 1941 at
1553 1885 1712 1957 apostolicae
1732 1886 1864 1945 doctriuae
1891 1889 1961 1959 ejus,

304 1983 359 2041 viae
372 1981 504 2053 procedat
516 1977 661 2035 incanum.
677 1977 787 2045 Verum,
801 1983 830 2030 ut
853 1975 988 2046 experiar,
998 1975 1108 2031 vincula
1161 1970 1372 2045 circumquaque
1386 1971 1455 2027 mira
1468 1973 1605 2029 celeritate
1633 1973 1758 2045 innotuit,
1788 1963 1839 2033 n'ec
1858 1992 1912 2033 non
1928 1977 1963 2033 ad

304 2088 377 2129 meae
391 2069 539 2141 impietatis
554 2083 605 2140 per
618 2064 714 2123 merita
727 2068 775 2122 tua
789 2064 875 2130 solvi3
898 2065 986 2132 solve,
1003 2078 1107 2137 quaeso,
1123 2073 1147 2137 Β
1161 2074 1242 2115 aures
1264 2060 1458 2131 praedictorum
1481 2062 1636 2135 principum
1663 2064 1768 2137 ingenti
1796 2081 1859 2121 cnm
1883 2065 1964 2122 laudo

304 2155 619 2233 impedimentaingenii
634 2154 689 2211 mei
703 2163 731 2211 et
757 2154 859 2227 linquar
882 2169 951 2210 meae
977 2160 1111 2223 quatenus
1164 2150 1307 2222 processit.
1324 2150 1457 2207 Sanctitas
1470 2167 1578 2223 quoque
1592 2160 1618 2207 et
1634 2152 1751 2225 insignis
1778 2170 1855 2212 amor
1883 2154 1966 2211 Chri.

305 2248 385 2309 uerbi
398 2246 452 2305 Dei
464 2246 593 2319 mysteria
606 2242 849 2315 cordepercipere,
864 2250 892 2298 et
911 2241 1111 2299 disertoelocu·
1164 2237 1319 2305 stianitatis,
1340 2239 1386 2309 qui
1418 2256 1515 2313 rapum
1539 2241 1622 2297 corde
1649 2241 1812 2315 repleuerat,
1840 2242 1966 2299 notitiam

307 2338 394 2395 bonis
407 2335 490 2393 modo
504 2334 602 2391 eadem
617 2332 680 2389 aliis
694 2332 799 2389 valeam
823 2330 989 2388 insinuare·
1007 2330 1030 2386 0
1044 2328 1111 2387 fides
1165 2326 1253 2383 macti
1268 2343 1440 2399 nequaquam
1454 2329 1549 2401 fugere
1563 2336 1680 2401 poterat.
1696 2330 1966 2405 Exhoccuriaeregis

307 2426 405 2483 famuli
418 2423 481 2491 nei,
497 2439 514 2481 o
528 2423 634 2495 insigne
648 2420 757 2493 pietatis
771 2419 1029 2491 indicinmapostoli
1049 2419 1110 2488 Dei,
1164 2415 1263 2470 alfridi
1277 2423 1463 2487 praesentatus,
1480 2417 1598 2475 humane
1617 2418 1772 2490 suscipitur,
1788 2419 1875 2489 brevi,
1891 2418 1969 2491 quod

311 2533 329 2573 o
346 2516 422 2589 larga
435 2511 590 2585 benignitas
604 2519 632 2567 et
644 2509 766 2585 benigna
774 2509 887 2582 largitas
893 2508 1044 2565 elementiae
1050 2508 1109 2564 Dei!
1166 2511 1248 2560 antee
1262 2504 1323 2562 solo
1337 2505 1429 2561 auditu
1439 2504 1467 2561 in
1477 2522 1510 2562 eo
1525 2507 1670 2576 sciebatur,
1686 2508 1776 2580 reipsa
1783 2510 1969 2581 cognoscitur,

309 2607 374 2662 Non
388 2599 607 2661 citiusorationis
619 2596 870 2670 rerbscompleait,
879 2612 962 2668 quarn
971 2594 1111 2654 vivacissi-
1166 2599 1193 2649 et
1206 2608 1239 2648 eo
1254 2592 1339 2665 regali
1347 2593 1474 2651 amicitiae
1484 2594 1656 2653 familiariter
1667 2597 1827 2655 associatur.
1843 2597 1968 2655 Probitas

307 2709 386 2750 mum
401 2690 499 2749 mentis
512 2688 652 2761 ingenium
666 2694 694 2745 et
708 2684 943 2759 promptissimum
951 2684 1112 2743 elocutionis
1166 2680 1517 2755 etiemiuteqenimaeaitae,
1527 2684 1686 2757 quamfama
1698 2686 1786 2758 primo
1796 2686 1968 2759 vulgaverat,

307 2782 422 2839 modum
436 2794 497 2836 sese
510 2775 667 2851 percepisse
681 2776 818 2849 cognovit.
835 2774 916 2833 Redit
929 2774 995 2830 inse
1009 2780 1036 2829 et
1045 2789 1111 2847 gro-
1166 2777 1194 2826 et
1207 2768 1326 2841 prudens
1341 2769 1500 2841 simplicitas
1514 2771 1683 2845 simplexque
1689 2774 1837 2847 prudentia
1865 2791 1925 2847 quea
1940 2774 1970 2831 iu

308 2872 397 2929 tiosus
411 2868 523 2925 miratur
535 2866 656 2937 seipsum
669 2864 716 2937 qui
729 2862 815 2920 fuerat
825 2863 883 2934 jam
896 2878 951 2919 uon
966 2878 1037 2919 esse.
1166 2856 1214 2913 illo
1228 2858 1264 2914 ad
1277 2872 1374 2914 omnes
1389 2859 1675 2935 humilitatavigebaut
1688 2864 1722 2935 (t)
1739 2878 1791 2919 nou
1806 2863 1888 2919 modo
1897 2863 1969 2937 regi,

343 2954 705 3029 ibllooaaeaqiturdegeua,
714 2950 884 3025 orationique
897 2965 929 3008 ao
937 2949 1108 3008 meditationi
1165 2962 1262 3025 rerum
1277 2955 1303 3002 et
1312 2947 1504 3005 omuibuseum
1518 2951 1630 3006 charum
1639 2950 1815 3008 exhibebant.
1829 2952 1927 3008 Tribus
1935 2968 1970 3009 ex

306 3064 402 3107 rernm
416 3044 661 3103 ecclesiasticarum
688 3041 854 3114 quotidiana,
883 3048 913 3096 ut
927 3040 1020 3096 animo
1040 3055 1106 3113 pro·
1165 3035 1219 3093 boc
1234 3035 1312 3095 aunis
1326 3037 1447 3109 regalem
1461 3038 1566 3095 curiam
1592 3040 1671 3110 fovit,
1700 3047 1728 3096 at
1750 3041 1849 3097 virtute
1878 3041 1964 3097 animi

305 3142 449 3211 posuerat,
464 3130 782 3201 instantiamancipatus,
796 3129 971 3199 pervenitad
986 3128 1107 3185 notitiam
1166 3124 1294 3198 matiam,
1309 3125 1437 3199 gloriam,
1454 3125 1588 3185 bonorem
1600 3128 1835 3201 sibicumparauit.
1845 3129 1923 3189 Unde
1937 3138 1965 3187 et

308 3228 363 3285 viri
379 3220 541 3284 sanctissimi
556 3229 638 3292 atqua
652 3217 810 3284 doctissimi,
826 3217 958 3274 bonifacii
982 3217 1112 3274 uidelicet
1165 3212 1241 3286 regio
1256 3230 1370 3270 munere
1383 3222 1477 3272 auctus
1492 3222 1546 3271 tam
1561 3216 1706 3275 mobilibus
1721 3236 1802 3291 quarn
1817 3218 1965 3277 immobili.

309 3306 506 3374 archidiflwni.
535 3304 583 3379 (ιιιὶ
610 3310 637 3359 θῑ
664 3300 835 3359 wnsilintiut
862 3310 920 3357 erat
945 3301 1111 3374 apostolici:
1165 3302 1216 3359 bus
1243 3318 1334 3361 rernm
1361 3304 1450 3375 bonis,
1480 3306 1561 3363 etiam
1589 3307 1660 3364 inter
1688 3308 1820 3366 animales
1834 3308 1963 3366 homines

307 3399 392 3473 cujus
405 3395 563 3470 magisterio
578 3400 605 3450 et
619 3391 738 3450 amicitia
766 3391 841 3462 felix,
871 3398 986 3465 quatuor
1013 3389 1049 3448 ab
1076 3406 1111 3448 eo
1164 3391 1252 3450 clarus
1263 3401 1330 3450 erat.
1346 3393 1432 3466 Super
1446 3395 1506 3452 haec
1520 3411 1626 3468 quoque
1640 3397 1751 3468 Ripeusi
1763 3395 1887 3454 Ecclesia
1901 3414 1965 3454 cum
2062 3438 2063 3442 ,

307 3490 381 3545 libro
406 3483 628 3557 Evangeliornm,
653 3479 845 3538 rationabilem
872 3479 984 3536 Pascha
1011 3479 1109 3536 termi·
1126 3453 1261 3553 ciisquar
1269 3481 1310 3536 sui
1316 3482 1385 3552 juris
1396 3483 1551 3553 extiterant,
1559 3484 1646 3556 regali
1654 3485 1837 3542 munificentia
1848 3487 1964 3543 donatus

304 3594 382 3645 num,
397 3574 503 3648 aliaque
516 3571 647 3629 nonnulla
663 3585 724 3641 quae
738 3569 766 3623 in
780 3567 869 3640 patria
895 3583 946 3624 sua
972 3567 1109 3641 nequire·
1162 3577 1213 3626 eat.
1231 3570 1271 3625 Ex
1287 3585 1319 3626 eo
1334 3577 1425 3626 autem
1440 3586 1548 3627 summa
1558 3588 1622 3628 cura
1636 3573 1812 3645 procurabat,
1830 3582 1963 3645 quatenus

306 3675 351 3724 rat
365 3663 470 3723 didicit.
1162 3673 1289 3728 opessuae
1299 3659 1387 3731 magis
1396 3659 1540 3716 transirent
1548 3660 1965 3736 invictumindigautium,quam

343 3779 357 3831 1
361 3778 389 3830 1·
403 3768 597 3828 Memfim
610 3766 693 3841 isim,
706 3764 856 3838 discipli„
881 3761 1025 3837 magnific,
1051 3762 1109 3820 pm.
1162 3754 1285 3804 servaret
1299 3761 1348 3802 aas
1358 3762 1434 3804 more
1443 3763 1589 3804 avarorum
1601 3765 1667 3820 opes
1677 3766 1739 3806 suas
1747 3751 1961 3811 recondentium.

304 3865 389 3922 butun
402 3869 430 3919 ct
443 3856 598 3932 apostolica
616 3855 807 3914 benedictione
835 3853 972 3926 perfusus,
999 3852 1029 3908 in
1055 3852 1108 3910 iter
1200 3857 1244 3909 13.
1262 3855 1368 3911 Interea
1382 3854 1457 3911 veuit
1471 3855 1506 3912 ad
1521 3871 1614 3929 regem
1642 3858 1789 3932 episcopus
1803 3858 1963 3921 occidenta-

304 3953 398 4020 rediit,
413 3946 548 4005 bellinum
564 3943 723 4016 episcopum
738 3943 773 4000 de
796 3957 847 3998 sno
862 3941 1109 3999 reditavaldeau·
1160 3941 1228 4000 lium
1243 3942 1390 4014 Saxonum,
1407 3944 1517 4002 nomine
1548 3945 1694 4016 tilbertus,
1724 3946 1765 4004 uir
1797 3950 1907 4004 sanctus
1936 3957 1963 4006 et

303 4049 429 4116 spectum
441 4032 698 4104 latusndiit,eique
712 4031 800 4089 tribus
817 4029 895 4086 annis
909 4029 964 4088 lida
977 4031 1108 4088 societate
1160 4031 1355 4090 ecclesiasticis
1368 4032 1519 4105 disciplinis
1544 4033 1668 4106 apprime
1697 4035 1843 4106 institutus,
1872 4037 1919 4111 qui
1933 4046 1961 4095 et

304 4128 430 4189 adhaesit.
444 4129 468 4182 Δ
481 4139 536 4198 qna
551 4129 685 4186 attonsus,
700 4120 729 4176 iu
742 4127 816 4176 tanta
827 4127 868 4176 est
879 4135 973 4176 amore
1000 4118 1108 4175 babitus
1160 4121 1250 4178 eidem
1269 4120 1329 4193 regi
1349 4137 1449 4194 magno
1466 4119 1554 4180 fuerat
1575 4122 1766 4180 familiaritatis
1780 4139 1873 4182 amore
1887 4141 1958 4183 con-

303 4229 338 4278 nt
351 4219 429 4274 illum
442 4213 495 4272 sibi
510 4210 650 4269 uaeredem
665 4209 754 4265 facere
780 4208 922 4280 cogitaret.
938 4208 993 4265 Sed
1006 4224 1041 4264 ue
1055 4209 1107 4266 hoc
1156 4210 1273 4280 junctus.
1289 4209 1348 4279 llic,
1364 4217 1476 4284 rogatus
1490 4227 1590 4284 aroge,
1604 4209 1805 4268 Wiliridumad
1819 4215 1959 4287 presbyte-

303 4309 366 4367 fiert
378 4313 479 4380 posset,
493 4302 655 4358 manasen
669 4297 774 4354 crudeti
788 4304 875 4354 morte
895 4306 1064 4368 peremptus,
1078 4304 1108 4355 et
1159 4307 1234 4354 ratus
1258 4297 1374 4354 officium
1402 4299 1547 4370 promovit,
1574 4307 1668 4371 utpote
1695 4315 1777 4372 quem
1805 4304 1958 4362 sacerdotio

303 4393 572 4456 Wiliridusadsuae
584 4388 685 4460 potius,
701 4387 754 4444 boc
785 4394 827 4442 est
852 4385 1003 4458 nuptorum
1030 4401 1106 4459 qen·
1158 4385 1235 4458 fungi
1250 4387 1446 4458 dignissimum
1462 4403 1523 4446 esse
1537 4389 1676 4461 coguovit.
1705 4389 1779 4444 nota
1805 4399 1846 4446 est
1868 4399 1959 4450 autem

303 4491 340 4548 tis
353 4486 541 4558 episcopatum
554 4484 715 4534 reservatus.
732 4474 874 4546 Siquidem
901 4473 997 4546 regina
1017 4475 1106 4530 Fran·
1158 4489 1193 4530 ea
1206 4481 1366 4545 tempestate
1380 4476 1495 4548 quaestio
1510 4475 1742 4534 deobservatioue
1757 4475 1878 4550 Pasobae,
1898 4497 1961 4554 quea

302 4569 617 4640 commeatempestate
631 4578 733 4620 saram
761 4560 892 4618 Ecclesiae
919 4559 1018 4617 Christi
1033 4568 1105 4617 tem·
1158 4569 1299 4635 magnast
1313 4563 1439 4635 frequens
1462 4570 1572 4620 eatenus
1601 4565 1750 4634 exstiterat,
1780 4565 1959 4637 probantibus

301 4670 435 4740 postetam
448 4656 586 4714 intulerat.
612 4653 684 4710 Nam
713 4649 878 4708 daemouiuci
914 4648 1014 4708 furoris
1040 4650 1105 4723 igne
1157 4651 1241 4708 simul
1256 4659 1283 4708 et
1295 4651 1517 4710 confirmantibus
1531 4652 1572 4710 eis
1586 4654 1631 4724 qui
1646 4654 1681 4710 de
1710 4653 1804 4710 Cantia
1818 4662 1845 4710 et
1860 4656 1957 4714 Galliis

301 4764 444 4819 suspensa,
459 4738 842 4804 losumsomniumbonorum
860 4736 976 4808 inhiare,
995 4737 1105 4794 inhians
1157 4741 1335 4808 advenerant,
1351 4740 1423 4811 quod
1438 4741 1522 4799 Scotti
1546 4742 1622 4799 diem
1650 4741 1821 4798 Dominicum
1850 4745 1958 4804 Paschae

301 4840 406 4916 rupinis
416 4844 445 4894 et
456 4829 706 4906 depredationibus
719 4837 845 4898 mlum,
874 4835 993 4885 muana
1019 4825 1103 4885 aucei
1116 4815 1142 4878 D
1155 4827 1325 4886 celebrarent
1338 4837 1431 4886 contm
1441 4843 1543 4887 morem
1557 4829 1716 4888 uniuersalis
1729 4831 1872 4888 Ecclesia.
1884 4833 1958 4892 Nem

301 4931 405 4989 multos
418 4915 620 4983 examinatione
633 4919 773 4987 detonare,
789 4925 816 4973 et
830 4915 960 4974 damnata
988 4915 1103 4972 immani
1156 4916 1242 4974 Scotti
1258 4934 1343 4988 usque
1368 4917 1444 4974 adid
1459 4919 1592 4990 temporis
1607 4919 1801 4992 scripturarum
1821 4919 1891 4977 serie
1903 4921 1957 4981 hac

302 5019 400 5078 mortis
413 5013 521 5072 feritate
536 5022 646 5065 necare.
671 5005 759 5073 Unde,
774 5011 805 5060 ut
817 5003 873 5060 alia
886 5011 990 5062 mceam
1005 5004 1103 5076 quain
1155 5005 1190 5062 de
1204 5022 1236 5063 re
1250 5006 1404 5078 disputante
1432 5023 1486 5064 nou
1515 5007 1597 5079 plena
1622 5006 1723 5078 edocti,
1741 5023 1814 5079 saepe
1827 5008 1954 5067 Domini-

301 5112 461 5168 jmumsms
483 5096 561 5172 quasi
588 5095 708 5152 minores
735 5091 855 5150 crudelia
881 5092 1012 5162 exercuit,
1040 5099 1103 5151 octo
1155 5109 1218 5153 cum
1232 5095 1342 5154 Pascite
1358 5095 1431 5152 diem
1445 5095 1617 5152 celebrabant
1630 5111 1693 5152 cum
1725 5104 1799 5152 esset
1813 5097 1957 5158 Dominica

303 5194 486 5256 molestarum
496 5189 590 5244 Patres
603 5199 669 5242 ense
681 5181 807 5255 peremit,
818 5181 987 5254 cumquibus
1001 5189 1103 5251 etprae-
1153 5183 1255 5240 diesin
1270 5183 1382 5254 Palmis,
1410 5201 1444 5242 ea
1456 5199 1486 5241 re
1501 5185 1574 5254 quod
1600 5185 1661 5255 ipsa
1674 5183 1719 5240 die
1733 5185 1840 5244 decima
1855 5198 1954 5258 quarta

301 5288 405 5346 dictum
419 5274 606 5342 reamandum
620 5272 766 5329 antistitem
780 5270 838 5342 pari
866 5269 1007 5327 baiariae
1020 5284 1103 5341 poena
1154 5270 1219 5328 luno
1232 5280 1315 5341 essct,
1331 5287 1391 5344 quaa
1407 5272 1538 5330 terminus
1552 5280 1591 5330 est
1607 5273 1660 5328 diei
1689 5273 1839 5331 Pascbalis.
1857 5276 1954 5334 istius·

302 5368 524 5433 mortisexemit.
540 5362 628 5432 Quem
647 5375 733 5434 usqae
746 5359 782 5415 ad
796 5357 887 5415 locum
901 5374 957 5416 suae
971 5358 1032 5414 neci
1046 5358 1102 5413 dis·
1152 5359 1228 5416 modi
1242 5367 1323 5418 secte
1336 5359 1378 5418 uir
1392 5361 1561 5417 sancasimar
1575 5360 1639 5420 rite
1667 5361 1787 5418 aidanus
1813 5379 1863 5420 suo
1879 5373 1950 5424 tem-

301 5463 423 5539 pffipum
437 5453 588 5515 witoldus
602 5452 712 5510 secutus
723 5456 775 5517 est,
791 5447 906 5521 cupiens
933 5463 984 5519 pro
1012 5462 1056 5517 eo,
1076 5446 1100 5504 ai
1153 5463 1222 5522 pore
1236 5447 1339 5522 mande
1359 5447 1559 5506 firmamentum
1588 5448 1676 5506 fuerat
1699 5450 1843 5524 intantum,
1877 5463 1905 5511 ut
1937 5471 1954 5514 a

301 5551 507 5615 concederetur,
520 5549 568 5600 ant
579 5547 652 5598 certe
666 5553 729 5596 cum
742 5551 786 5608 eo,
800 5535 826 5593 si
838 5536 1050 5610 permitteretur,
1064 5535 1102 5592 si-
1153 5538 1257 5596 cunctia
1271 5537 1347 5611 quasi
1361 5553 1440 5610 aquo
1455 5540 1546 5597 animo
1561 5537 1731 5608 toleraretur,
1760 5540 1826 5598 dum
1852 5543 1953 5600 eximia

303 5642 359 5699 mul
373 5637 470 5714 pudic
482 5630 566 5692 mori.
582 5625 843 5686 Pernmnaidllaret
855 5624 1101 5698 episcopuamudis
1152 5625 1181 5680 iu
1199 5640 1281 5698 opera
1294 5624 1346 5682 Dei
1359 5641 1468 5684 morum
1484 5627 1567 5700 ipsius
1581 5627 1750 5686 conuersatio
1766 5629 1953 5686 considerare·

301 5729 434 5790 omnibu,
446 5719 595 5783 interdixit,
608 5725 637 5775 et
648 5731 685 5774 ne
712 5721 816 5772 tautum
836 5712 970 5787 daqidnm
988 5712 1101 5786 flagitiis
1153 5721 1207 5770 tur.
1223 5713 1288 5782 Sed,
1303 5713 1351 5772 illo
1365 5715 1503 5788 defuncto,
1515 5717 1644 5786 Pinanus,
1659 5715 1774 5787 uestigia
1785 5725 1865 5773 sectae
1878 5716 1952 5772 illius

301 5822 357 5878 sui,
367 5815 534 5893 ‘lupam
545 5807 706 5881 adjicerent,
720 5802 819 5861 Plaristi
846 5801 984 5863 miseratio
997 5802 1101 5861 sandi·
1152 5818 1203 5875 par
1215 5802 1307 5860 omnia
1321 5819 1448 5877 sequens,
1462 5805 1490 5864 in
1504 5807 1690 5880 episcopatum
1713 5804 1773 5874 eius
1787 5804 1950 5876 subrogatus

302 5925 355 5983 qu,
370 5895 619 5982 ,mmanuelis
632 5891 789 5962 interdixitr
805 5907 914 5969 qnoque
936 5900 1000 5952 tunc
1027 5899 1100 5950 tam·
1152 5899 1213 5951 eat:
1230 5907 1284 5965 quo
1300 5892 1475 5954 nibilominus
1493 5895 1556 5955 huic
1589 5895 1650 5956 tite
1681 5891 1792 5952 modum
1823 5889 1951 5956 faciente·
