4750 6725
1949 420 1958 447 Ι

320 634 390 693 1025
815 610 1024 680 DlSPU'l'thO
1043 610 1152 676 tubat
1172 612 1244 675 ctttl
1262 613 1483 677 clttttsttttto.
1903 632 1972 690 1020

319 757 384 830 quia
399 756 471 810 Deus
485 754 566 808 ltomu
582 750 667 805 lactus
689 748 718 805 in
741 756 818 804 utero
840 744 966 817 virginis,
981 756 1017 799 cx
1032 755 1113 798 carne
1126 738 1156 803 Α
1169 742 1269 799 ιιιειιιῐο
1292 750 1319 798 ει
1339 759 1429 800 sermo
1451 744 1577 800 habetur.
1603 744 1675 813 Quia
1696 762 1761 806 vero
1776 749 1895 822 Spiritus
1913 752 1963 809 Dei

319 843 452 917 virginis.
473 842 544 898 Nam
556 839 637 895 aliter
651 837 685 893 ab
699 834 825 909 originali
838 840 950 907 peccato
972 844 1027 887 non
1047 828 1124 885 lieret
1177 847 1232 887 non
1246 831 1410 887 estalterius
1433 832 1590 889 substantiae
1614 851 1695 905 quam
1719 838 1801 909 Deus,
1821 839 1870 895 sed
1892 842 1972 898 unius

320 931 459 998 immunis,
476 928 544 985 sicut
558 928 587 983 in
600 925 708 998 psalmo
723 925 823 997 legitur
838 941 844 977 :
864 944 874 971 ι
890 921 1031 991 tanquam
1045 932 1124 988 spon·
1177 919 1354 992 ejusdemque
1374 922 1485 976 omniuo
1506 922 1663 979 substantiae
1677 932 1718 981 εει
1731 926 1805 983 Deus
1819 936 1846 983 et
1859 928 1973 1000 Spiritus

321 1039 367 1077 sus
381 1018 531 1092 procedens
547 1017 582 1071 de
598 1014 721 1070 thalamo
735 1028 785 1069 suo
800 1012 888 1084 (Ptol.
905 1024 983 1077 nvut,
999 1008 1036 1077 6).
1055 1029 1066 1055 ι
1082 1005 1124 1059 td
1177 1008 1244 1076 eius,
1260 1024 1385 1080 compar,
1401 1016 1553 1065 costumas
1575 1019 1603 1065 et
1624 1013 1867 1083 consubstantialis,
1891 1018 1972 1087 quid-

323 1125 374 1166 nos
385 1110 466 1164 homo
481 1105 546 1161 exiit
561 1108 656 1175 atque,
668 1102 786 1157 Ieremia
796 1105 874 1165 teste,
889 1120 900 1147 u
917 1097 944 1151 in
960 1096 1039 1151 terris
1048 1094 1123 1149 visus
1177 1094 1243 1163 quid
1257 1096 1330 1149 enim
1345 1096 1380 1150 de
1394 1093 1454 1151 Deo
1474 1096 1650 1153 substantiale
1672 1108 1722 1167 est,
1746 1117 1829 1157 unum
1852 1111 1879 1158 ει
1901 1104 1973 1160 idem

323 1206 374 1264 cst,
391 1201 491 1253 etcum
514 1190 668 1248 hominibus
689 1196 865 1246 conversatus
878 1191 919 1241 est
933 1182 1064 1254 (Bartsch,
1079 1196 1123 1248 ιιι,
1177 1181 1288 1239 omuino
1300 1192 1356 1246 est;
1373 1199 1389 1239 a
1405 1199 1459 1255 quo
1474 1185 1545 1240 enim
1562 1187 1634 1241 Deus
1648 1186 1749 1258 aliquid
1764 1205 1779 1244 a
1793 1206 1823 1245 se
1837 1189 1972 1248 diversum

325 1288 381 1357 38).
399 1306 410 1334 ι
428 1283 510 1339 Ροιιε
524 1281 618 1337 clausa
632 1277 693 1345 erit,
709 1276 771 1349 quia
784 1276 845 1332 viro
859 1269 982 1331 olausa'⁸
996 1270 1055 1337 erit,
1072 1284 1125 1324 uec
1177 1268 1335 1340 acciperet‘l
1348 1270 1421 1339 quia,
1437 1270 1560 1342 inquam,
1585 1273 1622 1328 ita
1643 1284 1693 1341 est,
1718 1279 1890 1346 wasagum„
1912 1280 1974 1352 qui,

323 1374 366 1431 vir
384 1370 509 1428 transibit
522 1384 573 1439 per
586 1382 657 1424 eam.
674 1364 775 1420 Clausa
789 1361 905 1434 principi
920 1358 1080 1424 servabitur,
1096 1362 1126 1411 ut
1177 1356 1250 1413 Deus
1264 1365 1304 1413 εει
1318 1358 1407 1427 Pater,
1422 1359 1495 1414 Deus
1507 1360 1602 1430 Filius,
1617 1361 1691 1417 Deus
1714 1362 1830 1435 Spiritus
1854 1376 1972 1437 sanctus,

322 1478 373 1535 por
386 1476 444 1517 eam
459 1456 641 1529 ingrediatur,
656 1452 721 1525 quia
735 1451 868 1507 Dominus
882 1450 954 1505 Deus
968 1444 1051 1501 lsrael
1078 1444 1123 1498 in·
1178 1451 1308 1500 ettamen
1323 1462 1379 1500 non
1400 1455 1456 1501 tres
1479 1446 1533 1509 dii;
1547 1447 1597 1503 scd
1611 1465 1679 1504 ιιιιιιε
1693 1459 1733 1505 εει
1746 1452 1828 1521 Deus,
1842 1454 1933 1524 Pater,
1949 1465 1976 1512 et

325 1565 433 1623 gressus
448 1553 491 1603 εει
504 1561 554 1617 per
567 1558 638 1599 eam.
649 1542 744 1612 Neque
758 1540 829 1595 enirn
843 1544 906 1592 ants
919 1532 1124 1604 conceptionem
1178 1532 1270 1599 Filius,
1286 1541 1313 1588 et
1328 1534 1444 1603 Spiritus
1459 1542 1576 1590 sauctus.
1596 1536 1705 1592 Nullam
1729 1554 1796 1595 vero
1818 1540 1846 1595 ia
1869 1542 1976 1599 deitatis

324 1646 350 1695 ct
376 1644 483 1710 partum
506 1632 605 1690 Christi
630 1637 716 1687 mater
738 1629 797 1698 ejus
820 1626 877 1685 viro
898 1623 918 1653 '⁹
943 1620 1123 1695 cogniturus,
1177 1620 1280 1675 unitate
1299 1621 1443 1693 recipimus
1465 1623 1660 1693 triplicitatem,
1685 1627 1813 1697 quoniam
1836 1629 1977 1701 triplicitas

326 1726 455 1797 quonium
478 1730 557 1794 porta
580 1720 672 1776 clausa
691 1717 761 1786 erit,
785 1722 866 1786 atque
889 1714 982 1769 clausa
1004 1706 1124 1779 principi
1179 1708 1248 1764 tollit
1262 1709 1385 1765 essentiae
1408 1710 1609 1780 simplicitatem
1635 1730 1641 1765 :
1665 1714 1789 1785 quamvis
1812 1716 1975 1787 recipiamus

328 1813 491 1871 servabitur.
525 1810 559 1865 Ει
582 1808 708 1879 quoniam
736 1812 821 1861 tutum
850 1803 901 1859 hoc
927 1794 1125 1855 iucarnationis
1177 1810 1353 1865 personamm
1372 1796 1527 1867 trinitatem,
1544 1799 1671 1869 quoniam
1694 1817 1869 1872 personarum
1893 1807 1973 1862 triui-

328 1900 478 1959 Dominicae
492 1897 651 1969 mysterium
662 1894 720 1950 sola
730 1894 829 1950 virtute
839 1890 931 1946 divine
941 1887 999 1943 sine
1009 1888 1127 1940 humano
1177 1890 1220 1937 tas
1232 1884 1354 1941 essentiae
1367 1900 1422 1941 uon
1437 1886 1532 1941 adimit
1552 1887 1694 1943 unitatem.
1718 1889 1897 1947 Commodius
1909 1909 1975 1950 vero

327 1990 455 2063 contagio
469 1988 610 2059 peractum
625 1992 674 2051 est,
690 1981 755 2038 alibi
770 1981 905 2052 propheta
927 1976 1013 2032 isaias
1035 1972 1101 2028 dicit
1117 1987 1123 2023 :
1179 1970 1234 2028 dici
1254 1980 1346 2043 potest
1368 1989 1549 2043 personarum
1572 1975 1686 2045 trinitas,
1702 1992 1783 2049 quam
1797 1994 1976 2048 personarum

328 2082 471 2145 «Durate,
487 2074 560 2142 coeli,
575 2072 703 2143 desuper,
731 2078 757 2126 ει
779 2069 865 2124 nubes
888 2067 981 2138 pluent
1000 2063 1103 2133 justum
1116 2076 1122 2121 ;
1137 2084 1164 2144 Β
1181 2059 1335 2129 triplicitas,
1359 2076 1394 2117 ne
1416 2078 1588 2133 unaquaeque
1611 2078 1728 2133 persona
1756 2065 1976 2139 subintelligatur

325 2167 466 2239 aperiatur
489 2166 570 2229 terra,
586 2166 613 2217 ει
632 2158 766 2233 germinet
790 2156 915 2213 Salvator
931 2168 961 2208 ιιι
976 2152 1043 2221 (ιεε.
1057 2164 1124 2219 ιιι,
1181 2147 1321 2221 tripliciter
1334 2159 1458 2220 accepta.
1482 2151 1538 2207 Sed
1559 2153 1690 2221 quoniam
1703 2154 1774 2208 inter
1787 2154 1884 2210 fideles
1900 2155 1976 2212 solos

330 2260 372 2329 8).
395 2254 506 2321 aliare,
521 2249 619 2322 inquit,
644 2255 671 2305 ει
691 2246 764 2303 nube
787 2244 907 2312 coelesti,
931 2243 983 2298 hoc
1005 2247 1045 2296 est
1068 2238 1127 2294 sola
1180 2234 1215 2292 de
1229 2237 1330 2292 unitate
1344 2238 1454 2293 deitatis
1468 2254 1500 2294 ac
1514 2253 1690 2308 personarum
1715 2241 1830 2298 trinitate
1844 2242 1872 2297 in
1886 2243 1974 2299 deita-

327 2343 463 2402 crsatione
480 2349 510 2397 et
523 2336 681 2411 operatione
701 2335 762 2403 Dei,
787 2334 857 2389 sicut
873 2331 955 2404 paulo
977 2335 1038 2401 post
1058 2326 1126 2382 sub·
1181 2326 1215 2382 tis
1238 2324 1351 2395 unitate,
1366 2341 1456 2382 sermo
1469 2325 1610 2381 habendus
1624 2334 1675 2396 εει,
1691 2327 1755 2399 quia
1775 2330 1834 2384 sine
1853 2332 1976 2401 periculo

328 2433 417 2491 didit:
433 2454 444 2479 ι
461 2430 519 2500 Ego
534 2425 667 2482 Dominus
682 2423 772 2480 creavi
786 2437 847 2477 eum
864 2420 942 2490 (ibid.
959 2420 1127 2488 li):aperta
1180 2417 1287 2485 dicitur,
1319 2414 1452 2486 quidquid
1485 2414 1642 2471 ventilando
1663 2414 1694 2444 ¹⁰¹
1713 2416 1863 2486 discutitur,
1895 2426 1977 2490 atque

327 2530 368 2579 est
382 2530 466 2588 terra,
483 2524 575 2572 uterus
591 2512 720 2569 videlicet
733 2509 862 2582 virgime,
873 2515 900 2563 ει
914 2506 1023 2579 protulit
1032 2505 1125 2561 Salva·
1180 2505 1349 2562 auctoritatis
1369 2502 1524 2558 testimonio
1544 2502 1678 2574 dirigitur,
1693 2502 1715 2557 si
1729 2501 1780 2573 vis,
1794 2506 1976 2574 procedamus

326 2620 423 2669 torem.
440 2606 568 2675 Princeps
589 2602 647 2673 ipse
671 2599 777 2656 sedebit
791 2598 818 2652 in
833 2612 875 2666 ea,
891 2595 1018 2667 quoniam
1042 2594 1069 2648 in
1092 2606 1125 2647 ea
1180 2596 1216 2650 ad
1244 2593 1350 2663 reliqua
1380 2591 1416 2646 de
1448 2590 1555 2646 Christo
1586 2589 1786 2659 Scripturarum
1805 2592 1974 2654 testimonia.

324 2712 431 2771 quoque
445 2692 620 2756 humanitate,
632 2705 712 2760 quarn
729 2686 850 2743 Christus
866 2700 916 2757 pro
932 2684 1011 2739 nobis
1021 2698 1125 2737 assum·
1180 2684 1277 2738 Postea
1292 2681 1324 2735 ad
1340 2681 1408 2748 hmo,
1424 2685 1503 2749 prout
1515 2677 1670 2749 poterimus,
1690 2678 1859 2736 discutienda
1880 2697 1974 2738 rerer-

323 2789 386 2860 psit,
403 2783 496 2841 omnia
511 2780 563 2837 sibi
578 2778 682 2834 subdita
707 2774 822 2845 accepit.
845 2773 923 2829 Unde
938 2780 962 2829 et
978 2772 1005 2826 in
1020 2769 1125 2841 psalmo

324 2877 424 2933 dicitur
439 2888 445 2929 :
461 2895 472 2922 ι
485 2868 603 2926 Minuisti
619 2882 682 2922 eum
697 2862 881 2935 paulominus
894 2860 1053 2932 ahangetis,
1065 2860 1124 2929 glo-

324 2966 365 3021 ria
389 2961 543 3019 ethonore
570 2954 702 3011 coronasti
730 2968 806 3018 curn,
823 2959 851 3007 et
877 2948 1037 3005 constituisti
1062 2961 1124 3001 eum

1179 2776 1279 2827 ternur.
1296 2766 1428 2838 Quamvis
1442 2767 1514 2822 enim
1529 2768 1582 2821 hoc
1595 2767 1756 2836 mysterium
1770 2768 1842 2823 nulla
1857 2770 1977 2827 humana

1179 2860 1249 2914 ratio
1270 2865 1360 2929 potest
1381 2854 1627 2925 comprehendere,
1648 2861 1738 2910 tamen
1754 2877 1765 2903 ι
1782 2855 1905 2912 videmus
1927 2874 1978 2929 per

1180 2946 1324 3017 speculum
1338 2945 1367 3000 in
1381 2943 1525 3015 enigmate
1536 2942 1564 3011 (ι
1574 2941 1641 2998 Cor.
1652 2958 1713 3011 xm,
1725 2942 1779 3014 ιι).
1793 2963 1849 2995 »—
1862 2968 1874 2995 ι
1885 2945 1978 3003 ιειιει·

328 3067 412 3124 super
427 3064 510 3122 opera
523 3060 656 3101 manuum
672 3051 776 3098 tuarum
793 3040 879 3107 (Psal.
891 3052 949 3105 ιιιι,
966 3038 1003 3107 6).
1018 3058 1028 3083 n
1046 3033 1125 3089 Com·
1178 3035 1245 3090 bilia
1260 3034 1331 3089 enim
1341 3032 1400 3098 Dei,
1411 3046 1461 3101 per
1474 3046 1507 3085 ea
1520 3046 1582 3102 quae
1596 3028 1668 3085 lauta
1681 3038 1754 3097 sunt,
1765 3031 1902 3089 intellecta
1915 3050 1977 3092 com

326 3142 380 3199 edit
394 3153 493 3211 panem
503 3148 592 3191 coram
604 3130 730 3197 Domino,
743 3128 848 3183 faciens
858 3126 1025 3183 voluntatem
1037 3121 1125 3177 Patris
1178 3121 1340 3193 spiciuntur,
1356 3119 1518 3189 sempiterna
1542 3134 1650 3188 quoque
1663 3118 1724 3189 eius
1738 3118 1821 3174 virtus
1834 3128 1860 3176 et
1874 3121 1977 3180 divini-

329 3232 380 3296 sui,
398 3226 443 3298 qui
458 3240 519 3281 eum
535 3220 607 3277 misit
628 3220 661 3274 ad
681 3234 739 3274 nos.
763 3217 803 3271 De
818 3217 869 3271 hoa
883 3213 1009 3280 Domino,
1026 3218 1053 3267 ει
1065 3211 1124 3265 Do·
1179 3218 1220 3265 tas
1234 3212 1323 3281 (Rom.
1337 3227 1357 3274 ι,
1369 3210 1425 3277 20).
1444 3230 1455 3255 ι
1476 3205 1544 3261 illud
1557 3220 1664 3276 quoque
1678 3205 1975 3283 1’ἰιιιιιιιειειιιριιιιιι,

329 3318 412 3386 mino,
434 3315 461 3370 in
483 3311 587 3385 psalmo
608 3306 726 3363 dicitur:
746 3328 756 3353 ι
773 3303 848 3359 Dixit
863 3300 993 3357 Dominus
1007 3298 1124 3355 Domino
1180 3299 1254 3372 quod
1267 3296 1416 3352 refellendo
1430 3293 1554 3365 posuisti,
1569 3294 1636 3349 nibil
1652 3310 1703 3349 uos
1716 3294 1841 3368 impedit.
1861 3298 1978 3355 sienim

326 3422 389 3464 meo
405 3423 412 3461 ι
430 3402 502 3459 Sede
518 3415 534 3456 a
549 3397 653 3455 dextris
668 3394 829 3464 meis(l’sul.
845 3405 902 3458 clx,
914 3390 950 3460 l).
965 3411 975 3438 l
994 3388 1060 3457 Quis
1071 3387 1124 3442 Do·
1178 3396 1267 3444 mater
1280 3385 1386 3453 Christi,
1402 3384 1437 3440 de
1451 3383 1532 3453 cujus
1545 3399 1625 3440 carne
1639 3384 1668 3437 in
1682 3384 1740 3453 ejus
1760 3393 1838 3441 utero
1853 3387 1977 3444 Christus

328 3497 417 3552 miuus
431 3494 484 3548 hoc
498 3487 589 3544 dicati
604 3493 630 3540 ει
644 3484 687 3539 cui
697 3481 814 3538 Domino
824 3480 877 3536 huc
887 3477 981 3533 dicati
996 3476 1058 3530 audi
1067 3475 1124 3531 evi·
1179 3491 1289 3533 centem
1308 3472 1420 3543 aceepit,
1435 3471 1470 3526 de
1483 3471 1587 3526 semine
1600 3470 1716 3526 Abrahae
1730 3475 1790 3526 orta
1803 3471 1865 3539 luit,
1880 3474 1915 3530 de
1929 3491 1975 3530 se.

325 3584 433 3640 dontius
455 3580 483 3634 in
504 3577 557 3632 alio
577 3573 706 3645 psalmo:
726 3568 885 3624 ‹Dominus
910 3565 979 3620 dixit
1002 3563 1036 3620 nd
1056 3579 1121 3618 me:

327 3673 410 3729 Filius
423 3683 500 3724 meus
515 3681 544 3720 es
559 3670 597 3730 tu,
611 3676 664 3734 ego
676 3659 759 3715 hodie
774 3657 854 3729 genui
869 3663 905 3710 te.
917 3652 1026 3709 Postula
1040 3668 1056 3706 a
1070 3665 1124 3719 me,

329 3768 354 3818 ει
368 3759 438 3815 dabo
455 3739 508 3812 tihi
517 3760 616 3826 gentes
631 3746 819 3804 haereditatem
834 3751 915 3808 tuam,
931 3750 956 3797 et
971 3738 1125 3812 possessio-

328 3865 390 3904 nem
405 3856 481 3901 tuam
498 3841 628 3898 terminos
643 3845 722 3892 terrae
736 3835 822 3902 (Ρεει.
833 3849 862 3901 ιι,
874 3835 900 3900 ι,
913 3833 952 3899 8).
966 3853 977 3878 ι
996 3828 1126 3884 Dominus

326 3953 392 4010 ergo
408 3941 450 3991 εει
463 3935 554 3996 Ρειει,
569 3927 701 3983 Dominus
716 3930 742 3980 et
757 3921 850 3977 Filius.
879 3921 933 3976 Sed
948 3918 1012 3989 quia
1026 3919 1052 3972 iu
1067 3917 1126 3972 Deo

327 4025 393 4083 nihil
416 4029 456 4080 εει
479 4017 647 4077 extrinsecus
662 4019 810 4082 sumptum,
826 4017 852 4066 ει
865 4010 938 4081 apud
951 4008 1036 4063 Deum
1051 4004 1126 4060 nulla

328 4126 481 4185 temporum
504 4103 664 4162 vicissitudo
688 4118 735 4157 seu
758 4097 927 4154 murabilitas
941 4105 990 4162 est,
1004 4103 1085 4166 atque
1099 4094 1127 4148 in

328 4205 384 4259 Deo
400 4199 471 4256 nulla
494 4193 623 4252 esseutiae
645 4189 789 4246 diversitas
812 4184 928 4256 intelligi
950 4189 1049 4254 potest,
1065 4182 1127 4252 quis

331 4292 402 4350 anim
418 4289 445 4343 in
458 4288 517 4341 Deo
535 4283 644 4339 diversa
666 4276 827 4349 copularet?
849 4275 912 4346 qnia
931 4288 997 4345 ergo
1021 4271 1049 4325 in
1068 4271 1126 4326 Deo

1178 3565 1252 3619 mine
1264 3562 1385 3616 abraha
1398 3559 1520 3614 Christus
1533 3557 1666 3629 originem
1682 3557 1770 3626 duxit,
1781 3563 1905 3629 quamvis
1918 3563 1977 3620 siue

1179 3653 1235 3708 ullo
1250 3650 1303 3706 viri
1318 3647 1423 3704 semine
1434 3647 1468 3701 de
1481 3645 1589 3718 virgine
1602 3653 1689 3701 matta
1702 3652 1778 3703 ortus
1791 3647 1850 3704 luit.

1513 3749 1638 3790 ruamus.

1215 3827 1244 3884 si
1273 3825 1314 3881 lus
1340 3831 1381 3880 est
1408 3821 1563 3877 Christianis
1587 3822 1640 3876 hoc
1666 3823 1749 3877 modo
1777 3822 1928 3894 Scripturas
1941 3824 1978 3883 de

1180 3916 1285 3972 Christo
1299 3913 1395 3985 legere
1407 3919 1434 3966 et
1447 3909 1627 3981 interpretari,
1642 3909 1728 3964 multo
1742 3910 1818 3981 plura
1832 3911 1978 3970 invenietis

1180 4019 1240 4077 qum
1262 4003 1300 4057 ita
1320 4015 1430 4071 quoquo
1457 3999 1540 4053 modo
1569 3997 1691 4069 poteritis
1713 3999 1899 4070 interpretari.
1921 4002 1979 4059 Nos

1179 4101 1283 4150 vestras
1296 4088 1400 4146 litteras
1413 4086 1559 4156 nescimus,
1569 4093 1597 4142 et
1610 4086 1724 4142 ιοιιεεεε
1737 4086 1821 4142 multa
1835 4087 1902 4144 dicis
1916 4105 1978 4147 εεεε

1181 4179 1252 4252 apud
1276 4193 1324 4234 vos
1345 4176 1452 4246 scripta,
1469 4191 1529 4245 quae
1553 4174 1626 4244 apud
1646 4189 1697 4229 nos
1720 4173 1820 4244 scripta
1841 4192 1899 4233 esse
1921 4193 1978 4235 non

1180 4268 1328 4325 credimus.
1351 4263 1404 4320 Sed
1421 4263 1444 4318 si
1458 4264 1531 4318 Deus
1545 4260 1611 4316 mihi
1625 4271 1651 4317 et
1665 4260 1714 4316 tihi
1738 4262 1823 4317 ritum
1846 4273 1978 4333 praetere

331 4379 398 4436 nihil
413 4379 510 4434 horum
527 4379 579 4442 est,
592 4368 640 4424 scd
655 4364 787 4439 quidquid
809 4363 836 4417 iu
858 4377 891 4418 eo
914 4369 969 4429 est,
995 4375 1078 4414 uuum
1102 4363 1129 4412 et
1180 4355 1307 4421 noluerit,
1331 4351 1427 4421 majori
1442 4350 1497 4405 otio
1510 4349 1546 4404 ad
1560 4353 1588 4405 te
1601 4353 1732 4416 revertar,
1754 4349 1883 4406 libmmm
1907 4368 1978 4409 con-

333 4469 405 4524 idem
420 4464 531 4522 omnino
555 4453 766 4514 substantialiter
788 4458 845 4519 εει,
869 4457 932 4504 ante
952 4447 1043 4504 omnia
1067 4445 1127 4502 exi-
1182 4442 1301 4499 seramus
1315 4440 1388 4511 apud
1402 4454 1453 4494 nos
1467 4445 1493 4493 et
1507 4437 1581 4507 apud
1603 4450 1653 4492 vos
1676 4437 1856 4507 exemplaria,
1881 4446 1907 4494 et
1927 4440 1979 4495 ista

330 4555 435 4623 stando,
451 4556 478 4608 et
493 4557 554 4623 post
567 4544 659 4603 omnia
682 4539 863 4606 subsistendo,
879 4535 1053 4606 consequitur
1066 4533 1129 4606 quia
1181 4531 1350 4602 requiremus
1382 4524 1520 4595 exempla.
1544 4524 1606 4594 lpse
1626 4523 1735 4594 quidem
1758 4524 1845 4580 iateor
1865 4542 1978 4583 summas

330 4646 397 4703 sicut
411 4645 491 4699 Pater
513 4646 554 4695 est
576 4636 659 4702 Deus,
675 4639 702 4688 ει
716 4629 800 4686 Filius
814 4628 888 4683 Deus
910 4629 951 4681 est
964 4623 995 4653 ¹⁹⁰
1008 4639 1128 4695 compar,
1181 4619 1301 4690 ineptia,
1316 4617 1372 4672 imo
1386 4613 1530 4671 dementiae
1549 4627 1619 4683 εεεε,
1643 4625 1692 4668 seu
1714 4627 1767 4680 me,
1782 4627 1830 4668 seu
1843 4620 1871 4668 ιε
1884 4621 1981 4671 εειιιε

331 4742 483 4792 aoaeternus
507 4733 533 4782 ει
556 4715 801 4786 eortsubstantialis,
817 4722 980 4772 nontamen
998 4712 1054 4768 duo
1079 4711 1126 4778 dii,
1183 4706 1319 4777 evidentia
1333 4704 1535 4773 Scripturamm
1550 4701 1675 4771 exempla
1698 4707 1725 4755 et
1747 4701 1918 4758 auctoritates
1930 4719 1980 4760 re·

330 4824 380 4881 εειι
394 4837 463 4876 unus
477 4816 609 4879 estDeus,
622 4809 752 4882 quianon
767 4804 888 4872 alterius,
900 4801 948 4858 sed
962 4800 1043 4856 unius
1057 4799 1128 4869 ejus·
1183 4797 1288 4864 sistere,
1305 4801 1331 4849 et
1345 4791 1445 4849 idcirco
1459 4806 1514 4847 nou
1538 4797 1581 4845 εει
1602 4804 1671 4861 οριιε
1685 4788 1854 4859 adpraesens
1868 4798 1894 4847 ιε
1907 4792 1980 4848 ulta-

331 4913 393 4968 dem
409 4907 518 4965 omuino
533 4899 688 4958 substantiae
703 4904 744 4952 est
757 4896 836 4949 Pater
849 4899 876 4948 et
890 4890 984 4947 Filius.
1004 4887 1078 4944 Idem
1095 4886 1129 4942 de
1183 4886 1239 4940 rius
1263 4881 1426 4952 disputando
1449 4877 1610 4950 procedere.
1628 4877 1699 4931 Nam
1716 4892 1823 4944 revera,
1838 4894 1888 4934 vos
1899 4878 1980 4934 Chri·

332 4998 433 5071 spiriu,
448 5000 540 5051 ,aneto
555 4986 669 5058 intelligi
683 4999 794 5040 necesse
808 4983 857 5036 εει.
870 4978 951 5043 Quod
965 4985 1055 5034 autem
1067 4974 1129 5045 Spi-
1184 4971 1273 5040 silani,
1289 4969 1374 5025 multa
1386 4967 1515 5039 profertis
1526 4966 1561 5021 dc
1575 4965 1636 5036 lege
1648 4971 1676 5020 ει
1688 4965 1835 5036 prophetis,
1850 4983 1911 5038 quse
1925 4981 1980 5023 nott

332 5089 399 5145 ,ilus
414 5077 520 5140 sanctus
543 5078 585 5145 sit,
611 5073 701 5130 multis
725 5068 924 5140 scripturarum
947 5066 1014 5122 louis
1036 5070 1129 5135 aperte
1183 5067 1249 5116 aunt
1258 5059 1360 5129 scripta
1373 5058 1400 5110 in
1414 5055 1477 5127 lege
1491 5061 1519 5109 ει
1530 5052 1679 5124 prophetis.
1691 5052 1760 5108 lllud
1772 5053 1844 5108 enim
1859 5055 1931 5125 quod
1943 5055 1980 5111 de

333 5175 412 5246 legis·
430 5194 441 5221 „
456 5167 572 5240 spirtius
582 5161 690 5219 pomini
704 5157 844 5214 ferebatur
856 5170 937 5225 super
950 5169 1034 5222 aquas
1047 5151 1127 5224 (Gen.
1183 5147 1302 5204 Jeremia
1315 5143 1427 5218 posuisti
1443 5160 1449 5197 :
1468 5165 1479 5190 ι
1498 5143 1560 5196 Ροει
1576 5141 1638 5196 ιιιεε
1658 5140 1688 5196 in
1711 5141 1790 5197 terris
1809 5142 1883 5198 Deus
1903 5144 1980 5201 visus

334 5281 353 5332 1,
377 5263 416 5332 ε),
444 5279 453 5308 ι
482 5257 516 5312 Et
539 5252 603 5310 alibi
628 5269 634 5305 :
663 5271 674 5298 ι
700 5245 790 5303 Verbo
813 5243 921 5299 Domini
946 5242 1009 5298 cmii
1032 5238 1130 5295 firmati
1184 5244 1234 5302 est,
1251 5244 1278 5291 et
1291 5249 1354 5290 cum
1374 5231 1531 5288 hominihus
1547 5237 1723 5286 conversatus
1736 5236 1775 5285 εει
1790 5230 1921 5301 (sarach.
1936 5248 1979 5302 ιιι,

334 5353 405 5416 sun),
420 5349 447 5403 et
461 5343 557 5416 spiritu
571 5340 627 5396 oris
641 5338 703 5408 ejus
716 5332 804 5390 omnis
817 5331 904 5388 virtus
924 5344 1018 5384 eorum
1034 5328 1125 5398 (Psoi.
1185 5323 1241 5395 38),
1256 5347 1266 5371 ·
1279 5321 1417 5390 multaque
1430 5319 1484 5374 alia
1496 5317 1559 5373 huic
1572 5317 1631 5372 usui
1644 5317 1767 5387 superius
1780 5332 1896 5388 annexa,
1906 5321 1981 5377 lere-

334 5453 420 5508 χχιιι,
437 5435 474 5508 6).
492 5453 505 5485 ι
521 5429 555 5486 ιιι
567 5425 633 5484 alibi
649 5442 655 5481 :
675 5447 687 5474 ι
704 5423 817 5479 8ειιειιιε
832 5418 904 5474 enirn
917 5416 1032 5488 Spiritus
1045 5414 1131 5470 disci-
1184 5412 1253 5468 mias
1266 5425 1322 5466 non
1335 5408 1414 5475 dixit,
1429 5421 1484 5462 uon
1497 5405 1614 5478 scripsit.
1628 5403 1708 5474 Quod
1719 5404 1742 5461 si
1756 5407 1808 5462 hoc
1821 5407 1849 5462 in
1862 5409 1980 5464 Jeremis

333 5528 416 5600 plinae
432 5520 543 5594 effugiet
557 5517 648 5573 fictum
662 5513 739 5584 (Sap.
755 5525 774 5578 r,
791 5510 830 5579 v),
848 5528 859 5558 n
877 5513 903 5562 et
917 5505 945 5560 in
959 5501 1130 5575 quampluri·
1184 5499 1316 5572 scriptum
1333 5513 1394 5554 csse
1413 5493 1565 5564 inveneris,
1590 5500 1687 5550 εειειε
1708 5495 1883 5552 veracissime
1905 5495 1981 5552 dicta

333 5617 384 5672 bus
398 5613 458 5671 affl,
473 5607 579 5670 peter),
593 5599 758 5661 Testamenti
771 5597 839 5656 loeis
864 5596 897 5651 de
922 5593 1024 5666 Spiritu
1037 5596 1129 5646 sancto
1185 5604 1245 5646 εεεε
1258 5585 1289 5616 ¹⁰⁸
1303 5583 1434 5644 concedo.
1451 5583 1480 5641 Si
1494 5590 1583 5640 autem
1596 5582 1625 5640 iu
1639 5583 1756 5639 Ieremia
1765 5599 1819 5639 non
1833 5583 1977 5654 inveneris,

986 5713 1108 5774 vlnus
1126 5707 1333 5792 taurianas.

368 5835 389 5870 ’⁸
402 5838 451 5895 ida.
472 5837 559 5899 ilem,
575 5825 637 5900 quia
650 5823 730 5895 virgo
744 5817 846 5876 clausa.
901 5813 984 5870 ”iis
1001 5813 1089 5879 item,
1104 5809 1196 5891 virgo.
1251 5804 1347 5863 ¹⁰lile.
1368 5807 1397 5864 S.
1414 5806 1475 5864 Ger.
1490 5805 1635 5863 ιιεειιεει.
1692 5802 1881 5861 waiam.
1897 5799 1978 5858 salva

335 5911 398 5970 fide.
454 5901 484 5937 ¹⁰¹
497 5903 554 5962 Mt.
570 5902 666 5966 uem,
682 5894 782 5965 itaqua.
837 5885 867 5918 ¹⁶⁸
880 5883 937 5944 Με.
953 5885 1042 5952 item,
1057 5895 1205 5942 vensstma
1218 5893 1287 5937 ειεε.
