4750 6725
431 573 486 629 ⁷⁵⁵
938 562 1095 622 musam
1120 558 1409 618 carmeniensis
1427 556 1584 615 uuuactu
2043 555 2098 610 ης
2169 554 2170 647 l

417 709 507 752 -suno
518 693 656 750 Tatwinus
670 689 781 763 quidem
796 686 956 762 presbyterii
979 686 1066 759 gradu
1093 683 1230 755 sublimis,
1245 684 1273 746 Α
1289 684 1450 755 proponitur
1464 684 1556 757 itaque
1570 682 1618 741 uiri
1634 698 1649 738 a
1663 682 1781 755 pueritia
1795 683 1853 739 lieo
1867 681 1957 758 digna·
1982 694 2100 738 conver-

435 782 601 840 vireximias
614 778 754 851 religionis
763 784 801 845 et,
815 778 888 851 quod
901 775 1068 849 praee-ipuum
1078 782 1128 846 est,
1143 788 1234 829 mona·
1289 772 1368 842 satio,
1384 771 1562 829 mansuetudo
1577 771 1611 828 ad
1626 787 1732 839 omnes,
1748 770 1927 827 humililasin
1952 768 2097 837 omnibns,
2169 768 2170 779 ¹

438 872 483 928 chi
496 870 668 943 professione
678 874 705 924 et
719 867 815 923 habitu
830 864 960 939 insignis,
976 880 1011 920 ex
1035 862 1115 920 totius
1137 861 1234 919 Eccle·
1289 860 1351 917 vitae
1366 862 1497 934 grauitas,
1514 867 1541 919 et
1554 860 1583 915 in
1595 861 1638 916 his
1651 859 1766 933 singulis
1780 866 1806 917 et
1820 859 1901 915 simul
1911 859 1939 915 in
1960 857 2097 914 omnibus

439 962 488 1018 sira
514 957 699 1015 sacratissima
726 954 859 1011 electione
897 953 1120 1024 archiepiscopus
1146 952 1235 1007 lacius
1290 950 1418 1007 continua
1444 965 1507 1007 curu
1537 948 1698 1005 discretione
1735 948 1877 1005 tortitudo.
1909 948 2043 1004 lleierlur
2071 946 2099 1001 in

439 1046 584 1120 supplevit.
600 1046 651 1101 liic
665 1052 708 1100 est
721 1044 768 1100 ille
797 1043 946 1109 Tatwiuus,
962 1058 1042 1114 quem
1069 1040 1235 1097 uenerabilis
1289 1040 1422 1110 populum
1435 1057 1441 1102 ;
1454 1039 1626 1095 consentiunt
1640 1053 1736 1093 omnes
1754 1038 1782 1092 iu
1800 1052 1894 1104 unum,
1915 1035 1999 1091 talem
2015 1033 2100 1091 vide·

437 1136 511 1191 lieda
525 1134 553 1191 in
567 1134 685 1188 Historia
700 1147 757 1201 sua,
772 1131 800 1187 id
815 1129 1124 1204 est,geutis1lnglomm
1152 1144 1235 1201 quarn
1290 1128 1354 1184 licet
1371 1126 1481 1183 Domini
1497 1142 1604 1183 servum
1619 1126 1811 1199 dignissimum
1843 1126 1901 1181 lore
1927 1130 2011 1179 mulae
2040 1122 2101 1178 Ec·

437 1224 533 1291 edidit,
563 1222 689 1279 ultimum
720 1219 876 1292 pontificem
904 1218 1112 1275 Contrariorum
1139 1218 1232 1287 ponit;
1290 1216 1382 1273 clesiae
1401 1216 1586 1273 sacerdotem.
1610 1214 1681 1285 Quid
1700 1216 1803 1285 plurs‘l
1822 1213 1945 1286 Rapitur,
1975 1220 2004 1267 et
2033 1212 2103 1267 licet

438 1328 543 1384 suoque
570 1319 693 1383 tempore
720 1316 775 1364 tam
802 1309 854 1379 ipsi
867 1306 986 1365 historiae
1000 1324 1081 1380 quam
1095 1322 1152 1363 suae
1168 1307 1236 1363 vitae
1290 1307 1403 1361 multum
1437 1304 1572 1374 obnitens,
1599 1302 1825 1377 grandaevitatem
1837 1316 2031 1375 qucquesnam
2039 1300 2102 1371 qui-

436 1402 550 1458 modum
565 1398 666 1471 posuit.
683 1398 755 1453 Sane
767 1395 897 1468 praelatus
922 1394 1165 1451 christianissimus
1186 1412 1236 1452 rex
1290 1395 1340 1449 bus
1354 1400 1462 1464 poterat
1475 1393 1620 1450 conatibus
1634 1392 1780 1463 objiciens,
1804 1391 1993 1463 patriarchatu
2022 1389 2101 1444 Can-

436 1489 598 1547 Wihtredus
611 1495 673 1543 ante
687 1487 746 1543 haec
760 1482 985 1541 nonnullisannis
994 1484 1068 1540 diem
1078 1498 1235 1555 supremum
1290 1482 1420 1539 tuariensi
1434 1480 1585 1539 investitur.
1601 1482 1676 1537 Deus
1686 1481 1714 1536 in
1729 1479 1900 1553 promotione
1916 1479 2008 1551 ipsius
2030 1478 2101 1533 sub·

437 1580 560 1646 sortitus,
594 1576 734 1631 liudberto
762 1572 884 1628 habenas
908 1573 986 1646 regni
1012 1571 1134 1644 reliquit.
1153 1571 1238 1643 Cujus
1291 1571 1349 1627 limi
1377 1570 1457 1628 totins
1471 1568 1710 1626 clericonllnentis
1724 1584 1792 1626 voce
1806 1567 1931 1639 corporis
1945 1582 1980 1624 ac
2007 1566 2102 1638 jubilo
2169 1576 2170 1579 ’

436 1668 515 1740 regni
529 1680 601 1721 anno
615 1662 760 1718 undecimo
775 1661 910 1716 Tatninus
932 1660 989 1730 (13)
1017 1659 1237 1731 archiepiscopus
1291 1659 1381 1718 cordis
1393 1659 1572 1717 collaudatur.
1589 1658 1658 1715 Dein
1672 1658 1825 1715 cantuarios
1839 1672 1870 1712 ιιι
1886 1654 2029 1713 Kalendas
2045 1655 2101 1711 Oc·

438 1756 521 1812 beato
536 1753 590 1808 fine
604 1750 719 1824 quievit,
734 1756 831 1821 quarto
845 1748 976 1805 videlicet
989 1763 1061 1803 anno
1074 1764 1128 1820 quo
1142 1748 1236 1803 archi·
1290 1749 1386 1819 labris,
1395 1763 1500 1804 summu
1509 1764 1571 1805 cum
1585 1749 1689 1803 honore
1699 1746 1757 1819 (ts)
1773 1754 1911 1812 sacratus,
1929 1744 2098 1801 cathedram

437 1844 623 1916 episcopatum
638 1838 720 1895 totius
732 1836 840 1909 Angliae
851 1836 1060 1910 gubernandum
1068 1844 1236 1907 susceperat.
1290 1836 1473 1909 pontificalem
1487 1838 1523 1893 ad
1538 1837 1690 1909 regendam
1704 1834 1857 1893 Ecclesiam
1872 1833 2098 1890 Deiexsultauti-

439 1933 527 2002 Quem
541 1926 704 1985 Nothelmus
719 1927 887 1991 subsecutus,
902 1924 1115 1999 quinquennale
1138 1924 1238 1981 Christi
1291 1928 1341 1983 hus
1355 1927 1458 1983 cunctis
1475 1926 1610 1983 ascendit.

437 2020 589 2078 Ecclesiam
613 2016 740 2073 nobiliter
757 2016 839 2071 rexit.
854 2015 952 2085 ltaque
978 2022 1042 2085 post
1067 2015 1137 2081 hec,
1164 2029 1277 2099 anncB
1328 2016 1474 2088 Speculum
1489 2016 1573 2089 igitur
1586 2015 1712 2072 omnihus
1738 2015 1832 2070 alteo
1862 2012 2039 2081 constitutus,
2059 2012 2098 2066 ita

439 2109 544 2167 scilicet
572 2105 774 2163 incarnationis
814 2102 965 2160 Dominicae
994 2102 1236 2176 septingentesimo
1291 2104 1319 2160 in
1335 2104 1436 2161 sanctis
1451 2104 1579 2175 operibns
1592 2104 1682 2159 clarus
1696 2101 1808 2172 effulsit,
1823 2110 1854 2158 ut
1867 2101 1913 2173 qni
1927 2100 2095 2157 lucissemi·

440 2192 793 2270 quadragesimosecundo,
809 2192 909 2248 electus
929 2198 970 2247 est
984 2190 1148 2247 Cuthbertus
1179 2192 1237 2262 (ιι)
1291 2203 1347 2251 tem
1362 2192 1491 2249 uolebant
1505 2193 1644 2261 incedere,
1661 2192 1689 2247 in
1703 2193 1761 2262 ejus
1778 2192 1835 2247 nita
1863 2206 1917 2263 qua
1941 2188 2096 2263 graderen-

438 2288 467 2343 iu
494 2287 588 2343 sedem
616 2282 773 2356 pontificum
799 2281 1069 2354 prenominatorum,
1093 2283 1176 2336 horno
1204 2298 1239 2336 ex
1292 2290 1334 2338 tur
1348 2282 1414 2337 salis
1428 2290 1541 2353 possent
1561 2287 1658 2353 aperte
1672 2280 1773 2337 videre.
1789 2280 1818 2337 Si
1834 2279 1870 2335 ds
1898 2278 2095 2335 miraculorum

439 2374 540 2431 illustri
567 2375 693 2445 prosapia
719 2370 809 2443 gentis
834 2370 986 2442 Anglomm
1014 2368 1088 2425 clara
1106 2367 1239 2441 pmgeuie
1291 2370 1469 2439 exhibitione,
1502 2386 1563 2444 quae
1587 2370 1758 2428 sanctitatem
1786 2369 1974 2426 demonstrare
2001 2366 2096 2439 tnagis
2169 2402 2170 2421 t

438 2475 526 2533 ortus,
541 2471 567 2519 et
581 2464 639 2534 ipse
653 2468 726 2517 totus
748 2476 782 2515 en
809 2458 954 2518 uirtutibus
982 2459 1083 2514 lactus.
1117 2460 1144 2513 ls
1170 2458 1241 2515 inter
1293 2460 1381 2518 solent
1396 2476 1477 2531 quam
1493 2475 1633 2532 generare,
1647 2460 1710 2531 quis
1722 2458 1844 2532 inquirit,
1858 2458 1920 2513 dieo
1934 2456 2008 2529 quod
2028 2471 2099 2510 sen-

438 2554 492 2611 alia
505 2554 588 2622 bona,
604 2550 705 2623 quibus
719 2556 805 2606 totum
833 2548 896 2605 vite
924 2562 981 2604 suas
1009 2554 1118 2621 tempus
1144 2562 1240 2605 corum
1293 2550 1341 2606 llo.
1356 2548 1488 2620 Equidem
1499 2552 1591 2605 utrum
1606 2548 1716 2621 aliquod
1726 2548 1882 2618 huiusmodi
1892 2546 1989 2603 iecerit
2000 2560 2100 2612 necne,

437 2644 498 2700 Deo
512 2650 539 2698 et
568 2638 725 2697 hominibus
748 2636 927 2708 clarificabat,
954 2635 1019 2693 fecit
1037 2636 1181 2693 ecclesiam
1213 2638 1242 2693 in
1295 2638 1329 2693 ad
1343 2638 1464 2695 nortuum
1479 2652 1568 2693 meam
1580 2638 1669 2694 fateor
1686 2652 1741 2693 non
1755 2638 1808 2693 huc
1821 2652 1906 2709 nsque
1920 2634 2099 2706 peruenisse.

438 2729 564 2790 orientali
575 2736 653 2801 parte
666 2719 778 2798 majoris
800 2726 923 2783 ecclesias
950 2725 1040 2783 eidem
1053 2742 1124 2798 pene
1150 2727 1241 2783 conti·
1295 2726 1413 2797 Quodsi
1432 2727 1537 2795 lecerit,
1552 2733 1596 2783 eal
1615 2733 1661 2782 aut
1675 2726 1839 2798 scriptorum
1860 2724 1950 2796 inopis
1972 2726 2024 2779 aut
2052 2738 2103 2777 ve·

438 2836 540 2894 guam;
558 2832 675 2890 samque
688 2816 716 2871 in
729 2818 861 2872 honorem
875 2814 948 2870 beati
973 2814 1086 2870 Jonnnis
1113 2815 1243 2887 Baptislae
1296 2816 1433 2872 tustasrel
1452 2824 1526 2872 certe
1540 2830 1653 2872 casuum
1669 2815 1840 2871 dirersomm
1859 2812 1957 2884 aliquis
1985 2818 2103 2868 euentus

441 2907 597 2965 solemniter
615 2904 762 2963 dedicauit.
783 2905 860 2959 llanc
891 2902 1035 2959 ecclesiam
1060 2918 1093 2959 cu
1118 2912 1243 2975 respectu
1296 2912 1423 2961 anostra
1437 2903 1550 2959 seientia
1565 2904 1636 2959 tulit.
1652 2904 1702 2960 llla
1721 2910 1824 2973 lamen,
1839 2918 1900 2975 que
1913 2907 1975 2973 post
1992 2900 2102 2956 obitum

441 2996 594 3064 fabricarit,
611 3003 642 3050 ut
655 2993 816 3064 baptisteria
843 2994 871 3049 et
898 2991 1243 3063 examinationesJudicio-
1297 2995 1358 3065 sius
1376 3001 1450 3051 certa
1463 2993 1596 3050 relatione
1623 2993 1806 3066 cognorimus
1833 2990 1906 3048 iacta
1928 2989 1964 3046 ad
1992 3005 2102 3045 sacrum

442 3101 504 3141 mm
531 3100 581 3155 pro
609 3082 727 3139 diuersis
752 3079 846 3135 causis
873 3080 1092 3149 constitutomm,
1116 3096 1177 3151 quae
1209 3082 1245 3138 ad
1297 3100 1397 3157 corpus
1411 3084 1479 3153 clus,
1495 3082 1665 3140 luceclarius
1692 3083 1806 3138 innuunt
1833 3079 1898 3153 quid
1927 3079 1954 3134 in
1984 3094 2103 3149 corpore

443 3173 640 3231 correctionem
649 3168 1060 3226 sceleratommiuecclesiaDei
1073 3168 1131 3224 lieri
1145 3170 1244 3240 solent,
1298 3173 1402 3245 degens
1418 3171 1505 3228 lacere
1519 3178 1621 3243 posset,
1636 3172 1659 3226 si
1674 3188 1736 3228 eum
1750 3170 1818 3226 ratio
1832 3177 1877 3227 sut
1899 3168 2051 3224 necessitas
2066 3167 2102 3223 ad

442 3261 512 3318 inibi
531 3259 747 3327 celebrarentur,
762 3259 789 3313 et
808 3255 1072 3328 archiepiscoporum
1084 3272 1198 3329 corpora
1217 3260 1245 3315 iu
1298 3262 1365 3318 talia
1380 3261 1532 3317 exercenda
1545 3260 1728 3333 perduxisset.
1745 3260 1800 3317 Sed
1815 3260 1862 3315 illa
1890 3266 2016 3329 tempora
2040 3255 2096 3312 lide

444 3367 477 3408 ea
490 3348 681 3423 sepelirentur,
697 3345 805 3404 sublata
827 3345 971 3403 demedio
998 3346 1110 3419 antiqua
1128 3363 1283 3458 cousue—C
1299 3349 1396 3408 Christi
1410 3366 1516 3423 quaqua
1545 3348 1657 3406 lundata
1684 3365 1738 3406 nou
1767 3348 1884 3422 egebant
1898 3346 1987 3421 signis
2015 3344 2104 3401 mira·

446 3440 549 3509 tudine,
566 3453 620 3512 qua
634 3446 746 3494 eatenus
759 3433 888 3491 tumulari
918 3434 1045 3491 solebant
1058 3444 1135 3492 extra
1149 3436 1242 3494 cirita·
1297 3441 1440 3504 culorum;
1458 3455 1530 3511 quae,
1544 3445 1574 3495 ut
1592 3439 1688 3495 beatus
1706 3438 1855 3510 Gregorius
1869 3435 1916 3504 sit,
1946 3433 2101 3490 infidelium

446 3538 501 3586 tem
529 3529 557 3584 ia
590 3526 708 3584 ecclesia
725 3525 866 3581 beatorum
894 3524 1081 3596 apostolorum
1109 3525 1183 3582 Petri
1217 3535 1245 3583 et
1297 3537 1360 3584 aaut
1374 3529 1464 3600 potius
1480 3543 1560 3599 quam
1576 3527 1709 3583 fidelium.
1725 3527 1759 3582 Et
1772 3541 1842 3582 vana
1857 3522 2021 3580 miraculum
2034 3523 2103 3578 loris

443 3615 888 3689 Peuh,ubipositasuntcorpora
902 3613 1024 3669 omnium
1039 3618 1243 3671 antecessorum
1298 3617 1497 3686 ostenderetur,
1512 3617 1535 3672 si
1550 3615 1738 3687 deessetquod
1753 3615 1826 3671 intus
1862 3621 2031 3685 operarelmu
2066 3613 2104 3666 Ac

444 3703 831 3764 auorumllicdecmsovitae
845 3701 985 3774 praesentis
1011 3703 1125 3759 articulo
1153 3719 1244 3775 appo·
1297 3706 1401 3762 utmihi
1418 3706 1527 3777 quidem
1554 3706 1622 3761 ratio
1650 3706 1756 3774 suadet,
1786 3711 1874 3760 ratum
1902 3717 1962 3759 esse
1990 3700 2103 3757 videtur

444 3796 512 3854 situs
526 3803 568 3852 est
587 3795 622 3852 ad
636 3800 728 3865 patras
743 3807 809 3848 suos
823 3792 916 3862 quinto
944 3790 1053 3848 decimo
1082 3793 1244 3864 presulatus
1298 3795 1387 3866 majus
1406 3810 1467 3850 esse
1492 3802 1630 3850 auctorem
1654 3793 1777 3850 omniurn
1812 3790 2005 3848 miraculorum
2049 3805 2104 3860 per

444 3885 487 3941 sui
501 3898 583 3953 anno,
600 3891 627 3939 et
640 3883 668 3937 in
687 3881 802 3954 praelata
819 3878 936 3937 ecclesia
953 3877 1027 3936 beati
1054 3881 1165 3937 loannis
1192 3882 1243 3940 de·
1298 3884 1457 3940 munditiam
1472 3883 1564 3940 carnis
1578 3883 1723 3955 etspiritus
1738 3882 1766 3936 in
1781 3897 1811 3938 se
1825 3895 1961 3955 quemque
1972 3878 2102 3936 continue

444 3979 537 4030 center
550 3971 679 4041 sepultus.
1298 3973 1410 4040 habere,
1435 3987 1518 4045 qnam
1545 3972 1688 4041 miracula,
1713 3987 1775 4044 quas
1797 3979 1823 4027 et
1854 3968 1979 4041 reprobis
1996 3967 2105 4024 Veritas

481 4058 662 4129 Querebatur
675 4074 742 4131 ergo
753 4072 860 4114 summo
873 4057 966 4114 studio
978 4058 1015 4114 ab
1033 4058 1157 4117 Ecclesia
1182 4060 1243 4130 Dei,
1299 4061 1365 4119 dicit
1380 4076 1440 4117 esse
1456 4061 1608 4118 communia
1622 4075 1672 4132 pro
1686 4059 1766 4116 libitu
1781 4059 1919 4117 homiuum
1934 4067 1962 4114 et
1975 4058 2103 4113 admira·

446 4149 494 4221 qui
509 4163 566 4203 non
579 4147 694 4204 interior
712 4147 767 4205 rita
794 4161 827 4203 ac
845 4146 988 4204 sanctitate
1019 4162 1127 4204 morum
1151 4157 1245 4220 posset
1299 4152 1372 4208 tione
1387 4149 1527 4209 exhibere.
1541 4152 1598 4207 Pax
1611 4166 1719 4224 quoque
1734 4149 1831 4206 diebus
1858 4147 1901 4206 sui
1926 4145 2104 4218 pontificatus

443 4237 474 4293 in
483 4238 574 4294 locum
587 4235 707 4293 defuncti
721 4235 877 4308 subrogari.
890 4236 1014 4293 Tenebat
1027 4251 1069 4293 ea·
1082 4245 1245 4309 tempestate
1298 4240 1326 4297 in
1342 4247 1397 4297 toto
1411 4255 1497 4312 regno
1512 4240 1632 4314 vigebat,
1648 4255 1699 4296 nec
1712 4239 1839 4296 incursus
1868 4237 1980 4294 hostiles
2002 4233 2105 4306 aliquis

444 4326 582 4399 jus-regni
595 4327 624 4382 in
650 4325 745 4382 &ntia
770 4324 972 4382 AEthslberthns
999 4341 1083 4398 supra
1100 4329 1246 4384 memorati
1299 4329 1446 4386 metuebat.
1463 4329 1556 4386 Donec
1570 4344 1637 4402 ergo
1651 4329 1678 4384 in
1693 4329 1743 4384 Dei
1757 4343 1826 4400 paee
1840 4323 2105 4399 quaequeconsiste-

445 4417 520 4489 regis
534 4415 693 4488 wigthredi
709 4413 812 4487 {filiast
829 4415 968 4472 liudberto
983 4415 1030 4486 qui
1045 4415 1071 4471 ei
1080 4423 1248 4472 successemt
1300 4419 1375 4475 hant.
1385 4418 1459 4474 Deus
1472 4417 1548 4490 pacis
1557 4418 1584 4473 in
1599 4417 1728 4474 omnibns
1742 4423 1769 4474 et
1782 4433 1832 4488 per
1854 4414 1949 4473 omnia
1973 4413 2106 4470 omnibns

446 4505 505 4575 iam
550 4504 617 4561 clim
652 4503 791 4561 defuncto.
830 4503 883 4572 Qui
900 4503 1102 4560 AEthelberthus
1139 4503 1246 4560 beatum
1301 4514 1368 4564 erat.
1385 4507 1490 4563 Beatus
1505 4514 1534 4563 et
1548 4506 1614 4564 felix
1631 4506 1710 4562 Pater
1723 4505 1751 4562 in
1766 4506 1825 4562 istis
1844 4520 1909 4562 cum
1938 4502 1966 4560 in
1999 4503 2106 4574 popula

447 4593 622 4666 bregwinum
632 4609 666 4649 ex
677 4591 843 4649 sublimitate
851 4592 937 4648 suncti
946 4591 1076 4664 prepositi
1085 4607 1248 4665 mommqne
1300 4596 1414 4653 verbum
1429 4596 1493 4652 vitm
1503 4594 1675 4667 praedicaret,
1685 4603 1825 4653 mansueto
1834 4594 1968 4650 animoso
1978 4592 2108 4650 modesto

445 4682 519 4738 illius
546 4681 680 4755 gravitate
706 4681 880 4738 notissimum
907 4679 1021 4747 habens,
1051 4681 1165 4737 contulit
1185 4697 1248 4738 cam
1302 4685 1481 4748 audiebatur;
1499 4693 1600 4756 atquae
1632 4686 1703 4741 fueri
1728 4684 1756 4740 in
1785 4683 2022 4742 exhortationibus
2048 4683 2109 4738 suis
2169 4655 2170 4714 Ῑ

441 4771 477 4828 iis
491 4787 561 4845 quoa
579 4771 620 4827 -in
647 4769 782 4827 electione
808 4769 929 4840 pastoria
952 4769 1142 4826 nniversomm
1171 4777 1249 4828 tenor
1262 4759 1289 4819 D
1303 4773 1489 4846 precipiebat,
1499 4773 1610 4845 placido
1620 4772 1716 4830 effectu
1724 4774 1968 4846 prosequebantur.
1978 4773 2015 4828 Ut
2033 4769 2109 4827 fides

444 4861 586 4932 praecipue
600 4859 770 4931 respiciebat,
798 4857 917 4914 suadens
943 4866 973 4914 ul
993 4858 1022 4913 in
1035 4873 1182 4916 commune
1195 4859 1246 4916 riri
1301 4876 1367 4918 vera
1386 4869 1433 4918 aut
1450 4855 1642 4931 succresceret,
1658 4871 1704 4918 tut
1718 4863 1849 4920 vacillans
1867 4862 1950 4918 robur
1968 4867 2109 4916 statumve
2169 4897 2170 4916 t

443 4947 619 5018 industriam,
635 4955 737 5005 sanem
773 4947 990 5004 conversationis
1014 4961 1147 5017 normam,
1162 4949 1247 5022 ccepti
1301 4951 1446 5021 reciperet,
1462 4951 1522 5006 sola
1535 4966 1589 5008 uox
1605 4952 1690 5006 Patris
1704 4951 1804 5008 uallata
1833 4950 2004 5007 incremento
2029 4949 2109 5020 quod

444 5039 580 5110 propositi
606 5036 837 5110 perseuerantiam
862 5035 1076 5106 considerantes,
1104 5039 1247 5109 proposita
1301 5038 1715 5107 tnhuitbominassnffiaiebst,
1730 5055 1781 5096 nec
1796 5039 1908 5097 adeam
1933 5038 2108 5110 probandam

443 5128 583 5184 uoluntate
598 5127 648 5184 Dei
661 5125 875 5183 ecclesiasticam
891 5125 1052 5184 electionem
1061 5125 1248 5183 inleoconlir-
1302 5129 1461 5186 miraculum
1488 5128 1600 5201 aliquod
1626 5129 1686 5202 quis
1700 5129 1838 5202 exigebat.
1862 5128 1916 5185 Sed
1943 5128 2006 5184 hec
2031 5127 2110 5186 bona

445 5222 562 5282 merent,
575 5215 638 5271 siin
656 5215 791 5288 regimine
804 5215 927 5273 omnium
955 5215 1137 5273 Ecclesiamm
1166 5216 1249 5273 totius
1301 5233 1357 5274 uun
1376 5218 1462 5274 multo
1475 5225 1598 5290 tempore
1612 5226 1828 5290 permansemnt.
1845 5217 1957 5276 Sublato
1984 5235 2109 5292 namque

444 5303 664 5360 Brittnnioeeum
678 5303 944 5362 idoneumuoucordi
957 5319 1069 5362 assensn
1081 5304 1245 5375 judicarent.
1302 5306 1328 5362 in
1343 5306 1418 5364 brevi
1434 5306 1468 5364 de
1483 5309 1536 5364 hac
1549 5309 1607 5366 vlla
1636 5307 1719 5364 heato
1738 5307 1807 5378 viro,
1830 5309 1907 5379 eujus
1937 5310 2041 5367 meritis
2074 5325 2108 5367 ea

481 5447 539 5518 (lu)
555 5447 693 5502 Tntwinns
708 5446 835 5504 thronum
856 5445 979 5504 ascendit
1004 5463 1076 5504 anno
1105 5448 1156 5503 iil
1183 5463 1246 5504 me·
1336 5449 1394 5520 (le)
1409 5449 1513 5506 Eodem
1528 5450 1573 5507 dis
1589 5451 1654 5507 anni
1678 5453 1740 5521 759,
1762 5449 1921 5525 haguinum
1952 5467 2106 5512 consecra·

445 5519 491 5575 dio
504 5536 511 5582 ;
524 5519 644 5574 excessit
657 5525 721 5590 post
735 5518 860 5574 medium
872 5534 972 5574 sunum
988 5519 1050 5576 tat.
1064 5518 1247 5592 Wiglrtredus
1301 5527 1358 5576 tum
1373 5536 1433 5576 esse
1445 5519 1525 5578 fidem
1540 5522 1605 5578 lacit
1623 5522 1804 5606 chronologia
1825 5521 1981 5587 Saxonica;
1999 5533 2027 5580 et
2052 5544 2106 5582 an-

439 5589 495 5648 obii
512 5602 583 5646 anno
596 5590 660 5657 725,
674 5589 753 5659 juata
768 5589 975 5663 chronologiam
991 5591 1162 5647 saxonicam.
1179 5591 1246 5646 Tul·
1300 5607 1365 5646 num
1381 5590 1492 5674 quidem
1506 5600 1578 5649 recte
1591 5594 1712 5664 positum
1730 5592 1846 5665 opinior.
1867 5595 1933 5651 Dies
1947 5603 2039 5652 autem
2051 5597 2106 5654 isto

445 5663 534 5720 winus
548 5663 633 5736 igitur
646 5675 718 5716 anno
733 5661 843 5716 decimo
856 5661 988 5718 liudberti
1004 5661 1094 5717 Vitam
1113 5661 1209 5717 finiuit.
1301 5677 1373 5718 anno
1388 5679 1416 5718 ru
1429 5662 1600 5720 Dominicanr
1624 5679 1679 5721 non
1708 5665 1814 5721 incidit.
1842 5665 1894 5722 llla
1916 5666 2000 5738 igitur
2022 5677 2106 5725 aetale

482 5735 538 5806 (ll)
578 5734 619 5791 De
647 5731 786 5788 Cuthberti
804 5733 991 5814 'successione
1004 5731 1089 5814 ‘vids'
1116 5731 1246 5789 disserta·
1301 5749 1358 5791 non
1372 5733 1458 5790 solum
1474 5735 1635 5804 Dominicis,
1652 5735 1700 5792 sed
1714 5736 1831 5792 edomia
1845 5745 1999 5794 sauctorum
2028 5737 2106 5798 iestis
2169 5703 2170 5790 l

447 5805 551 5888 tionem
565 5803 600 5864 de
614 5819 679 5864 rara
693 5819 864 5863 successuum
892 5804 1090 5878 archiepiscopi
1125 5803 1246 5861 Cantus·
1302 5806 1526 5866 consecrationes
1541 5805 1687 5866 celebratas
1701 5806 1786 5866 luisse
1797 5807 1934 5867 ridentur.

447 5889 569 5935 nausias·
