4750 6725
354 456 393 516 oo

969 452 1037 513 titt.
1061 455 1110 526 111,
1130 458 1245 516 EPlST.
1268 458 1399 517 xxxvi.

1972 478 2006 545 to

356 582 430 655 quod
453 580 676 652 archiepiscopus
699 580 853 637 Cantuariae
869 580 938 637 solet
955 579 1067 650 habere,
1092 582 1159 637 mibi
1172 583 1200 645 A
1215 584 1298 651 disse,
1315 595 1444 657 queniam
1469 590 1603 661 potuistis,
1618 596 1646 649 ei
1660 610 1692 651 ea
1707 598 1850 654 occasione
1864 603 2006 673 negotium

356 683 538 741 pervaseram
553 670 722 738 charitatem,
739 686 792 726 non
807 678 836 725 ut
854 670 1045 740 schismatico,
1060 670 1109 725 sed
1125 677 1157 725 ul

355 769 482 833 accepto,
500 776 554 815 non
574 765 603 814 ul
617 760 782 831 reprobans,
798 759 848 814 sed
864 766 892 813 ut
902 758 1056 829 approbans
1070 760 1156 828 misit,

353 858 381 903 et
390 848 431 905 sic
445 848 521 921 quod
530 848 617 904 deme
630 848 731 904 factum
743 857 799 903 erat
808 847 987 903 confirmavit.
1001 849 1063 918 lpse
1075 847 1158 918 hujus

353 935 574 994 confirmationis
596 945 704 1008 auctor,
722 944 749 991 et
763 936 890 992 dominus
913 934 1059 992 Gualtems
1073 938 1157 1005 380

353 1026 504 1098 episcopus
513 1023 1156 1089 libanensiseteardinntishaeeeedemsciens,

355 1114 482 1171 minister
500 1114 561 1183 ejus
576 1122 602 1169 et
616 1120 769 1170 exsecutor.
791 1113 820 1169 Si
840 1115 919 1169 vobis
941 1115 999 1170 baec
1022 1114 1160 1170 calumnia

357 1203 528 1260 attendenda
546 1203 663 1270 videtur,
686 1218 736 1258 cur
749 1218 809 1256 earn
824 1211 888 1257 ante
903 1202 978 1273 pallii
1000 1202 1159 1257 concessio-

358 1309 423 1349 nem
447 1291 515 1347 mibi
530 1290 698 1358 tacuistis3si
714 1290 881 1363 negligenda
897 1298 1015 1361 putatur,
1039 1306 1092 1346 vos
1111 1290 1159 1361 jo·

357 1382 450 1439 dicate
464 1396 547 1451 quam
561 1380 710 1451 diligenter
723 1379 759 1434 sit
773 1395 789 1433 a
803 1379 881 1434 vobis
896 1378 1065 1435 inculcanda.
1079 1379 1161 1435 Plura

356 1486 469 1541 possem
484 1469 674 1525 adhucdicere
691 1468 725 1522 ad
740 1467 932 1523 infirmandum
956 1468 1070 1524 verbum
1098 1483 1160 1522 rna·

355 1559 424 1616 litim
434 1574 531 1615 eorum
546 1557 612 1631 quid
625 1558 678 1612 hoc
686 1557 759 1629 quod
774 1555 863 1613 dicitis
872 1556 952 1612 vobis
966 1557 1116 1612 obtendunt
1126 1556 1161 1611 ad

356 1646 531 1705 excusandas
545 1647 738 1702 excusationes
746 1645 774 1699 in
789 1646 919 1718 peccatis,
929 1644 977 1699 sed
995 1646 1161 1715 sapientiam

357 1747 478 1793 t'mtram
503 1734 563 1791 scio
592 1750 646 1791 non
668 1733 792 1805 indigere
826 1741 926 1803 aperire
948 1733 988 1789 rei
1019 1733 1161 1805 multipiici

357 1826 530 1882 ostensione.
562 1823 657 1879 Videat
683 1823 768 1895 igitur
794 1823 915 1894 pmdens
947 1822 1108 1893 simplicitas
1135 1830 1163 1877 ιι

357 1914 477 1986 simplex
500 1911 647 1983 prudentia
667 1919 757 1966 vestra
780 1910 896 1983 qualiter
910 1927 993 1981 super
1016 1912 1074 1966 irtec
1102 1927 1162 1981 quae

1211 677 1402 747 propterquod
1418 680 1541 746 venistis,
1557 681 1716 752 impeditum
1738 702 1824 758 usque
1843 704 1928 746 nunc.
1955 692 2008 748 Pro

1211 760 1284 817 bona
1298 763 1406 835 quidem
1424 769 1560 824 voluntate
1574 770 1743 829 defensionis
1756 776 1860 847 gratias
1872 793 1936 849 ago,
1952 780 2009 834 im-

1212 850 1396 920 pedimenlurn
1409 864 1497 911 autem
1514 859 1564 915 bae
1585 862 1729 918 occasione
1745 863 1844 920 facturn
1857 867 1936 923 vobis
1951 868 2008 924 uli-

1213 954 1266 1007 que
1288 937 1319 968 ”¹
1333 942 1438 999 nescio.
1457 946 1490 1000 Et
1501 946 1523 1001 si
1534 951 1571 1003 rei
1587 950 1706 1005 medulla
1720 953 1868 1025 diligenter
1883 957 2010 1013 conside-

1214 1036 1288 1083 ratur
1302 1030 1372 1085 sieut
1397 1041 1495 1102 potest,
1511 1044 1538 1090 et
1552 1038 1695 1106 prudentia
1714 1049 1804 1097 vestra
1819 1060 1863 1100 me
1884 1045 2010 1102 defendit

1214 1124 1345 1189 quantum
1359 1128 1457 1190 potest,
1476 1132 1565 1179 certus
1579 1141 1639 1179 sum
1655 1128 1717 1197 quia
1732 1132 1900 1188 conscientia
1914 1143 2008 1191 vestra

1214 1204 1240 1259 in
1257 1207 1297 1261 iris
1307 1222 1368 1278 quae
1383 1224 1465 1279 supra
1475 1211 1548 1268 dicte
1563 1222 1624 1269 sunt
1643 1230 1771 1273 accusare
1782 1234 1825 1274 me
1837 1236 1891 1277 non
1907 1230 2006 1292 potest.

1215 1294 1304 1364 Quod,
1321 1296 1390 1353 sicut
1408 1299 1483 1367 dicit,
1499 1316 1550 1357 nec
1568 1318 1673 1358 mecum
1695 1322 1745 1362 nec
1766 1323 1829 1363 cum
1853 1308 1913 1365 aliis
1935 1311 2011 1383 loqui

1215 1383 1285 1439 sicut
1298 1386 1382 1440 ιοιιιιι
1395 1388 1482 1458 potuit
1500 1398 1586 1445 vestra
1601 1394 1753 1449 reverentie
1768 1410 1863 1451 carens
1877 1399 2012 1456 ohedien-

1215 1472 1252 1529 tia
1267 1473 1394 1529 flomanae
1409 1477 1550 1546 Ecclesiae,
1566 1480 1699 1552 sciatipsa
1714 1498 1761 1537 cur
1774 1499 1829 1539 non
1839 1487 1934 1556 poluit.
1949 1489 2010 1561 Ego

1217 1570 1307 1617 autem
1321 1564 1378 1619 scio
1396 1580 1439 1620 me
1449 1566 1495 1621 diu
1511 1576 1537 1622 et
1556 1569 1668 1623 muitum
1684 1570 1857 1629 desiderasse
1868 1584 1895 1630 et
1910 1591 2011 1648 exspe-

1217 1658 1305 1707 ctesse
1329 1653 1402 1725 ioqui
1428 1654 1581 1724 vobiscum,
1604 1669 1747 1730 antequam
1767 1671 1928 1729 possem;ct
1946 1681 2010 1720 curn

1218 1741 1324 1795 ιιιιιιιιιι
1348 1742 1432 1812 potui,
1449 1759 1503 1799 nou
1518 1753 1620 1801 tanturn
1635 1748 1756 1817 potuisse
1773 1760 1904 1821 quantum
1921 1752 2007 1809 volui.

1217 1828 1329 1901 Rogatis
1345 1848 1388 1885 me
1403 1839 1432 1887 ut
1446 1832 1543 1889 fratres
1565 1843 1678 1891 nostros
1693 1836 1893 1896 cantuariensis
1914 1842 2011 1899 Eccle-

1176 1918 1265 2001 Bsiae
1276 1918 1366 1991 quiete
1381 1935 1412 1976 ac
1427 1921 1536 1992 pacifice
1547 1923 1688 1995 possidere
1700 1926 1865 1984 dimmiltcrn
1881 1946 1924 1985 res
1938 1946 2011 1988 suas.

359 2003 418 2059 dlxi
428 2001 612 2072 suscipereet
625 2015 794 2073 exaggerare
808 1999 908 2054 debeat
918 1997 1162 2054 conficiesotium-
1218 2007 1259 2061 nd
1290 2008 1361 2079 quod
1384 2012 1534 2081 respondeo
1559 2012 1737 2085 quianullus
1768 2018 1857 2089 magis
1876 2019 2013 2075 desiderat

360 2092 431 2158 nias,
447 2097 474 2145 et
494 2087 676 2145 calumniosas
697 2084 871 2143 confictiones
895 2087 1040 2143 adversum
1056 2104 1100 2142 me
1128 2086 1164 2142 ab
1218 2096 1336 2168 quietem
1358 2113 1392 2153 ao
1412 2114 1507 2170 pacem
1532 2100 1638 2157 illorum
1663 2118 1744 2173 quam
1766 2120 1828 2177 ego,
1853 2122 1904 2163 neo
1927 2108 2014 2177 magis

364 2178 421 2235 iffis
434 2178 484 2249 qui
498 2177 621 2233 smmi
637 2183 732 2233 ⁰⁰⁰¹OE
742 2191 785 2230 ¹11⁸
800 2190 853 2243 iti*⁰
865 2177 1044 2232 ⁰¹⁰1¹⁵tii⁰110
1057 2190 1117 2242 ⁸¹¹³,
1131 2190 1165 2230 [ιθ
1218 2183 1348 2240 sollicitus
1363 2193 1406 2240 est
1428 2202 1476 2257 pro
1487 2188 1600 2244 utilitate
1615 2186 1736 2258 ejusdem
1752 2190 1884 2250 Ecclesiae
1896 2213 1903 2263 ;
1915 2204 1941 2251 et
1967 2195 2013 2251 iti-

364 2265 519 2323 rideamioi
540 2264 611 2320 veile
631 2262 771 2320 infirmare
785 2261 818 2291 ’¹⁰
837 2265 908 2335 quod
923 2266 1083 2319 auctoritate
1110 2264 1164 2321 do·
1218 2273 1291 2328 eirco
1315 2274 1439 2331 voluntas
1454 2292 1513 2331 inea
1528 2285 1568 2332 est
1593 2286 1678 2333 utres
1701 2279 1770 2349 ejus,
1787 2282 1844 2338 lieo
1867 2292 2014 2353 annuente,

361 2357 430 2412 mini
444 2370 525 2426 papae
538 2361 566 2410 ei
580 2362 667 2410 vestra
682 2354 855 2410 exsecutione
874 2368 928 2407 nou
951 2352 1111 2423 ignoranter
1124 2360 1166 2408 est
1219 2362 1359 2433 disponam
1375 2364 1410 2419 gd
1422 2365 1562 2422 utilitatem
1578 2376 1739 2438 ppaesgmem
1754 2379 1779 2425 e,
1790 2370 1916 2440 summm,
1932 2381 2013 2443 prou,

368 2444 572 2503 confirmatum.
588 2444 695 2515 Nempe
711 2460 764 2498 non
790 2443 831 2498 sio
853 2442 945 2513 accepi
959 2444 1039 2515 (teste
1062 2442 1168 2515 engle

361 2534 466 2607 regno)
488 2548 588 2589 nomen
609 2532 717 2587 domini
736 2531 839 2588 Urbem
862 2547 938 2602 papae
951 2531 979 2585 ιιι
1000 2546 1112 2597 vacum,
1138 2538 1167 2585 ut

361 2626 418 2679 hoc
433 2639 478 2678 me
501 2622 536 2677 ab
551 2621 599 2676 illo
609 2622 653 2676 vei
665 2637 683 2676 a
697 2619 824 2675 fidelibus
838 2620 896 2691 ejus
911 2619 1042 2675 meruisse
1059 2636 1167 2691 cogno-

362 2728 454 2769 scam.
473 2709 570 2768 Dicitis
582 2726 632 2767 ros
646 2725 762 2766 causam
779 2725 880 2778 meam,
896 2715 964 2764 teste
985 2710 1053 2776 Deo,
1068 2708 1166 2763 defen-

1219 2454 1316 2509 melius
1340 2454 1424 2509 seiam
1450 2464 1476 2510 et
1498 2464 1601 2527 potero.
1628 2457 1722 2513 Valeat
1743 2460 1880 2517 beatitudo
1908 2472 2012 2532 vestra,

1220 2550 1246 2597 et
1260 2543 1385 2615 dignetur
1404 2544 1500 2612 Deum,
1517 2552 1546 2599 ut
1567 2562 1610 2600 me
1626 2552 1652 2601 ιι
1674 2562 1770 2604 omnes
1794 2552 1916 2607 actiones
1938 2565 2014 2606 meas

1222 2630 1322 2703 dirigat
1344 2646 1425 2688 orare

1023 2842 1137 2898 VARIAE
1153 2834 1357 2897 lectiones.

398 2937 603 2998 “Continuam
615 2957 669 2997 ms.
685 2939 836 2996 infirmare.
853 2939 986 3013 ”¹Utiqae
999 2956 1052 2997 ms.
1063 2937 1156 3012 utique
1168 2937 1272 2996 nescio.

975 3062 1122 3122 JOdNNlS
1141 3061 1286 3120 PlCdlilii
1306 3057 1421 3116 NOTE.

363 3161 532 3219 lionedenus
546 3163 682 3232 notarunt)
697 3167 725 3217 et
738 3160 857 3231 reliquos
867 3162 988 3217 astantes
1003 3156 1069 3216 illud
1083 3176 1165 3217 osea·
1180 3158 1205 3222 C
1220 3159 1263 3215 dis
1278 3156 1424 3213 virtutibus
1447 3156 1601 3213 auditorum
1622 3156 1727 3214 animos
1742 3158 1909 3229 demulceus,
1932 3160 1961 3217 in
1975 3160 2017 3217 ira

364 3234 439 3289 latos
454 3234 538 3288 fuisse
554 3249 601 3305 pro
609 3234 765 3288 reverentia
779 3232 867 3287 sancti
882 3233 965 3288 i’etri.
975 3230 1062 3301 Quem
1072 3232 1162 3295 ntum,

366 3304 433 3378 quia
453 3320 618 3378 cognoscere
631 3320 723 3377 opera.
743 3303 860 3374 pretium
884 3304 1047 3368 existimavi,
1073 3302 1166 3359 lubuit

365 3379 533 3434 observare.
561 3376 637 3431 Pallii
657 3385 750 3431 autem
780 3374 1016 3445 archiepiscopalis
1037 3377 1165 3442 formam,

367 3449 479 3516 aliaque
492 3448 560 3502 scitu
572 3463 626 3502 non
639 3448 754 3519 indigna
769 3446 903 3502 describit
916 3446 1047 3502 Ouulrius
1061 3446 1088 3500 in
1109 3447 1166 3500 Ex-

368 3517 522 3590 plicatioue
531 3533 629 3573 vocum
639 3517 893 3585 ecclesiasticarum,
901 3525 928 3572 et
937 3519 1015 3572 ioan.
1027 3518 1167 3573 Duranius

368 3589 418 3644 lib.
436 3604 453 3642 ιι
473 3589 514 3643 De
532 3589 627 3643 ritibus
642 3588 783 3654 Ecclesiae,
803 3603 865 3659 cap.
882 3591 909 3650 ⁹,
935 3605 1009 3643 num.
1031 3591 1077 3652 ti,
1094 3589 1127 3641 ii
1142 3595 1169 3642 et

369 3659 492 3716 caeteris.
519 3656 590 3728 Quid
611 3668 702 3714 eutem
718 3661 838 3730 mysterii
861 3659 1009 3724 contineat,
1025 3659 1170 3713 dorlandus

370 3731 617 3801 chrysopolitanus
638 3730 686 3786 lib.
702 3747 717 3785 ι
732 3732 775 3784 sui
796 3730 890 3800 operis
914 3731 998 3801 (quod
1020 3729 1169 3784 Candelam

371 3803 550 3869 nuncupavit)
564 3802 645 3856 docet
655 3818 689 3857 ex
704 3800 821 3871 epistola
844 3801 941 3856 leonis
955 3817 1032 3872 papae
1056 3801 1083 3854 ιιι
1099 3801 1170 3854 hanc

371 3872 535 3927 sententiam
548 3889 555 3926 :
570 3873 807 3942 «archiepiscopo
827 3872 899 3940 pallii
915 3875 1003 3928 honor
1019 3871 1171 3927 decernitur

373 3952 402 3998 ut
416 3957 552 4014 purpureo
568 3942 660 3999 crucis
674 3943 792 4011 eiusdem
810 3943 965 3998 vestimenti
993 3942 1134 4014 signaculo
1154 3957 1171 3996 ι

372 4021 456 4086 tergo
466 4021 493 4068 et
507 4021 615 4083 pectore
624 4015 731 4084 depicto
740 4014 910 4068 demonstret
925 4015 1029 4095 popolo
1044 4016 1171 4085 signacu-

375 4085 433 4140 lum
456 4085 652 4152 redemptionis
675 4091 786 4148 nosirae.
801 4092 829 4138 et
849 4085 894 4155 pia
908 4093 1010 4156 cogitet
1022 4093 1113 4139 mente
1135 4083 1171 4139 de

374 4155 503 4228 passione
535 4156 726 4225 liedemptoris
753 4152 938 4212 dicens:ifilti
963 4160 1061 4212 aulem
1098 4154 1173 4210 obsit

374 4227 506 4298 gloriari,
527 4228 584 4281 nisi
601 4227 632 4282 in
648 4243 730 4282 cruce
746 4226 860 4281 Dornini
874 4230 967 4282 nostre
980 4225 1049 4282 dcto
1065 4227 1173 4282 Christi

375 4297 454 4368 (Gal.
474 4313 515 4366 vr,
531 4296 608 4366 iil.»
627 4299 710 4352 Leoni
725 4298 901 4363 conjunxerat
924 4297 1098 4351 Amatorium.
1116 4296 1172 4351 ife-

375 4383 436 4423 rum
451 4367 516 4437 quia
529 4377 557 4422 et
571 4369 643 4422 hunc
654 4376 745 4423 noster
757 4368 837 4439 liugo
851 4376 892 4422 est
905 4367 1023 4422 imitatus
1038 4368 1089 4422 lib.
1108 4383 1117 4421 ι
1133 4367 1173 4422 ιιι

374 4438 474 4495 officiis
488 4438 687 4506 ecelesiasticis,
703 4454 768 4520 cap.
795 4439 894 4501 mrim..
912 4439 959 4494 uhi
986 4440 1047 4494 vice
1060 4438 1172 4494 auctarii

1217 3229 1353 3299 judicium
1367 3228 1426 3283 sine
1438 3227 1480 3283 ira
1494 3228 1639 3293 leucosia
1655 3231 1850 3301 uaequiliitate
1859 3233 2016 3289 severitatis

1217 3303 1298 3372 justae
1311 3315 1454 3355 censuram
1470 3314 1523 3354 oon
1537 3299 1681 3357 deserens.
1704 3302 1776 3366 llaec,
1794 3303 1876 3357 frater
1886 3303 2017 3359 charissi-

1222 3391 1276 3439 me,
1307 3371 1380 3444 pallii
1403 3370 1628 3444 dignitas3quam
1663 3373 1686 3426 si
1710 3374 1827 3430 sollicite
1854 3375 2015 3441 servaveris,

1222 3444 1294 3514 quod
1319 3443 1382 3498 ioris
1402 3445 1541 3513 accepisse
1564 3443 1727 3513 ostenderis,
1757 3446 1828 3500 intus
1853 3446 1977 3502 habebis.
2002 3471 2014 3495 ι

1223 3516 1268 3571 Sic
1285 3513 1424 3568 Paschaiis
1436 3515 1462 3567 in
1471 3513 1553 3584 epist,
1564 3529 1648 3584 <quam
1663 3515 1841 3571 illoriacensis
1851 3517 2018 3573 Bibliotheca

1223 3586 1314 3640 exibet
1335 3585 1469 3656 integram
1493 3585 1657 3640 lecturienti.
1684 3587 1867 3654 Peculiariter,
1888 3589 2017 3658 quando-

1224 3659 1332 3728 quidem
1347 3656 1384 3710 ite
1399 3656 1739 3720 tuiitsermo,notabimus,
1756 3657 1907 3712 lanfranco
1920 3657 2019 3712 collata

1225 3729 1305 3782 fuisse
1318 3726 1372 3781 duo
1388 3726 1480 3796 pallia,
1496 3735 1525 3780 ut
1539 3727 1654 3792 ipsemet
1676 3728 1800 3782 scribens
1815 3728 1971 3782 Alexander
1981 3727 2018 3782 ill

1225 3805 1421 3853 commemorat
1438 3798 1517 3867 epist.
1535 3801 1559 3852 3.
1573 3819 1583 3844 ι
1596 3797 1750 3869 Nunquam,
1766 3799 1864 3867 inquit,
1881 3814 1926 3852 res
1941 3814 2020 3870 qute-

1226 3870 1290 3924 libet
1304 3869 1338 3924 de
1353 3883 1417 3924 arca
1438 3868 1556 3938 pectoris
1570 3867 1624 3924 mei
1640 3869 1738 3937 ejicere
1760 3869 1857 3940 quavis
1875 3869 2020 3926 occasione

1226 3939 1325 4012 poterit
1354 3939 1503 3994 inauditam
1525 3941 1600 3994 iilam
1615 3940 1819 4008 humanitatem,
1849 3956 1932 4012 quarn
1952 3939 2020 3994 mihi

1226 4021 1351 4067 extremo
1366 4010 1516 4077 hominum,
1533 4009 1614 4066 tentis
1629 4009 1741 4084 indigno
1757 4012 1903 4067 honoribus
1929 4012 2021 4074 iiomae

1226 4083 1394 4149 extribuistis,
1414 4082 1540 4154 quodque
1561 4081 1615 4136 duo
1630 4083 1722 4152 pallia,
1742 4099 1826 4138 unum
1841 4083 1876 4139 de
1890 4081 1966 4138 altari
1984 4097 2021 4136 ex

1227 4170 1313 4220 more,
1329 4163 1355 4210 et
1368 4155 1482 4208 alterum
1506 4168 1561 4225 quo
1585 4155 1716 4208 sanctitas
1730 4164 1818 4208 vestra
1835 4154 1931 4210 missas
1944 4153 2021 4209 cele·

1227 4224 1308 4280 brare
1323 4232 1509 4290 consueverat,
1526 4223 1559 4278 od
1575 4223 1770 4279 ostendendam
1785 4225 1861 4282 circa
1877 4241 1919 4280 me
1936 4225 2020 4279 bene-

1227 4296 1375 4351 volentiam
1401 4306 1518 4350 vestram
1543 4294 1609 4348 milri
1635 4295 1812 4365 impendistis.
1832 4320 1843 4347 ι
1861 4296 1927 4351 Post
1948 4295 2022 4350 Lan-

1227 4367 1350 4422 fraocum
1366 4367 1391 4420 id
1409 4366 1696 4435 prodideruutChrou.
1714 4367 1843 4422 Beccens.
1860 4383 1910 4420 ms.
1925 4366 1952 4420 iu
1963 4367 2022 4432 ejus

1227 4438 1321 4510 gestis,
1346 4445 1372 4492 ιι
1395 4437 1530 4492 Wiileim.
1558 4437 1699 4494 idalmesb.
1729 4438 1776 4492 lib.
1802 4452 1833 4491 ιιι
1854 4439 1893 4491 lie
1922 4435 2021 4504 pontif.

374 4511 571 4580 interpretatur
585 4510 709 4575 spinulas
719 4511 843 4578 ejusdem
859 4509 933 4580 pallii
947 4510 1034 4576 missi,
1057 4518 1173 4580 praeter·
1186 4515 1216 4580 D
1232 4509 1337 4581 anglis.
1357 4507 1460 4563 Caetero
1476 4507 1510 4562 de
1521 4507 1776 4576 honore,petitione
1791 4520 1817 4562 et
1827 4525 1874 4562 usu
1885 4507 2024 4576 palliitota

376 4595 460 4654 quom
475 4579 651 4652 quodrursus
666 4582 700 4635 de
714 4582 834 4652 iiioagat
849 4581 885 4634 lib
899 4597 918 4634 ιι
930 4581 969 4636 ιιι
983 4582 1172 4650 sacramentis,
1232 4589 1273 4636 esi
1294 4581 1445 4635 centesima
1460 4577 1582 4633 Gratiani
1609 4579 1756 4642 distinctio,
1773 4595 1807 4634 ert
1822 4579 1898 4646 cuius
1919 4579 1932 4632 1
1955 4593 2020 4632 cau.

376 4667 441 4722 cap.
460 4651 503 4714 to,
520 4660 595 4720 parte
610 4659 714 4722 quarta.
736 4650 875 4707 Pasciieiis
889 4653 1026 4706 secundus
1048 4651 1175 4708 scribens

376 4723 414 4778 ad
427 4721 582 4777 Geiriooem
595 4723 705 4778 Viennae
714 4721 863 4778 Galliarum
878 4723 1112 4793 archiepiscopum
1121 4722 1177 4777 sin·

375 4793 474 4875 gulare
488 4793 635 4864 quodpiam
650 4809 677 4848 m
697 4796 808 4848 sterium
827 4793 943 4849 advertit
957 4810 973 4849 a
987 4793 1176 4864 superioribus

376 4865 569 4934 incogitatum.
608 4887 620 4913 ι
646 4810 718 4919 Pafio
751 4864 786 4918 ad
814 4865 955 4920 missarum
989 4865 1175 4921 tantummodo

378 4936 513 4990 solemnia
527 4933 581 4988 illis
595 4935 777 4990 soliummodo
790 4933 887 4990 diebus
908 4935 946 4990 uti
961 4934 1115 4990 fraternitas
1130 4944 1176 4990 tut

379 5005 547 5069 meminerit,
562 5006 608 5078 qui
619 5005 671 5060 tuis
686 5005 933 5076 praedecessoribus
942 5007 1070 5062 Romanae
1079 5014 1175 5062 aucto-

380 5078 464 5132 ritate
477 5075 606 5132 Ecclesia
619 5077 743 5132 concessi
767 5086 830 5132 sunt
841 5078 935 5148 ;cujos
948 5077 1114 5134 revolamus
1127 5093 1177 5148 per

380 5147 476 5204 omnia
486 5146 622 5217 gremium
642 5162 814 5202 conservare.
835 5147 921 5218 ilujus
935 5149 1007 5203 eoim
1025 5148 1177 5203 indumenti

381 5221 470 5274 bonor
483 5217 623 5274 humilitas
636 5227 718 5290 atque
730 5218 836 5288 justitia
851 5226 901 5274 est.
913 5219 981 5275 Tota
997 5235 1064 5291 ergo
1087 5226 1177 5273 mente

381 5289 540 5344 fraternitas
554 5294 602 5344 lua
612 5304 642 5344 se
656 5289 784 5344 exhibere
800 5287 951 5345 festinatio
967 5289 1109 5360 prosperis
1127 5291 1177 5345 hu·

381 5360 485 5424 milam,
502 5363 529 5415 ei
540 5359 567 5414 in
582 5359 706 5415 adversis
717 5358 752 5432 (si
767 5363 875 5430 quando
888 5361 1045 5429 adveniunt)
1055 5361 1178 5417 invenia-

383 5439 429 5486 tur
443 5445 505 5486 eum
516 5430 622 5500 justitia
635 5439 736 5495 erecta,
748 5433 836 5486 amica
852 5431 942 5495 bonis,
959 5433 1094 5500 perversis
1108 5448 1177 5488 oon·

383 5503 479 5568 traria,
495 5502 596 5568 nullius
611 5518 729 5571 unquam
743 5501 839 5557 faciem
856 5519 905 5572 pro
919 5504 1030 5558 veritate
1051 5504 1178 5575 loquente

383 5581 514 5639 tremens,
527 5573 719 5628 misericordiae
733 5573 860 5642 operibus
869 5573 950 5643 juxta
961 5576 1087 5630 virtulem
1108 5577 1173 5629 sub·

384 5643 488 5698 stantiae
503 5644 630 5698 insistens
645 5652 671 5698 et
692 5653 782 5698 tamen
806 5659 888 5715 supra
912 5645 1037 5701 virtutem
1054 5645 1178 5700 insistere

383 5716 507 5785 cupieris,
522 5712 637 5769 infirmis
651 5715 836 5784 compatiens,
861 5713 1092 5771 benevalentibus
1116 5732 1179 5772 con·

385 5785 570 5857 polensele
587 5785 685 5842 alienis
707 5785 818 5856 gaudiis
850 5795 978 5859 tanquam
1008 5788 1042 5843 de
1065 5787 1182 5858 propriis

1230 4666 1291 4708 cum
1306 4649 1477 4719 praecipiatur
1488 4649 1722 4718 metropolitanum
1743 4648 1822 4704 iidem
1842 4665 1920 4703 suam
1937 4662 2026 4716 expo-

1229 4738 1295 4777 nere
1309 4722 1395 4776 tribus
1408 4737 1423 4775 a
1437 4721 1638 4776 consecratione
1654 4721 1802 4783 mensibus,
1819 4728 1846 4774 et
1856 4719 1891 4774 ab
1903 4718 2027 4776 Ecclesia

1230 4793 1349 4848 llomena
1373 4793 1483 4863 pallium
1500 4793 1648 4863 postulare,
1671 4792 1766 4847 merito
1791 4793 1893 4864 Roger.
1919 4791 2024 4846 Honed.

1229 4873 1371 4935 suspectus
1395 4864 1501 4918 videtur
1515 4879 1610 4934 parum
1633 4861 1749 4918 fideliter
1770 4864 1855 4917 notati
1870 4862 1944 4928 anni,
1971 4877 2025 4933 quo

1230 4935 1375 4990 Auselmus
1397 4934 1507 5004 pallium
1529 4933 1669 5004 receperit.
1696 4934 1763 4990 Cum
1783 4934 1855 4990 enirn
1869 4933 2025 4988 testimonio

1231 5021 1283 5061 suo
1297 5007 1444 5061 nnselrnus
1460 5005 1539 5060 fuerit
1549 5004 1687 5060 sublectus
1701 5005 1917 5078 etinauguretus
1934 5005 2021 5074 poeti·

1230 5075 1275 5130 fex
1290 5092 1362 5132 anno
1382 5080 1460 5138 toas.
1478 5076 1534 5131 miti
1555 5077 1676 5147 profecto
1693 5093 1746 5132 non
1761 5075 1791 5132 fit
1804 5075 1949 5133 verisimile
1964 5089 2028 5130 eum

1227 5147 1298 5217 juris
1321 5147 1499 5203 ecclesiastici
1518 5163 1570 5204 oon
1599 5149 1723 5204 inscitum
1753 5149 1891 5218 recepisse
1915 5145 2029 5215 pallium

1230 5218 1322 5290 sesqui
1336 5233 1406 5272 anno
1430 5229 1491 5288 post
1514 5220 1758 5275 consecrationem.
1791 5217 1867 5276 Unde
1890 5217 2029 5288 scipsum-

1232 5289 1436 5363 quodammodo
1450 5290 1595 5354 damnans,
1607 5291 1761 5361 dolensque
1772 5289 1843 5360 quod
1853 5305 1903 5361 per
1917 5287 2029 5358 Anglici

1231 5361 1306 5432 regis
1326 5359 1473 5432 malignam
1490 5361 1663 5432 pervicaciam
1679 5377 1733 5416 non
1748 5360 1858 5416 daretur
1875 5367 1921 5416 aui
1936 5375 2029 5429 proro-

1233 5440 1350 5504 garetur
1372 5431 1488 5486 facultas
1511 5433 1591 5486 eundi
1608 5433 1733 5494 Romam.
1754 5431 1862 5487 dicebat
1883 5447 1967 5502 supra
1994 5431 2027 5485 ad

1232 5503 1336 5558 calcem
1351 5503 1431 5572 epist.
1458 5507 1502 5557 tt.
1519 5503 1548 5560 Sl
1563 5504 1794 5574 ilelropolrlrmcs
1816 5505 1960 5575 episcopos
1978 5517 2029 5572 per·

1235 5573 2030 5644 totomprimmnannumaeapaparadieenremairrpnt-

1235 5645 1306 5701 lium
1320 5647 1527 5716 requiro.jarte
1537 5645 1570 5699 ab
1579 5646 1639 5717 ipro
1651 5645 2029 5701 honoret-emouendutram.

1234 5713 1294 5784 Qua
1308 5716 1343 5770 de
1367 5731 1450 5771 causa
1472 5715 1613 5770 biatihaeus
1637 5715 1709 5770 Paris
1733 5716 1856 5770 exactius
1878 5713 2031 5784 supputavit

1234 5787 1305 5846 hanc
1318 5787 1502 5860 receptionem
1513 5803 1585 5844 anno
1601 5787 1669 5846 lotit
1684 5785 1711 5844 in
1725 5785 1843 5844 Historia
1858 5786 1970 5855 majore.

386 5856 538 5926 exsuitans,
554 5859 582 5914 in
592 5855 765 5930 corrigendis
772 5856 845 5916 vitiis
852 5857 897 5930 ple
903 5857 1031 5929 saeuiens,
1042 5858 1072 5915 ιιι
1085 5857 1181 5918 loven·
1265 5913 1269 5924 ‚
