4750 6725
407 671 458 728 iai
905 657 1060 718 saunari
1082 655 1362 714 carmeniensis
1381 655 1551 714 nonacris.
2005 657 2059 713 628

405 793 493 861 obsit,
518 769 611 856 diens·
634 787 693 844 iilis
710 783 806 856 ludicii
832 782 965 839 sententio
992 779 1106 854 prodeat
1127 779 1378 852 cujusllsoscipio
1397 797 1452 854 quo
1475 783 1543 838 tanti
1563 782 1652 838 Patris
1673 780 1834 839 auctoritate
1853 780 1990 838 suffultum
2012 800 2063 840 au·

408 880 536 952 exemplo
550 879 579 934 in
593 873 793 949 superventuris
807 871 984 943 temporibus,
1007 870 1051 926 vel
1072 885 1122 925 sua
1141 871 1206 942 qui·
1260 869 1316 924 dio.
1342 891 1353 922 ι
1375 870 1426 926 llla
1445 871 1544 927 debinc
1562 870 1590 925 in
1610 869 1732 926 medium
1753 869 1871 941 ducitur,
1887 875 1966 943 gesta
1987 873 2062 928 nomi

407 971 475 1028 libet
489 969 613 1024 libertato
627 979 681 1020 nou
693 964 753 1033 jure
772 962 906 1033 privetur,
921 959 967 1016 rel
988 959 1060 1015 lleus
1081 958 1124 1014 bis
1144 973 1206 1029 quas
1259 957 1335 1014 vultu
1350 957 1460 1014 audiret
1470 958 1653 1030 amplectitur,
1664 957 1787 1015 auditum
1798 958 1851 1014 sibi
1860 961 2062 1032 praestaripsu-

407 1061 449 1117 sui
462 1059 532 1131 juris
546 1070 604 1112 esse
618 1053 720 1110 debent
733 1050 831 1121 injuria
850 1049 1035 1106 defraudetur.
1047 1047 1208 1104 acclamant
1260 1045 1301 1103 cis
1315 1055 1451 1118 precatur.
1462 1048 1589 1120 Loquens
1603 1062 1669 1121 ergo
1684 1047 1782 1104 obtulit
1794 1049 1878 1107 mrel
1889 1058 2063 1107 sacremenro

408 1161 505 1206 omnes
517 1144 555 1200 its
569 1141 735 1210 laciendum,
752 1146 779 1196 et
791 1155 822 1196 se
836 1153 891 1194 non
905 1137 984 1194 aliter
999 1137 1114 1193 tacturos
1124 1151 1207 1207 spon·
1260 1133 1304 1192 rel
1313 1134 1375 1203 alia,
1385 1153 1468 1208 quam
1477 1137 1716 1210 magiseligerent,
1726 1135 1910 1194 ecclesiastica
1919 1137 2062 1211 leggpm.

408 1237 482 1292 dent.
498 1235 612 1290 Remoto
627 1231 717 1301 itaque
733 1245 748 1284 a
762 1234 898 1285 consentu
912 1225 971 1282 solo
983 1228 1071 1297 patre,
1083 1223 1208 1280 Ecclesia
1260 1223 1384 1280 baturam
1401 1225 1494 1282 solide
1503 1225 1611 1281 veritati
1622 1224 1773 1281 subnixam
1784 1241 1846 1282 esse
1855 1227 1911 1297 jam
1922 1226 2063 1285 definitam

408 1323 520 1397 Angliae
535 1336 596 1392 quae
610 1326 775 1376 convenerat
789 1317 816 1372 in
829 1330 912 1371 uuum
925 1313 959 1369 de
970 1313 1133 1386 proterenda
1145 1328 1208 1368 sen·
1262 1312 1396 1369 moenem
1409 1328 1501 1371 suam.
1521 1312 1601 1383 Quod
1615 1329 1670 1371 non
1686 1323 1831 1385 propterea
1844 1315 1977 1372 samaram
1990 1317 2065 1374 late·

407 1413 492 1473 tentia
515 1416 625 1468 tractat.
661 1406 767 1464 Deinde
790 1405 838 1462 illo
854 1405 881 1459 in
902 1403 1022 1459 medium
1051 1409 1209 1458 reverenter
1261 1407 1314 1468 tur,
1325 1401 1403 1474 quasi
1418 1402 1471 1458 sibi
1486 1418 1541 1460 nou
1555 1404 1691 1459 creditum
1705 1418 1767 1460 esse
1781 1405 1927 1475 putet,sed
1940 1406 2066 1463 utmsle

408 1502 536 1568 adducto,
556 1495 710 1570 expositum
730 1504 771 1551 est
786 1493 851 1565 quid
872 1490 1034 1564 denegatio
1054 1489 1209 1547 communis
1263 1489 1333 1545 volis
1347 1491 1502 1572 bominibus
1516 1505 1626 1548 omnem
1641 1491 1771 1564 deinceps
1784 1491 1993 1564 blasphemandi
2012 1509 2064 1554 oe·

411 1589 535 1650 omniurn
550 1601 696 1643 cousensus
709 1580 852 1639 iurauerit.
869 1580 965 1636 llatum
979 1578 1053 1634 aiunt
1071 1585 1213 1650 perspecta
1262 1577 1401 1634 essionem
1419 1586 1550 1651 amputet.
1573 1579 1765 1652 llespondetor
1785 1580 1854 1636 nibil
1873 1581 1973 1639 borum
1994 1597 2065 1656 opos

409 1695 442 1737 re
455 1677 507 1736 sibi
519 1675 617 1742 videri,
633 1681 660 1731 et
674 1672 710 1729 ad
728 1671 781 1728 hoc
801 1667 1033 1742 comprobandum
1056 1675 1168 1738 paratos
1183 1682 1213 1724 se
1262 1681 1335 1734 esse,
1361 1667 1508 1739 quonism,
1530 1666 1554 1724 si
1572 1667 1660 1724 malus
1680 1668 1764 1725 homo
1784 1670 1821 1726 da
1839 1670 1913 1726 melo
1933 1672 2064 1731 theseum

411 1773 537 1826 asserunt
556 1762 629 1819 nulla
649 1759 787 1818 sententia
811 1773 892 1828 posse
920 1755 1039 1830 puellam
1057 1771 1107 1828 pro
1130 1769 1212 1811 causa
1261 1754 1409 1812 eordissui
1424 1756 1567 1828 protulerit
1587 1755 1674 1824 mala,
1696 1756 1771 1814 dicto
1791 1757 1872 1814 citius
1895 1761 2067 1833 opprimetur

411 1856 536 1928 suajure
549 1849 711 1923 constringi,
728 1848 793 1918 quin
807 1847 933 1902 libertate
947 1843 1069 1917 corporis
1084 1842 1126 1899 sui
1140 1858 1212 1916 quo-
1260 1844 1325 1913 ipsa
1345 1843 1478 1912 veritate,
1496 1844 1554 1915 jam
1572 1851 1710 1900 tantarum
1732 1861 1910 1918 personarum
1930 1849 2065 1922 astipola-

412 1960 519 2016 cunque
532 1940 615 1998 ruodo
628 1937 754 2011 legaliter
767 1935 842 2004 velit,
857 1933 947 1991 valeat
966 1933 1018 1990 uti.
1043 1932 1123 2003 Quod
1137 1931 1210 2001 licet,
1262 1931 1336 1987 tinne
1357 1933 1481 2003 probata,
1498 1940 1526 1989 et
1546 1933 1687 1990 roborata.
1710 1933 1883 1993 samonaos
1904 1940 2026 2009 postuma
2038 1948 2067 1997 rr

412 2033 547 2109 inquiunt,
562 2028 615 2086 leri
631 2033 793 2102 argumento
809 2022 924 2096 probare
938 2037 1090 2095 possemus,
1110 2037 1141 2078 ec
1167 2029 1212 2076 ta·
1260 2019 1452 2077 benedictione
1474 2021 1595 2078 Anselmi
1618 2022 1706 2094 potita
1727 2023 1804 2093 abiit,
1828 2026 1952 2096 prunulis
1967 2027 2068 2085 diebu,

411 2138 485 2190 men,
501 2136 562 2177 cum
578 2133 647 2190 opus
661 2131 715 2172 non
731 2115 776 2185 sit,
792 2111 1018 2185 supersedemus,
1043 2109 1143 2167 nostris
1165 2103 1252 2166 ιιι-Β
1268 2109 1383 2166 evolutis
1397 2108 1436 2178 lit,
1453 2117 1482 2166 ut
1495 2110 1565 2179 nixi,
1581 2109 1677 2184 regina
1692 2119 1719 2168 et
1731 2112 1845 2185 conjux.
1868 2115 1978 2186 Verum,
2002 2133 2069 2175 eum

412 2211 551 2288 gumentis
580 2205 728 2262 firmiorum
755 2209 877 2258 tenentes
898 2216 994 2272 parem
1016 2198 1111 2270 judicii
1134 2199 1213 2270 hujus
1265 2198 1326 2271 ipsa
1339 2199 1588 2270 conjunctiojuxta
1602 2200 1822 2258 ritumllcclesiae
1835 2200 1894 2258 fieri
1907 2203 2068 2279 firmarique

412 2299 593 2365 sententiam,
616 2310 632 2349 a
656 2291 817 2351 venerande
842 2289 982 2346 memoriae
1011 2287 1212 2360 predecessore
1266 2285 1385 2352 deberet,
1403 2287 1483 2342 Pater
1504 2289 1567 2357 ipse
1584 2294 1669 2343 totam
1690 2289 1767 2361 regni
1786 2290 1956 2348 nobilitatem
1974 2310 2067 2368 popu.

411 2393 541 2450 restroet
554 2386 634 2440 Patre
648 2389 675 2439 et
688 2380 820 2452 magistro
839 2385 932 2434 nostro
955 2369 1107 2433 Lanlrauco
1128 2375 1213 2431 simili
1266 2374 1377 2446 lusuque
1409 2374 1561 2446 minorem,
1584 2390 1635 2448 pro
1655 2377 1708 2434 hoa
1738 2377 1798 2450 ipso
1823 2379 2068 2456 mmmmm,

413 2481 450 2537 de
465 2491 550 2535 causa
567 2471 782 2544 promulgatam.
805 2467 876 2523 Nam
896 2466 1005 2538 quando
1029 2464 1075 2521 ille
1097 2480 1213 2538 magnus
1265 2477 1372 2519 necnon
1387 2478 1439 2533 pro
1454 2463 1560 2520 loribus
1574 2463 1703 2522 ecclesias
1717 2481 1810 2539 regem
1824 2471 1853 2523 et
1865 2467 1939 2525 illam
1949 2471 2069 2528 circum.

412 2564 593 2624 Willbelmus
602 2562 674 2617 banc
690 2568 788 2616 terram
799 2557 887 2628 primo
897 2554 1006 2625 devicit,
1016 2553 1091 2610 multi
1102 2569 1212 2610 suorum
1266 2550 1429 2623 vellentem,
1461 2551 1608 2608 sublimius
1635 2553 1743 2611 ceteris
1767 2562 1842 2612 stans
1868 2557 1896 2612 in
1920 2575 2069 2620 commune

411 2657 464 2714 sibi
477 2669 527 2727 pro
541 2659 616 2708 tanta
628 2647 744 2706 victoria
768 2644 975 2718 applaudentes,
990 2644 1136 2716 omniaque
1158 2645 1215 2700 suis
1266 2640 1386 2708 edocuit,
1401 2655 1456 2713 quo
1469 2641 1568 2698 ordine
1582 2657 1665 2699 causa
1674 2643 1799 2716 virginis,
1813 2661 1895 2718 mem
1916 2648 1987 2705 tamn
2001 2651 2070 2708 vul.

414 2740 599 2804 voluntatibus
613 2744 694 2810 atque
707 2735 822 2792 luxuriis
837 2732 948 2790 obedire
962 2747 994 2788 ac
1008 2731 1087 2787 subdi
1111 2732 1214 2790 debere
1266 2735 1354 2801 garet,
1367 2744 1417 2800 per
1428 2728 1577 2802 episcopos
1591 2738 1617 2787 et
1630 2731 1776 2805 religiosas
1797 2749 1928 2805 perron„
1938 2739 2072 2797 ,mmm

415 2837 596 2901 autumantes,
622 2841 678 2883 uon
701 2825 787 2882 solum
809 2821 836 2879 iu
857 2821 1049 2894 possessiones
1068 2819 1212 2893 rictonrm,
1267 2817 1317 2873 luit
1330 2825 1358 2873 et
1370 2816 1561 2875 determinata.
1577 2817 1639 2888 Quo
1654 2819 2073 2893 iacto,monendo,auctoritate

412 2922 465 2982 sed
480 2929 507 2977 et
521 2919 549 2974 iu
562 2917 636 2989 ipsas
648 2921 786 2970 matronas
800 2917 827 2967 et
841 2910 971 2982 virgines,
987 2908 1034 2964 ubi
1048 2909 1088 2966 eis
1101 2908 1214 2966 facultas
1266 2904 1317 2962 Dei
1331 2906 1472 2978 precepit,
1488 2915 1619 2980 quatenns
1633 2909 1656 2964 si
1671 2909 1735 2981 quis
1747 2910 1828 2968 aliter
1838 2911 1874 2970 de
1886 2916 1999 2987 negotio
2021 2917 2072 2976 iilo

412 3007 562 3082 aspirabat,
575 3002 697 3060 nefanda
708 3000 822 3056 libidine
835 3005 979 3070 coeperunt
993 2997 1122 3055 insanire.
1134 2998 1213 3068 Quod
1266 2995 1399 3061 sentiret,
1422 3011 1455 3050 an
1472 2996 1610 3052 mutantia
1628 2997 1730 3055 tulerat
1749 3001 1834 3071 (undo
1855 3001 1960 3060 scilicet
1978 3007 2071 3078 ipsam

413 3095 552 3157 nonnulle
584 3089 784 3163 presidentes,
809 3094 837 3144 et
858 3101 907 3143 suo
936 3085 1033 3156 pudori
1064 3094 1214 3143 metuentes
1267 3082 1407 3154 copulam,
1427 3083 1577 3141 monadum
1597 3085 1690 3159 legem
1709 3087 1909 3160 Christianam,
1932 3091 1991 3150 lieri
2013 3111 2072 3154 non

411 3182 580 3244 monasteria
594 3178 730 3252 virginum
745 3174 881 3249 petinere,
898 3181 1064 3246 acceptoque
1077 3175 1139 3232 velo
1152 3193 1213 3233 sese
1266 3172 1369 3228 debere
1389 3179 1485 3243 posset
1506 3173 1636 3248 ostendi),
1659 3175 1727 3231 nibil
1747 3176 1888 3248 hesitans,
1903 3181 1980 3238 salva
1999 3199 2071 3255 paee

411 3277 484 3334 inter
497 3273 571 3345 ipsas
589 3285 606 3326 a
626 3275 701 3324 tanta
719 3265 833 3322 inlamla
854 3267 1006 3336 protexere.
1030 3262 1096 3332 Qnae
1117 3265 1213 3322 clades
1265 3258 1402 3327 omniun,
1427 3272 1524 3315 coram
1545 3260 1697 3331 proterret.
1721 3261 1763 3318 Ad
1784 3279 1867 3337 quae,
1886 3269 1994 3325 cunctis
2013 3287 2073 3328 uns

412 3378 475 3422 cum
488 3357 663 3436 postmodum
678 3355 782 3425 sedata,
809 3359 835 3410 et
859 3367 908 3425 pro
933 3353 1062 3425 temporis
1085 3353 1214 3426 qualitate
1264 3346 1462 3418 clamantibus,
1485 3365 1542 3404 rem
1559 3348 1635 3421 justa
1654 3349 1811 3424 delinitam,
1833 3372 1884 3412 uec
1902 3355 1930 3411 in
1948 3372 1981 3414 ea
2002 3359 2073 3432 quid

412 3469 467 3528 pax
491 3451 572 3507 rebus
592 3448 655 3503 data
670 3443 775 3511 luisset,
791 3441 934 3513 quaesitum
956 3441 990 3496 nb
1012 3442 1107 3497 eodem
1133 3442 1211 3501 Patre
1226 3464 1251 3529 c
1267 3435 1388 3493 residere
1407 3437 1480 3493 unde
1501 3438 1573 3510 quis,
1595 3439 1648 3494 uisi
1669 3440 1739 3497 torte
1760 3443 1864 3499 malitia
1886 3444 1993 3515 doctus,
2005 3448 2073 3518 jore

413 3542 566 3601 Laulranco
582 3544 624 3594 est
637 3532 702 3608 quid
721 3531 756 3589 de
777 3531 828 3601 his,
851 3546 912 3602 quae
935 3528 982 3585 tali
1004 3529 1112 3604 refugio
1137 3546 1215 3591 suam
1269 3523 1387 3597 aliquam
1419 3532 1512 3597 posset
1528 3540 1639 3585 morere
1658 3530 1833 3600 calumniam,
1853 3532 1974 3606 legitime
1998 3552 2071 3594 con-

415 3628 577 3706 pudicitiam
591 3627 778 3690 servaverunt,
794 3620 853 3692 ipse
868 3617 989 3690 sentiret,
1000 3628 1127 3677 essentne
1140 3620 1216 3679 ride·
1265 3612 1353 3685 juncti
1373 3622 1447 3684 sunt,
1463 3616 1567 3672 honore
1585 3616 1657 3689 quod
1678 3618 1770 3676 decuit
1783 3636 1877 3694 regem
1889 3632 1917 3679 er
1930 3625 2070 3698 regium

410 3720 475 3779 licet
487 3714 706 3789 constringendae
720 3708 1024 3767 inmonasteriovelum
1036 3716 1127 3765 tenere
1142 3710 1216 3783 quod
1267 3702 1309 3758 En
1322 3702 1445 3759 ominem
1457 3712 1543 3777 geste
1563 3706 1612 3775 rei,
1633 3713 1701 3763 teste
1720 3709 1895 3768 conscientie
1907 3728 1978 3770 meas
1989 3716 2070 3772 veri-

412 3813 583 3880 accepera-nt,
592 3818 692 3861 necne.
704 3802 741 3856 at
751 3799 810 3871 ipsc
818 3797 995 3869 questionem
1004 3796 1091 3869 ipsam
1101 3798 1217 3857 consilio
1268 3796 1339 3856 tete;
1372 3791 1442 3847 sicut
1460 3808 1521 3848 eam
1539 3810 1660 3865 praesens
1682 3796 1774 3853 audivi
1793 3805 1821 3855 et
1839 3800 1895 3856 ridi
1915 3801 1943 3856 in
1962 3803 2071 3861 nnllam

413 3895 551 3971 generalis
573 3890 684 3950 concilii
707 3888 797 3945 taliter
817 3885 906 3957 solvit,
921 3891 949 3940 ut
964 3885 1004 3941 eis
1025 3902 1074 3956 pro
1096 3886 1217 3944 castitate
1267 3887 1374 3949 partem
1389 3878 1552 3938 declinando
1566 3881 1706 3955 descripsi,
1720 3885 1805 3942 verba
1818 3887 1917 3959 puellae
1937 3889 1975 3946 its
1994 3891 2071 3948 dun-

415 4001 496 4057 quam
511 3998 544 4040 sa
558 3990 613 4037 tam
625 3976 779 4033 manifestae
788 3974 826 4029 rei
837 3973 991 4031 ostensione
1005 3988 1097 4029 amare
1111 3981 1217 4033 testatas
1268 3974 1343 4023 uxot
1355 3967 1384 4023 in
1396 3967 1487 4025 medlo
1501 3985 1618 4041 ponens,
1628 3978 1658 4027 nt
1672 3987 1727 4028 non
1742 3989 1863 4031 asseram
1874 3993 1939 4034 rere
1953 3980 2071 4039 exscire.

416 4065 665 4141 luerant,debitam
682 4063 772 4135 magis
787 4059 965 4118 reverentiam
978 4060 1114 4133 judicaret
1135 4062 1215 4118 exbi-
1267 4055 1324 4111 rint
1337 4071 1433 4113 neoto.
1455 4057 1486 4113 Si
1506 4073 1574 4131 ergo
1595 4058 1656 4132 quis
1675 4060 1703 4116 in
1722 4060 1781 4118 istis
1797 4064 1954 4123 anselmum
1976 4078 2073 4127 contra

414 4156 534 4216 bendum
549 4168 630 4226 quam
652 4150 735 4207 ullam
757 4148 896 4207 servande
915 4147 1056 4219 religionis
1071 4149 1215 4207 coutinen·
1267 4159 1374 4215 equum
1387 4143 1492 4217 aliquid
1509 4147 1601 4221 egisse
1620 4148 1711 4206 dicere
1725 4150 1797 4207 ultra
1810 4153 1934 4224 voluerit,
1949 4156 2011 4229 ipse
2024 4158 2073 4215 ri·
2185 4202 2186 4209 ,

413 4248 488 4317 tiam,
503 4242 555 4301 nisi
569 4240 679 4315 pmpria
693 4238 768 4295 illam
782 4236 919 4295 voluntate
930 4240 1100 4308 appeterent,
1112 4238 1215 4295 violen·
1268 4233 1349 4290 derit.
1372 4235 1430 4291 Nos
1444 4250 1520 4306 vero,
1535 4236 1583 4308 qni
1604 4251 1652 4295 cor
1672 4237 1731 4308 ejus
1753 4240 1781 4295 in
1799 4242 1852 4298 bec
1874 4251 1901 4299 et
1923 4244 1952 4301 in
1973 4246 2070 4305 multis

414 4343 456 4392 ter
469 4331 658 4407 ingerendam.
675 4328 711 4384 Et
725 4326 922 4397 adjunxerunt:
938 4348 949 4375 u
963 4325 1012 4379 llis
1028 4325 1213 4397 interfuimus,
1268 4322 1440 4395 agnovimus,
1465 4324 1650 4382 testimonium
1671 4326 1697 4383 ei
1716 4329 1899 4399 perbibemus,
1913 4333 1977 4403 quia
2000 4336 2073 4394 sient

415 4427 475 4481 bac
498 4418 645 4495 approbari
669 4433 685 4472 a
710 4412 877 4488 sapientibus
897 4412 963 4471 viris
990 4414 1157 4487 audivimus,
1188 4422 1215 4472 et
1267 4410 1326 4482 ipse
1348 4411 1428 4469 lateri
1443 4411 1560 4483 solebat,
1576 4429 1627 4471 uec
1641 4416 1870 4489 seirenecposse
1884 4421 1931 4479 illo
1945 4430 2072 4498 teaapnre

415 4514 476 4571 bec
488 4512 515 4567 in
530 4506 656 4582 presenti
670 4506 782 4579 negotio
795 4502 887 4561 valere
901 4502 1037 4573 volumus,
1046 4520 1078 4561 ac
1092 4503 1215 4561 roborari
1267 4498 1520 4572 babuit,qucmodn
1534 4501 1563 4558 in
1576 4503 1668 4561 haere
1681 4505 1950 4581 maliusautoequius
1965 4512 2073 4573 iaceret
2185 4492 2186 4507 ἶ

416 4598 602 4674 postulamus.
639 4594 713 4651 Licet
736 4591 808 4649 enirn
832 4592 954 4648 sciamus
975 4607 1084 4647 causam
1106 4592 1214 4648 illarum
1268 4601 1353 4660 quam
1368 4588 1432 4645 lecit
1445 4590 1499 4663 (α).
2003 4602 2011 4621 ⁸

416 4690 493 4749 istius
508 4702 568 4744 esse
582 4681 795 4753 leviorem,dum
810 4680 857 4735 ills
871 4680 1039 4751 sponte,ista
1052 4679 1215 4751 coactnpnri
1302 4676 1409 4733 Eodem
1428 4694 1499 4736 auno
1512 4679 1625 4737 venitin
1639 4681 1766 4756 angliam
1781 4684 1872 4745 Guido
1886 4688 2074 4763 archiepisco·
2185 4754 2186 4759 ἵ

412 4779 447 4836 de
462 4774 643 4835 causavelum
658 4768 815 4844 portaverit,
826 4776 928 4839 tamen,
943 4782 976 4824 ne
991 4766 1050 4839 quis
1058 4784 1109 4825 nos
1118 4768 1214 4824 lavore
1267 4780 1319 4837 pos
1332 4766 1506 4837 Viennensis,
1520 4768 1671 4839 iuncturus,
1692 4780 1722 4827 ut
1741 4773 1859 4847 dicebat,
1873 4776 2011 4849 legatione
2025 4788 2073 4837 to·
2185 4774 2186 4795 ¹

413 4864 536 4941 cuiusvis
552 4862 614 4919 duci
629 4860 774 4930 existimet,
786 4873 840 4913 nan
851 4856 921 4912 ultra
930 4857 1059 4928 progredi
1069 4858 1099 4912 in
1108 4826 1254 4927 JudicioD
1269 4854 1323 4910 tius
1337 4854 1491 4928 Britannia,
1512 4872 1547 4913 ex
1569 4866 1706 4931 precepto
1729 4869 1754 4917 et
1778 4866 1940 4922 auctoritate
1954 4874 2073 4939 aposto·
2185 4892 2186 4947 p

413 4955 548 5023 volumus,
558 4953 610 5008 hoc
624 4949 682 5005 solo
697 4945 827 5015 contenti,
841 4952 870 5000 ut
885 4945 957 5015 quod
972 4946 1056 5003 raluit
1070 4946 1098 5000 in
1111 4946 1210 5015 majori
1263 4942 1324 4999 licre
1338 4943 1425 5000 sedis.
1442 4942 1531 5014 Quod,
1546 4962 1597 5017 per
1609 4948 1736 5021 angliam
1750 4949 1884 5020 nuditum,
1898 4954 1928 5009 in
1944 4956 2070 5013 admira-

411 5042 502 5101 ralaat
514 5041 542 5096 in
556 5038 665 5096 minori.
681 5060 692 5088 a
708 5037 785 5094 ‘lunc
800 5034 946 5091 dnselmus
958 5032 992 5088 ad
1007 5034 1066 5089 haec
1081 5048 1088 5088 :
1107 5033 1211 5090 «Scitis
1264 5030 1366 5088 tionem
1381 5032 1508 5089 omnibus
1522 5036 1596 5091 venit
1611 5054 1617 5090 :
1634 5037 1786 5095 inauditum
1801 5040 1905 5098 scilicet
1918 5044 1948 5098 in
1961 5044 2071 5104 Britan.

413 5130 479 5203 quid
493 5126 655 5197 monuerim,
672 5123 736 5197 quid
753 5122 942 5196 praeceperim,
959 5121 1079 5196 quidque
1098 5122 1211 5194 polliciti
1263 5119 1310 5175 nia
1331 5121 1420 5177 cuncti
1440 5121 1576 5193 scientes,
1599 5124 1748 5198 quemlibet
1768 5128 1912 5185 bominum
1932 5147 2016 5207 super
2035 5153 2071 5195 ⁸0

412 5218 487 5275 sitis.
510 5216 578 5273 Cum
595 5214 680 5287 igitur
698 5212 844 5269 secamdum
867 5210 942 5283 quod
963 5210 1043 5267 robis
1063 5210 1147 5267 visum
1170 5219 1212 5267 est
1264 5210 1341 5266 vices
1355 5210 1520 5280 apostolicas
1533 5228 1631 5284 gerere
1644 5213 1696 5270 nisi
1710 5216 1799 5272 solum
1831 5220 2069 5296 archiepiscopum

407 5305 518 5381 justius,
530 5303 557 5359 in
571 5316 715 5359 commune
727 5299 925 5370 iudicaveritis,
935 5299 1004 5356 sicut
1017 5300 1150 5371 asseritis,
1159 5314 1212 5371 ego
1266 5298 1427 5356 Cantnariae.
1444 5298 1618 5371 Quapropter
1630 5302 1701 5360 sicru
1714 5304 1788 5360 venit
1811 5307 1850 5364 ita
1870 5324 1996 5367 resersus
2010 5321 2066 5383 est,

408 5393 545 5469 judicium
558 5399 680 5451 restrum
692 5404 745 5445 uon
761 5387 872 5459 abjicio,
888 5388 938 5445 sed
956 5403 989 5445 eo
1004 5386 1126 5445 securius
1144 5386 1212 5443 illud
1267 5386 1404 5443 anemine
1418 5403 1470 5459 pro
1486 5388 1577 5462 legato
1592 5399 1745 5464 susceptus,
1761 5409 1812 5451 nee
1825 5394 1853 5451 in
1868 5396 1961 5470 aliquo
1980 5398 2069 5474 legari

1056 5483 1273 5542 transcursuri
1291 5482 1407 5543 NOTAE.

408 5587 552 5649 risburiam
574 5582 624 5641 sub
643 5581 757 5656 regibus
784 5582 977 5639 Northmannis
1005 5582 1209 5639 transferretur.
1225 5584 1253 5645 A
1269 5584 1464 5641 restauratione
1477 5591 1591 5642 testatur
1602 5587 1800 5646 adolescentem
1816 5608 1847 5647 ss
1860 5592 1993 5665 admisse,
2008 5611 2063 5653 au-

406 5662 457 5719 llic
470 5659 613 5731 liadgarus
634 5670 683 5710 rex
703 5652 915 5725 prenominatus
929 5655 1122 5711 monasterium
1141 5654 1205 5709 Vir·
1260 5653 1457 5726 divisaequaen
1468 5658 1571 5727 quaead
1579 5659 1839 5718 boematrimoniurn
1848 5664 2065 5726 dissuadendum

429 5733 502 5789 'num
516 5744 561 5785 rna
583 5742 618 5784 no
633 5724 721 5782 studio
736 5724 905 5795 condiderat,
920 5726 958 5781 uti
971 5724 1068 5781 scribit
1081 5725 1206 5782 Ethelre·
1260 5725 1329 5780 dixit
1344 5726 1373 5781 S.
1389 5727 1542 5795 tnselmus,
1558 5737 1586 5785 et
1600 5745 1683 5802 qoam
1697 5734 1834 5789 veraciter
1856 5737 2066 5807 prophetaverit

425 5821 456 5861 ns
470 5800 557 5859 abbas
594 5796 750 5855 iersilensis
765 5796 795 5851 iu
809 5794 978 5871 Genealogia
991 5811 1090 5871 regom
1099 5796 1203 5871 anglo·
1258 5795 1372 5852 minime
1394 5797 1460 5853 felix
1481 5798 1611 5856 futurum.
1628 5801 1717 5858 Verba
1732 5802 1912 5877 ejusintegre
1926 5806 2066 5881 hicjnrer

404 5890 476 5945 mmo
491 5872 564 5929 “diiii
578 5888 597 5927 ¹
610 5864 799 5939 ⁸0fi9101'lb08·
855 5936 860 5947 ,
1149 5936 1155 5949 ¹
1257 5874 1397 5938 attexere,
1421 5868 1484 5939 qula
1507 5870 1611 5941 aliquas
1633 5873 1849 5931 circumstantias
1870 5877 1906 5933 ab
1924 5879 2066 5941 ssnnmm

442 5946 484 6017 (a)
498 5943 689 6006 llerimennus,
700 5938 786 5995 abbas
800 5945 895 5994 ternus
909 5936 943 5994 S.
957 5936 1064 5995 limini
1085 5936 1113 5993 in
1131 5938 1202 5995 arvi·
1255 5939 1384 5995 diversas
1399 5942 1548 6011 continent,
1560 5951 1587 5999 et
1597 5958 1656 5999 rem
1671 5951 1755 5999 mun
1764 5946 1801 6003 ad
1812 5948 1937 6005 inarime
1950 5950 2063 6010 laudem

406 6022 461 6073 tate
472 6011 646 6083 lomacensi,
665 6009 695 6069 ln
714 6016 829 6068 emmiu
848 6024 900 6067 rns.
921 6008 958 6066 de
977 6008 1021 6066 sni
1043 6008 1202 6067 momstorii
1253 6008 1346 6084 ansgis
1362 6008 1513 6077 illustrium
1528 6013 1571 6070 ris
1584 6028 1652 6091 ergo
1663 6013 1769 6073 hang:
1788 6018 1858 6076 ,gg
1870 6035 1926 6095 qu,
1942 6018 2061 6085 nnn-m
