4750 6725
415 579 468 635 735

926 573 1082 631 sintiisiti
1101 571 1378 629 cantoiitiENSis
1396 571 1555 630 iion'ncni

2017 568 2080 621 'iso

415 700 512 757 mortis
525 698 647 771 periculo
661 699 800 770 liberatus,
815 707 846 755 ut
858 698 963 756 cunetis
977 698 1122 767 clarescat,
1137 695 1210 769 quod
1225 695 1254 759 Α
1267 696 1304 753 ris
1316 712 1474 769 expugnare
1487 699 1503 751 ‘i
1517 696 1582 769 quid
1598 694 1676 751 toties
1698 703 1725 752 et
1739 694 1818 751 toties
1831 694 1867 749 ad
1893 690 2079 747 vinciendum

415 788 505 861 gloria
520 789 598 861 regni
612 789 662 845 Dei
676 787 754 843 simul
766 803 829 845 aum
844 788 902 859 ipso
929 787 1053 860 apostolo
1067 786 1105 842 sis
1132 800 1212 841 coro·

416 885 505 933 natm.

1269 788 1376 843 vincula
1390 793 1492 858 mutas,
1521 794 1548 843 ei
1575 800 1592 841 a
1620 793 1646 841 ie
1672 782 1780 839 tinnula
1803 778 2080 854 quibus'exmerito

1269 884 1320 932 iure
1335 876 1474 948 pravitatis
1496 892 1525 931 es
1541 874 1638 940 vineta,
1670 888 1723 929 non
1753 874 1843 945 potins
1863 870 1978 925 muias‘?
1994 868 2080 924 Collo

454 968 501 1022 io.
520 969 593 1021 later
610 964 886 1037 haeeuxorpraelecli
915 964 1084 1035 Offridi,qui
1103 964 1215 1018 beatum
1266 966 1331 1036 justi
1346 966 1403 1021 lora
1430 974 1473 1019 tua
1496 964 1597 1037 imponi
1634 970 1770 1031 verentur,
1798 960 1872 1032 quod
1890 960 1981 1031 ipsum
2002 959 2081 1029 jugo

422 1053 615 1109 Wiliridnmin
636 1053 898 1123 custodiahabebat,
927 1054 1057 1110 acerrima
1085 1053 1216 1123 languore

419 1142 573 1212 corripitur,
586 1144 756 1214 jamjamque
770 1142 804 1199 ad
820 1144 884 1199 vitre
912 1150 1034 1199 extrema
1047 1141 1215 1213 perducitur.

417 1231 491 1286 iacet
518 1231 653 1301 siquidem
675 1240 731 1287 toto
746 1247 861 1303 corpore
889 1231 1041 1299 debilitata,
1070 1229 1218 1301 solutisque

418 1319 599 1391 compagibus
609 1320 685 1375 omni
695 1319 876 1376 membrorum
891 1318 979 1375 officio
992 1317 1116 1373 destituta
1134 1336 1140 1372 :
1156 1333 1217 1387 per·

418 1405 475 1462 dito
490 1407 600 1479 insuper
613 1424 704 1476 sensu,
716 1410 861 1464 contractis
875 1415 998 1463 emortua
1011 1403 1100 1462 nervis
1113 1406 1219 1463 viscera

420 1494 574 1551 fluitabant.
591 1494 659 1564 Quae
667 1512 710 1552 res
723 1497 784 1552 viro
797 1512 847 1551 suo
862 1496 958 1569 magni
972 1496 1075 1551 doloris
1088 1503 1114 1549 et
1128 1493 1219 1550 anxie·

419 1582 482 1639 tatis
494 1584 616 1640 stimulos
630 1600 739 1656 magnae
753 1584 914 1641 deiectionis
938 1592 965 1639 et
979 1584 1100 1640 horroris
1124 1598 1219 1638 causas

422 1670 575 1743 ingerebat.
592 1672 652 1741 Quo
667 1672 911 1729 infortuniemoius
937 1673 1025 1729 sirum
1053 1672 1102 1727 Dei
1128 1672 1218 1743 lacry-

420 1760 505 1816 mosis
515 1761 656 1833 questibus
663 1760 728 1816 adiit
737 1762 861 1825 uincula
876 1762 974 1833 quibus
989 1762 1153 1833 gravabatur
1166 1760 1218 1815 ab·

419 1846 501 1903 solvit
516 1863 523 1917 ;
540 1849 575 1905 ad
595 1850 704 1920 pietatis
728 1849 855 1907 affectum
869 1850 1018 1920 inclinarit,
1047 1857 1073 1906 et
1094 1850 1219 1905 eductum

422 1938 558 2007 ergastulo
572 1954 628 1994 suae
643 1939 753 2011 conjugi
767 1939 902 1996 medicum
917 1940 1012 1996 salutis
1028 1940 1150 1995 adduxit.
1166 1940 1219 1993 ild·

413 2023 474 2098 *luit
488 2026 530 2080 vir
541 2026 590 2081 Dei
606 2036 634 2083 et
647 2044 711 2085 mox
724 2028 827 2097 turbas,
843 2046 909 2101 quae
927 2029 962 2084 ad
990 2028 1071 2085 ianus
1098 2028 1219 2083 mulieris

421 2122 560 2184 venerant,
578 2114 660 2184 jussit
673 2116 806 2172 amoveri.
835 2117 902 2173 llinc
916 2116 1044 2187 precibus
1058 2118 1093 2172 ad
1121 2116 1218 2173 Domi-

1271 1056 1370 1111 Cbristi
1384 1053 1535 1123 subjectum
1546 1068 1607 1109 esse
1621 1051 1705 1123 digna
1714 1049 1888 1108 veneratione
1896 1054 2080 1103 contuentur.

1271 1146 1386 1202 llanicae
1416 1151 1467 1199 tuae
1494 1141 1620 1196 manibus
1643 1141 1701 1209 eius
1730 1138 1810 1195 insen‘
1840 1135 2027 1208 metuuntqui
2051 1135 2081 1187 in

1272 1234 1397 1291 ferendis
1412 1230 1574 1305 pauperibus
1601 1246 1647 1285 eas
1675 1228 1757 1283 luisse
1786 1234 1892 1283 exertas
1918 1225 2079 1281 attendunt.

1271 1326 1427 1381 'frementes
1441 1330 1542 1377 catenae
1558 1318 1641 1391 pedes
1656 1332 1757 1373 nexare
1769 1316 1901 1383 devitant,
1925 1322 2083 1385 propiores

1273 1413 1345 1485 quod
1355 1414 1416 1468 illos
1431 1410 1465 1466 ad
1479 1424 1577 1480 pacem
1594 1406 1794 1479 praedicandum
1809 1405 1918 1461 veloces
1932 1403 2078 1458 exsiliisse

1273 1503 1458 1559 considerant.
1474 1499 1576 1556 Omnes
1588 1512 1654 1569 ergo
1669 1496 1740 1551 vires
1756 1503 1815 1549 tuas
1830 1494 1930 1549 frustra
1953 1491 2077 1563 dispen-

1275 1593 1326 1662 dis,
1347 1607 1409 1647 curn
1431 1589 1518 1655 illum,
1538 1602 1617 1658 quem
1634 1600 1804 1655 nequaquam
1824 1580 2000 1654 permitteris,
2017 1588 2079 1635 ier-

1274 1696 1357 1753 quere
1371 1677 1520 1736 contendis.
1537 1676 1634 1731 Beatus
1644 1681 1734 1728 nutem
1761 1670 1917 1737 Wiliridus,
1931 1668 1997 1725 licet
2009 1684 2078 1723 car·

1273 1770 1408 1827 ceralibus
1423 1764 1541 1822 tenebris
1552 1763 1694 1830 involutus,
1711 1776 1831 1833 quosque
1852 1768 1943 1815 tamen
1966 1746 2078 1813 adren—
2168 1754 2169 1829 J

1274 1860 1388 1915 iantium
1403 1854 1505 1911 lumine
1519 1851 1596 1909 verbi
1611 1851 1671 1919 Dei,
1681 1850 1792 1921 prontei
1802 1849 1888 1919 licuit,
1897 1846 2078 1913 illuminarit,

1274 1947 1392 2017 edocuit,
1403 1962 1435 2001 ac
1446 1942 1611 2015 baptismate
1626 1940 1662 1997 ab
1677 1938 1750 1997 omni
1761 1937 1903 1995 criminum
1927 1936 1990 1992 labe
2000 1951 2081 1991 mnn-

1231 2054 1258 2115 Β
1274 2038 1356 2093 ilavii.

1312 2129 1356 2183 ii.
1373 2126 1437 2181 llaec
1451 2123 1559 2179 inierim
1574 2137 1635 2187 rex,
1652 2120 1717 2175 dum
1733 2119 1789 2174 suis
1800 2116 1944 2174 comitatus
1973 2115 2009 2170 ad
2024 2131 2082 2171 ex-

422 2204 650 2303 Πῑῑῐῃᾞΐῑθῐῐξῑθθῑῦ
663 2220 762 2275 aquam
777 2206 923 2273 benedixit·
940 2216 966 2263 θῑ
976 2206 1147 2263 benedictam
1169 2222 1221 2261 811-
1276 2216 1421 2287 pletionem
1435 2229 1491 2268 suae
1505 2210 1651 2281 voluptatis
1661 2225 1690 2265 se
1704 2223 1811 2279 quaque
1827 2206 1975 2261 deduceret
2000 2210 2085 2273 atque

423 2300 601 2389 peflacesslls
625 2308 726 2364 ⁰⁰VP¹¹⁸
746 2297 873 2366 ”Silfflib
901 2296 1024 2352 Mifflbiffl
1051 2294 1147 2351 difflui
1168 2310 1221 2351 ¹¹⁰³
1276 2308 1303 2363 in
1318 2320 1417 2377 magua
1427 2302 1559 2357 hilaritate
1570 2300 1646 2355 irena
1657 2297 1882 2359 laetiiiaelaxarei,
1899 2308 1963 2349 ecce
1979 2308 2083 2362 repen·
2168 2326 2169 2331 κ

421 2394 498 2452 Pnus
512 2398 583 2452 a(1¹¹³
597 2381 757 2439 infirmflfflis
784 2384 909 2439 fflOfflbffl
924 2385 1021 2458 tetigit,
1045 2400 1125 2455 quam
1149 2383 1223 2441 ⁰¹¹¹¹li
1277 2396 1332 2451 tino
1343 2392 1487 2448 turbantur
1501 2388 1601 2461 gaudia
1616 2403 1690 2443 ensa.
1702 2387 1772 2441 Dum
1789 2385 1889 2441 etenim
1916 2382 1994 2455 regia
2009 2396 2083 2437 eon·

422 2467 556 2541 languore
569 2470 695 2541 depulso,
706 2472 814 2529 mulieri
829 2474 1058 2544 periectasaeiias
1066 2473 1154 2529 rediit.
1163 2472 1223 2543 Quo

425 2557 538 2614 iacioab
548 2559 950 2633 omnibusqniaderantgrates
959 2563 1018 2618 Deo
1028 2577 1147 2619 consona
1156 2578 1224 2619 rone

425 2645 584 2716 redduntur,
601 2663 633 2703 ae
647 2648 743 2704 merita
758 2649 831 2705 beati
851 2651 936 2705 Patris
950 2666 1004 2706 non
1027 2666 1147 2719 carcere,
1175 2650 1224 2707 sed

417 2735 499 2806 ,amni
513 2736 616 2792 bonore
626 2736 984 2809 dignissimapraedieautur.
997 2740 1039 2796 Ne
1051 2748 1140 2795 autem
1155 2757 1225 2813 gra-

425 2824 463 2879 tia
478 2824 612 2881 credendi
630 2826 747 2881 carceris
774 2827 863 2899 magis
890 2843 969 2898 quam
997 2828 1105 2899 pietatis
1132 2844 1225 2884 amore

425 2912 522 2968 dncins
548 2913 600 2969 beo
621 2914 727 2971 virtutis
741 2915 850 2988 signum
865 2916 899 2970 ab
913 2916 1004 2987 aliquo
1032 2916 1129 2973 secisse
1147 2925 1225 2987 puta-

425 3008 509 3070 retur,
535 3008 612 3056 extra
635 3018 777 3059 remanere
791 3003 887 3073 noluit,
901 3004 951 3059 sed
965 3004 1113 3060 divinitatis
1124 3006 1226 3062 lumine

419 3087 559 3147 .imiturus
570 3091 729 3159 quantocius
748 3092 894 3147 carceralis
908 3092 1037 3147 custodiae
1050 3102 1126 3165 septa
1154 3094 1227 3149 reri-

428 3175 472 3231 sit.
504 3175 609 3247 Conjur
635 3194 699 3234 vero
726 3178 845 3251 praelecti
866 3197 927 3252 quse
941 3182 1031 3237 iuerat
1044 3182 1160 3238 sanitate
1174 3182 1228 3239 do·

428 3271 503 3333 nata,
514 3273 575 3337 post
588 3281 691 3335 paucos
704 3267 774 3336 dies,
795 3276 887 3340 spreto
905 3268 1017 3339 saeculo,
1033 3268 1062 3324 id
1090 3270 1227 3327 servitium

428 3353 529 3412 Gbristi
544 3371 620 3411 sacro
631 3363 657 3411 et
664 3355 799 3413 velamine
813 3357 965 3431 designata.

465 3446 511 3501 ii.
532 3447 678 3503 Praefectus
687 3457 777 3504 antem
791 3464 826 3504 ex
851 3465 885 3505 eo
898 3457 1021 3523 tempore
1047 3467 1155 3507 serrum
1173 3450 1226 3504 Do-

430 3533 497 3591 mini
511 3535 540 3592 in
554 3554 653 3609 magna
668 3538 844 3595 veneratione
854 3539 969 3608 babens,
984 3540 1042 3613 regi
1056 3555 1107 3610 per
1119 3539 1227 3594 nuntios

429 3625 504 3682 adito
532 3625 599 3681 dixit
616 3643 623 3680 :
638 3649 650 3676 ι
668 3628 718 3684 Per
731 3627 846 3683 salntem
859 3635 1011 3700 etregnum
1026 3635 1101 3682 tuum
1125 3635 1151 3683 te
1179 3627 1227 3682 atl-

424 3715 496 3785 juro,
512 3723 648 3788 quatenus
661 3716 829 3772 sacerdoiem
845 3717 954 3772 Domini
983 3716 1143 3772 Wiliridum
1159 3731 1227 3771 arne

429 3801 533 3856 diutius
547 3801 662 3857 detineri
677 3818 731 3857 non
742 3802 843 3871 iacias;
867 3803 932 3874 quia
946 3801 1033 3858 iaieor
1049 3802 1147 3858 melius
1160 3801 1225 3858 mibi

429 3905 490 3943 esse
504 3889 572 3944 mori
593 3905 671 3959 quam
700 3889 729 3944 in
756 3904 788 3945 eo
807 3889 909 3960 aliquid
929 3890 1090 3960 injuriarum
1113 3888 1227 3945 ulterius

432 3991 575 4032 exercere.
594 3976 674 4042 Quod
689 3978 711 4032 si
725 3980 776 4034 bac
786 3979 956 4046 adiuratione
971 3979 1099 4051 despecta
1124 3979 1154 4033 in
1182 3987 1227 4033 ina

431 4063 567 4118 sententia
580 4064 725 4134 persistere
745 4066 895 4134 moriame
910 4067 990 4120 simul
1017 4082 1079 4121 curn
1107 4083 1140 4122 ee
1168 4075 1226 4122 tor-

429 4154 524 4205 menta
534 4159 559 4206 et
574 4160 689 4207 mortem
704 4154 792 4226 magis
804 4153 896 4209 subire
904 4154 974 4209 velie
988 4169 1133 4227 cognosce,
1145 4169 1226 4226 quam

430 4239 536 4294 eumin
552 4240 692 4295 tormentis
706 4241 816 4297 habere.
829 4265 841 4289 ι
857 4243 901 4298 dd
916 4243 975 4298 baeo
989 4258 1037 4298 rer
1052 4245 1228 4300 vehementer

428 4328 739 4399 iratusjussitsanctum
766 4331 830 4388 duci
857 4331 886 4386 in
909 4332 1006 4388 urbem
1034 4347 1111 4387 suam
1122 4333 1226 4403 Thym-

429 4418 480 4475 ber
494 4418 535 4490 (3)
549 4419 584 4474 ad
598 4421 757 4490 praelectum
786 4421 897 4478 nornine
923 4422 1030 4493 Tydiin,
1047 4426 1140 4493 utpote
1155 4422 1227 4477 iero-

429 4509 543 4578 oiorem,
566 4509 728 4582 precipiens
751 4510 789 4565 illi
813 4519 843 4566 ut
870 4511 1048 4582 compedibus
1070 4519 1096 4567 ei
1111 4509 1227 4566 vinculis

432 4595 539 4652 ior'titer
552 4597 688 4652 astrictam
701 4599 811 4656 arctiori
827 4600 956 4655 custodiae
966 4598 1145 4670 manciparet.
1175 4598 1227 4667 Qui

427 4685 544 4756 jussioni
555 4687 688 4743 contraire
703 4703 757 4744 nen
772 4688 886 4757 audens,
896 4687 982 4742 virum
1009 4688 1132 4759 suscipit,
1161 4703 1227 4742 eus·

1208 3439 1209 3444 *
1242 3407 1266 3472 C

1274 2484 1324 2553 jux
1339 2490 1445 2536 tumens
1459 2480 1542 2534 nimio
1558 2479 1627 2532 fastu
1644 2474 1790 2546 impietatis
1804 2473 1886 2544 inpiis
1901 2470 1984 2527 audet
2005 2467 2082 2523 abuti
2168 2518 2169 2537 ,

1277 2569 1490 2641 reliquiis,illico
1512 2566 1610 2623 vindex
1633 2563 1766 2620 irasubit.
1795 2561 1938 2632 Siquidem
1967 2557 2082 2613 easdem
2168 2564 2169 2569 ’

1278 2659 1404 2727 reliquias
1413 2658 1511 2719 serens,
1526 2670 1587 2710 curn
1596 2653 1664 2709 sicut
1674 2652 1768 2723 perdix
1779 2649 1860 2706 alacri
1874 2656 1964 2703 mente
1977 2646 2084 2702 lascire

1279 2747 1400 2822 garriret,
1421 2743 1535 2815 contigit
1561 2749 1590 2797 ut
1617 2757 1681 2797 mox
1713 2739 1818 2810 repleta
1838 2736 1986 2806 daemonio,
2003 2734 2083 2790 sicuti
2100 2806 2103 2813 ,

1280 2833 1434 2909 vulpecula,
1453 2834 1556 2905 perdita
1571 2839 1659 2886 menie
1675 2830 1769 2885 insana
1784 2828 1910 2901 ganniret
1923 2844 1929 2879 :
1943 2840 2083 2896 quemque

1279 2942 1328 2982 sua
1346 2924 1423 2996 prius
1448 2920 1597 2994 petulantia
1608 2920 1704 2975 volens
1714 2916 1806 2986 coluit,
1820 2918 1893 2973 buno
1906 2914 2084 2986 posimodum

1280 3016 1305 3070 in
1321 3012 1361 3069 sui
1376 3012 1498 3083 corporis
1509 3010 1663 3066 habitaculo
1678 3008 1773 3063 riolens
1793 3006 1873 3061 invit.
1893 3006 1957 3059 liceo
1970 3010 2085 3072 propter

1281 3102 1431 3173 quibusque
1446 3100 1472 3154 in
1488 3106 1625 3169 stuporem
1647 3096 1756 3151 arrectis
1766 3093 1878 3149 accessit
1893 3100 1979 3146 maier
1994 3090 2082 3161 regis,
2168 3074 2169 3125 Ῡ

1282 3191 1413 3245 furentem
1430 3187 1582 3257 increpabat
1614 3182 1766 3255 hujusmodi
1781 3181 1871 3238 verbis
1887 3198 1894 3235 :
1913 3204 1924 3231 n
1943 3186 2085 3247 Aunepa-

1281 3286 1346 3344 ient,
1375 3277 1470 3346 inquit,
1500 3291 1586 3340 soror,
1615 3279 1791 3343 nnnepaient
1816 3268 1916 3325 veteris
1937 3268 2086 3323 commissa

1283 3366 1553 3439 piacli‘iWiliridum
1577 3363 1628 3418 tuis
1648 3359 1722 3418 ialsis
1740 3357 1972 3416 criminationibus
1986 3373 2002 3410 s
2018 3354 2085 3411 sede

1282 3457 1324 3513 sui
1339 3457 1513 3528 episcopatus
1527 3450 1663 3523 pepulisti,
1680 3457 1707 3506 ei
1722 3447 1865 3504 nunccine
1893 3453 1997 3501 mutata
2007 3445 2084 3499 inse

1281 3547 1343 3602 (lem
1360 3545 1396 3599 tui
1407 3541 1523 3614 pectoris
1534 3541 1686 3595 (tremonem
1705 3536 1831 3608 recepisti
1848 3553 1854 3591 ε
1869 3543 1898 3590 ui
1907 3551 1957 3605 per
1970 3533 2023 3589 boe
2037 3534 2083 3586 in·

1282 3635 1390 3706 telligns
1407 3629 1471 3702 quid
1486 3627 1591 3700 peceati
1616 3627 1662 3683 illo
1686 3627 1711 3680 in
1731 3625 1803 3681 iac-to
1823 3621 1992 3679 commisisti.
2005 3620 2082 3675 Wil-

1283 3722 1353 3777 irido
1369 3727 1525 3775 sanctorum
1540 3715 1668 3787 reliquias
1683 3715 1718 3770 de
1731 3714 1802 3769 collo
1815 3728 1868 3767 non
1890 3719 1982 3766 sancte
1997 3709 2081 3765 tulisti

1281 3818 1380 3866 eiecoe
1398 3817 1427 3862 ut
1441 3806 1539 3862 collum
1556 3813 1629 3860 inurn
1644 3819 1693 3859 suo
1704 3801 1823 3857 dominio
1838 3798 2081 3855 daemnnsubderet

1281 3897 1415 3954 meruisti.
1431 3893 1553 3950 Wiliridi
1568 3891 1738 3948 sanctissima
1760 3889 1881 3946 verbani
1910 3887 1981 3943 beati
2010 3886 2079 3942 Petri

1281 3981 1555 4042 airctoritatesuilulta
1576 3979 1723 4050 despexisti
1741 3998 1747 4042 ;
1764 3985 1790 4033 et
1813 3978 1849 4032 ob
1873 3979 1923 4033 lroc
1952 3977 2080 4032 dcemone

1280 4089 1328 4130 cnr
1336 4083 1409 4129 tuum
1419 4071 1577 4142 possidente
1586 4069 1733 4124 verberum
1750 4074 1855 4122 tuorum
1867 4065 1913 4135 jus
1928 4063 2078 4135 perdidisti.
2168 4121 2169 4134 χ

1281 4161 1426 4218 Wilsridus
1441 4158 1591 4214 divinitatis
1606 4157 1706 4211 luntiue
1730 4155 1826 4226 plenus
1842 4153 1994 4209 carcerales
2009 4161 2081 4206 tene
2168 4143 2169 4156 ¹

1282 4253 1344 4306 bras
1356 4265 1406 4322 per
1419 4257 1445 4304 te
1460 4247 1487 4304 in
1507 4249 1547 4302 eis
1562 4245 1663 4318 positus
1678 4260 1731 4300 non
1744 4251 1851 4299 veretur
1867 4261 1874 4309 ;
1889 4245 1916 4297 et
1931 4249 1992 4296 tuus
2019 4241 2080 4294 ani-

1281 4357 1340 4394 mus
1353 4336 1522 4393 daemeniaco
1549 4335 1639 4390 furore
1654 4333 1773 4404 repleius
1786 4347 1836 4402 per
1861 4329 1983 4398 bociam
2011 4345 2082 4383 nune
2168 4385 2169 4406 χ

1280 4425 1557 4498 dignissimauliione
1582 4429 1730 4493 torquetur.
1745 4441 1758 4468 ι
1774 4419 1830 4475 ilex
1859 4419 1953 4474 aderat
1978 4417 2081 4487 oppido
2168 4481 2169 4494 χ

1281 4513 1464 4580 conturbatus,
1481 4512 1617 4585 etingenti
1633 4510 1743 4566 iurioris
1761 4509 1825 4581 igne
1852 4521 1997 4562 succensus
2011 4521 2081 4560 ren-

1283 4613 1337 4660 ium
1363 4601 1474 4658 naribus
1498 4600 1575 4671 quasi
1597 4601 1702 4654 lunium
1717 4597 1866 4652 emittebat.
1883 4596 1969 4664 Quem
1997 4595 2080 4650 etiarn

1282 4701 1425 4748 maiersua
1441 4689 1562 4746 taiivoce
1577 4695 1619 4744 est
1632 4687 1767 4744 allocuta:
1786 4709 1797 4734 ι
1814 4687 1874 4740 inm
1895 4683 2015 4748 tandem,
2032 4681 2080 4748 nii,

429 4775 511 4831 todioe
526 4775 616 4842 tradit,
630 4775 740 4833 vincula
748 4776 819 4833 iacit.
836 4777 936 4832 Verum
951 4791 1013 4832 oum
1028 4777 1056 4830 in
1070 4778 1122 4833 beo
1136 4785 1165 4831 ut
1192 4776 1228 4830 ii·
1243 4757 1269 4818 D
1280 4780 1339 4851 jam
1353 4779 1463 4835 tandem
1474 4791 1581 4832 memor
1593 4784 1652 4831 esto
1667 4775 1714 4830 tui.
1726 4773 1799 4830 Ultio
1811 4772 1902 4828 divina
1913 4780 1986 4826 tuam
2001 4785 2080 4842 quam

428 4872 537 4935 garetar
551 4864 734 4921 ministrorum
749 4881 847 4921 manus
870 4865 1051 4934 elaborarent,
1076 4873 1122 4920 aut
1149 4871 1231 4936 rupta

433 4954 470 5009 ab
496 4953 581 5026 ipsius
608 4956 826 5025 corporeeadem
842 4953 952 5011 vincula
980 4953 1157 5023 dissiliebant,
1186 4961 1231 5010 aut

430 5050 502 5098 certe
528 5043 659 5116 colligare
687 5057 741 5098 non
766 5043 883 5099 valentia
910 5042 1008 5098 diflusa
1031 5042 1164 5098 cadebant
1179 5059 1186 5105 ;
1204 5050 1232 5099 et

432 5131 504 5187 miro
520 5131 706 5187 moderamine
716 5131 813 5188 Christi
828 5148 861 5189 eo
884 5133 976 5188 minor
994 5131 1021 5185 in
1045 5147 1106 5186 enm
1125 5131 1228 5203 ligandi

433 5225 554 5289 potestas
565 5220 718 5290 exstiterat,
731 5236 785 5291 qun
800 5223 834 5277 ad
849 5221 989 5292 ligandum
1004 5221 1110 5276 hostilis
1138 5220 1230 5276 feritas

432 5306 578 5363 immanius
593 5308 731 5364 saeviebat.
748 5309 826 5366 Unde
841 5308 878 5364 ilii
897 5311 1011 5366 nimium
1030 5310 1166 5377 admirati,
1182 5311 1230 5365 sed

430 5394 509 5468 regio
526 5403 630 5451 terrore
646 5411 747 5466 sataque
762 5396 890 5452 vecordia
913 5398 940 5453 in
955 5397 1113 5454 barbaricos
1140 5405 1231 5453 motus

434 5481 576 5554 exagitati,
604 5483 658 5538 alia
672 5491 699 5540 et
713 5484 764 5540 alia
779 5485 888 5541 uincula
906 5495 1014 5556 parant,
1039 5493 1136 5542 conatu
1165 5501 1229 5551 suo,

437 5587 517 5630 casso
531 5571 623 5628 lsbore
636 5571 757 5627 ineditus
767 5573 954 5629 consumendi.
968 5573 1026 5639 Eia,
1050 5574 1100 5630 tibi
1126 5573 1230 5646 ligandi

429 5668 568 5735 potestate
595 5660 704 5716 sublata
732 5660 797 5732 quid
824 5661 902 5728 iuris,
917 5677 1014 5718 maniis
1025 5662 1123 5718 insana
1137 5664 1151 5716 ‘l
1166 5661 1231 5733 quid

428 5759 577 5823 tantopere
590 5749 686 5806 niteris
699 5764 871 5823 oppugnare,
885 5767 965 5822 quem
986 5767 1122 5823 nunquam
1150 5758 1229 5824 peie-

461 5877 499 5945 (3)
520 5874 678 5932 Wilielmus
692 5874 852 5933 satellitem
872 5875 990 5934 Tambsr
1004 5883 1094 5931 vocat.

1284 4867 1364 4924 nimis
1376 4866 1470 4937 diligis
1481 4866 1638 4937 conjugem,
1661 4871 1688 4918 ui
1704 4861 1804 4929 cernis,
1818 4859 1924 4934 aliligii,
1953 4867 1980 4914 oi
1996 4859 2082 4914 iaieer

1285 4957 1367 5014 crede
1382 4953 1457 5022 mibi,
1475 4953 1538 5024 quia
1552 4953 1621 5008 bene
1637 4951 1786 5024 pmmeruit
1800 4949 1847 5006 tali
1862 4947 1996 5021 supplicio
2026 4946 2084 5003 isti·

1285 5045 1353 5117 gari,
1369 5059 1403 5100 eo
1432 5041 1504 5112 quod
1520 5041 1655 5096 diabolica
1668 5038 1854 5112 indignatione
1868 5052 2006 5102 succensa,
2022 5052 2082 5091 ser-
2168 5061 2169 5068 .

1283 5149 1345 5188 vum
1361 5131 1469 5187 Domini
1481 5129 1639 5186 Wiiiridum
1654 5144 1707 5184 non
1723 5129 1810 5184 timuit
1835 5126 1910 5181 miris
1931 5125 2081 5181 aillictieni·

1283 5222 1333 5277 bus
1348 5219 1484 5276 insectari.
1501 5217 1672 5289 Quapropter
1689 5218 1760 5273 hanc
1775 5215 1921 5271 vindictam
1945 5213 1996 5268 sibi
2011 5213 2081 5269 irro-

1283 5317 1375 5384 gatam
1390 5325 1425 5364 ne
1438 5307 1554 5372 dubites.
1572 5307 1696 5375 obsecro,
1712 5311 1861 5378 propterte
1875 5301 2081 5358 essocollatam.
2168 5357 2169 5366 ,

1285 5399 1364 5468 Quod
1388 5396 1409 5452 si
1437 5397 1487 5452 bac
1501 5396 1600 5470 corrigi
1620 5403 1715 5467 sponte
1729 5392 1934 5463 contempseris,
1959 5405 2026 5446 aare
2049 5407 2082 5446 ne
2168 5401 2169 5434 1

1285 5495 1331 5543 tua
1345 5487 1455 5558 propria
1482 5483 1628 5557 corrigaris
1642 5484 1752 5539 invitus.
1778 5483 1852 5556 Ergo
1867 5481 1943 5536 solve
1956 5478 2041 5535 sirum
2066 5495 2083 5534 a

1285 5591 1405 5642 carcere,
1431 5589 1511 5646 quem
1541 5572 1639 5628 nullius
1666 5569 1841 5628 suieriminis
1860 5569 2081 5624 messuerimus

1285 5662 1400 5720 detineri
1419 5682 1425 5717 :
1442 5670 1468 5718 et
1481 5661 1502 5717 si
1525 5677 1587 5717 eum
1602 5661 1629 5716 in
1643 5675 1731 5732 regno
1760 5667 1805 5714 tuo
1820 5671 1931 5712 manere
1945 5655 2078 5722 nolueris,
2168 5707 2169 5710 ,

1283 5751 1351 5823 jube
1365 5750 1439 5807 illum
1451 5765 1538 5822 regno
1546 5749 1688 5817 decedere,
1704 5747 1769 5804 nesi
1783 5743 1972 5804 diutiusiuerit
1981 5747 2080 5827 tentus,
