4750 6725
202 607 203 618 ’
285 605 337 670 ttt

839 600 1002 661 HISTORIA
1020 597 1207 661 Novottttttt.
1222 634 1258 645 -
1271 602 1334 660 hill.
1355 597 1387 662 ll.
1886 612 1936 681 tls

284 713 405 769 Pontifex
423 709 516 784 igitur,
536 707 662 780 Angliam
686 705 813 774 veniens,
847 704 933 776 ipsam
957 705 1079 777 reginam
1093 703 1121 764 A
1136 705 1210 778 eoepi
1227 706 1263 762 de
1277 708 1374 763 eadem
1388 723 1476 780 cappa
1489 709 1575 782 loqui,
1591 719 1618 768 et
1630 714 1703 772 unde
1724 717 1800 774 illam
1825 722 1939 781 haberet

283 802 374 871 adiit,
394 807 421 858 et
439 799 512 855 illius
530 796 696 855 allocutione
712 795 834 866 potitus,
855 794 920 866 qnid
939 795 1084 862 detulerit,
1141 796 1218 866 quasi
1232 798 1344 854 nescius
1359 797 1536 871 interrogari,
1553 817 1688 858 summam
1703 807 1742 860 rei
1758 811 1892 880 exposuit,
1909 819 1940 870 ct

284 905 366 961 quam
385 889 422 945 ob
440 903 549 943 causam
569 895 622 941 ιιιιιι
642 892 760 940 remotas
787 883 862 939 orbis
880 883 1086 953 adierit-partes
1140 899 1202 939 eam
1215 885 1313 940 ordine
1327 901 1381 958 quo
1389 886 1517 959 descripsi
1527 905 1604 945 suam
1615 891 1764 949 Ecclesiam
1773 897 1808 951 ab
1818 899 1942 957 Ecclesia

283 977 445 1033 insinuavit.
462 982 499 1032 ttt
522 975 579 1044 illa,
604 974 727 1030 hominis
750 973 911 1030 charitativo
934 972 1029 1028 labore
1050 973 1086 1028 ad
1141 973 1324 1030 cantuariensi
1340 975 1467 1046 adeptam
1483 995 1544 1033 esse
1559 979 1717 1037 declararit.
1730 981 1790 1051 Qua
1799 986 1872 1044 dere
1882 1007 1942 1046 cer-

282 1065 502 1122 misericordiam
518 1064 599 1131 llcxa,
615 1064 650 1119 de
665 1063 720 1118 suis
735 1064 759 1118 ei
784 1062 893 1134 copiose
914 1061 1013 1134 largita
1035 1071 1085 1131 est,
1142 1061 1193 1116 tior
1208 1061 1329 1131 effectus,
1359 1066 1450 1135 putavi
1479 1066 1614 1138 aliquibus
1641 1079 1747 1142 gratnm
1776 1076 1829 1132 hoc
1852 1077 1941 1147 ipsum

284 1164 311 1212 et
326 1155 402 1210 illum
417 1154 536 1226 patriam
549 1167 680 1219 remeare,
697 1168 746 1207 nac
760 1167 814 1206 non
828 1151 867 1206 cis
881 1149 979 1221 quibus
992 1150 1086 1205 immi·
1141 1151 1203 1205 huic
1215 1152 1346 1222 opusculo
1360 1153 1468 1221 indere,
1491 1155 1553 1211 licet
1580 1159 1749 1229 propositum
1777 1167 1941 1224 narrationis

282 1259 351 1299 neus
364 1243 447 1298 lamis
461 1241 613 1314 periculum
630 1240 802 1309 formidabat,
820 1239 966 1296 subvenire
980 1241 1087 1295 hortata
1142 1240 1278 1294 tramitem
1294 1256 1338 1295 me
1353 1243 1403 1296 hoc
1426 1243 1534 1314 agendo
1558 1259 1611 1301 non
1635 1248 1768 1304 nescirem
1796 1255 1939 1312 excedere.

283 1339 334 1388 esp,
351 1331 407 1388 Sed
422 1332 479 1405 ipse
491 1330 647 1403 intelligens
660 1345 714 1384 non
728 1325 849 1384 sufficere
866 1328 917 1383 sihi
946 1329 981 1383 nd
1009 1341 1087 1383 sunm
1142 1325 1203 1395 Quo
1217 1335 1337 1399 peracto,
1353 1329 1388 1384 ad
1403 1338 1521 1401 coeptum
1535 1334 1679 1390 redeamus
1694 1336 1753 1393 iter.
1769 1340 1857 1398 Finito
1871 1360 1941 1400 con·

284 1421 426 1493 negotium
442 1435 504 1494 qnae
518 1419 646 1488 hahebat,
663 1434 709 1476 eos
721 1433 788 1489 quos
803 1416 891 1488 magis
901 1416 1050 1472 familiares
1059 1415 1087 1470 in
1141 1415 1203 1472 cilio
1218 1417 1318 1471 altaro
1333 1417 1512 1489 discessimus,
1538 1422 1697 1479 comitatum
1723 1443 1802 1499 papae
1825 1431 1941 1489 Romam

281 1509 360 1565 curia
374 1509 424 1582 ipsi
441 1508 560 1566 dominae
578 1523 637 1564 csse
664 1513 806 1579 acceperat
831 1512 1021 1578 percunctatus
1048 1512 1089 1560 est
1141 1520 1227 1576 usqne
1240 1521 1294 1560 non
1309 1505 1477 1564 descrentes.

280 1605 371 1654 utrum
386 1613 417 1655 os
432 1598 506 1670 quod
520 1596 659 1667 attulerat,
676 1597 740 1652 dato
752 1595 850 1667 pretio,
872 1595 974 1668 reginae
987 1595 1016 1649 in
1041 1593 1087 1663 jus
1176 1594 1283 1649 interea
1298 1597 1409 1651 revertit
1420 1598 1529 1653 nuntius
1544 1615 1624 1669 quem
1639 1617 1655 1656 a
1675 1602 1761 1659 Roma
1784 1606 1818 1661 ad
1846 1624 1941 1682 regem

280 1687 422 1758 proprium
438 1686 581 1743 transferre
596 1692 762 1742 curmesset.
776 1683 847 1753 Quid
859 1681 1086 1739 multattnrestt-
1140 1683 1247 1754 Angliae
1271 1683 1435 1739 destinatum
1459 1688 1672 1757 supradiximus,
1702 1691 1826 1751 reserans
1853 1697 1942 1769 ipsum

280 1784 363 1849 gatur
376 1775 411 1831 dc
425 1791 456 1832 re
471 1775 576 1832 animus
590 1775 719 1844 dominae,
735 1783 761 1830 et
775 1771 1085 1843 inveniturpromptissi·
1140 1786 1233 1843 regem
1248 1773 1380 1844 susceptis
1392 1775 1500 1846 quidem
1515 1792 1627 1848 quoquo
1647 1779 1728 1836 modo
1751 1781 1847 1840 litteris
1862 1803 1943 1860 papae

280 1881 341 1920 mus
356 1881 426 1934 esse,
442 1871 544 1921 certam
559 1881 587 1920 so
602 1864 790 1920 tantummodo
812 1863 954 1934 episcopus
982 1861 1085 1916 faceret
1139 1859 1243 1915 litteras
1257 1861 1376 1917 hnselmi
1392 1863 1465 1919 nullo
1489 1865 1607 1921 voluisse
1630 1874 1709 1939 pacto
1722 1871 1869 1943 suscipere,
1885 1875 1942 1932 imo

284 1969 364 2025 psum
381 1967 413 2008 os
427 1953 560 2008 nominati
574 1953 689 2024 apostoli
713 1966 810 2008 revera
830 1951 923 2018 luisse,
949 1956 975 2005 at
997 1949 1085 2004 taliter
1139 1950 1250 2020 cognito
1266 1950 1340 2006 illum
1356 1967 1417 2008 esse
1431 1953 1569 2009 hominem
1584 1957 1643 2026 ejus
1655 1958 1761 2027 jurasse
1775 1978 1823 2032 per
1839 1965 1942 2021 vultum

284 2040 676 2113 utipsamettestaretnrsihi,
693 2037 1278 2118 suhlataomniambignitate,ssDiaquia
1295 2040 1316 2095 si
1333 2041 1543 2098 lestineterram
1572 2061 1647 2100 suam
1676 2063 1730 2103 non
1758 2051 1851 2120 exiret,
1881 2055 1940 2110 siue

283 2131 466 2186 misfactum·
482 2131 530 2185 Ad
544 2130 617 2202 quod
631 2129 677 2185 ipe
694 2147 700 2182 :
719 2128 815 2196 ,Qum
831 2127 926 2198 inquit,
942 2127 1053 2183 modo?
1072 2149 1082 2174 ι
1139 2128 1333 2184 retractatione
1348 2130 1442 2185 oculos
1457 2131 1481 2185 ei
1496 2132 1554 2187 erui
1570 2133 1681 2190 laceret.

284 2243 295 2267 ι
314 2220 406 2290 Super
418 2233 526 2290 corpus,
540 2219 587 2282 ait,
617 2217 789 2274 Domiuieum
818 2225 845 2272 et
872 2232 953 2288 snper
975 2223 1085 2271 sancto-

283 2325 346 2363 rum
380 2307 509 2379 reliquias
541 2323 610 2379 quas
642 2307 668 2362 ei
701 2321 873 2377 proponam,
904 2305 1087 2377 jurejurando

282 2397 415 2470 reliquias
443 2395 593 2469 dequibus
611 2395 700 2468 agitur
727 2395 858 2452 veraciter
885 2409 943 2450 essa
969 2395 1004 2451 de
1022 2409 1085 2450 eor-

283 2501 352 2558 pore
386 2484 459 2540 beati
489 2484 605 2556 apostoli
637 2483 838 2550 Bartholomaei,
873 2492 899 2539 at
930 2483 957 2538 id
983 2491 1085 2539 remota

280 2575 356 2630 omni
399 2572 612 2646 aequivocatione
654 2581 735 2644 atqua
780 2572 945 2644 sophismate
991 2571 1083 2628 saciat.

280 2661 618 2734 lloc,inquitepiscopus,
646 2677 741 2718 secure
767 2677 812 2717 me
840 2661 974 2718 iacturum
1001 2661 1085 2731 polli-

277 2767 351 2808 ceor.
370 2771 383 2803 ι
403 2749 518 2807 Veniens
539 2750 629 2821 itaqua
645 2749 1084 2823 Cantauriamcumbraehioipso,

277 2849 361 2912 prout
381 2839 421 2895 illi
440 2856 489 2896 rex
508 2847 535 2896 et
548 2841 645 2912 regina
664 2840 840 2908 dictaverant,
865 2841 992 2896 decenter
1022 2857 1083 2896 sus·

276 2937 375 2998 ceptus
390 2935 440 2984 est.
456 2929 566 2984 Astarte
593 2927 677 3000 igitur
696 2927 764 3000 ipsa,
789 2930 982 2985 monachorum
1011 2945 1081 3001 quo-

280 3033 334 3090 qne
350 3031 384 3074 ac
399 3017 558 3073 clericorum
573 3016 705 3073 immenso
730 3018 839 3090 agmine
865 3034 926 3074 eam
952 3018 1079 3088 vallante,

279 3107 353 3162 inter
367 3121 437 3179 quos
451 3105 530 3160 etiam
545 3107 780 3176 supramemorati
795 3107 844 3162 siri
859 3123 875 3161 a
898 3107 996 3176 quibus
1023 3107 1081 3163 haec

281 3195 440 3265 accepimus
455 3209 484 3250 se
498 3203 643 3266 praesentes
660 3195 739 3251 inisse
752 3195 839 3252 testati
854 3204 923 3267 sunt,
952 3210 1083 3252 numero·

281 3299 368 3355 saque
384 3283 526 3354 utriusque
541 3299 623 3338 sexus
638 3285 763 3339 etaetatis
778 3283 956 3340 multidudine
971 3285 1006 3340 ob
1033 3285 1086 3341 hoc

1176 2215 1278 2270 Verum
1295 2226 1354 2288 post
1368 2219 1427 2274 dies
1440 2219 1551 2290 aliquot,
1569 2237 1605 2276 ex
1620 2239 1674 2295 quo
1699 2225 1812 2283 Romam
1840 2233 1941 2289 reversi

1142 2303 1252 2373 suimus,
1269 2307 1341 2361 venit
1355 2307 1454 2362 missos
1469 2323 1485 2363 a
1513 2325 1578 2381 rege
1606 2312 1788 2384 willhelmus,
1805 2319 1884 2389 cnjus
1912 2322 1940 2377 in

1140 2393 1214 2448 cxitn
1228 2394 1332 2467 ttngliae
1346 2397 1511 2452 montionem
1528 2397 1655 2469 lecimus,
1666 2403 1776 2460 domino
1798 2422 1879 2478 papae
1905 2411 1941 2465 ad

1140 2480 1244 2538 litteras
1258 2499 1324 2555 quas
1338 2500 1387 2555 pro
1401 2485 1530 2542 dnselmo
1545 2487 1655 2544 miserat
1676 2507 1865 2562 responsurus.
1890 2497 1941 2552 lli-

1141 2570 1221 2625 cebat
1235 2587 1301 2644 ergo
1315 2572 1438 2642 pontifici
1451 2592 1457 2628 :
1472 2597 1483 2622 α
1500 2576 1611 2633 llandat
1637 2578 1686 2633 tihi
1713 2581 1837 2638 dominus
1863 2601 1941 2643 meus

1139 2674 1187 2714 rex
1202 2659 1253 2714 sibi
1267 2675 1321 2716 non
1347 2677 1438 2732 parrae
1465 2663 1639 2722 admirationi
1664 2683 1722 2723 essa
1745 2671 1817 2740 qnod
1839 2673 1883 2729 vel
1910 2675 1939 2730 in

1140 2757 1258 2803 mantem
1275 2749 1322 2804 tibi
1337 2751 1436 2806 cadere
1450 2752 1539 2820 potuit
1553 2761 1582 2807 ut
1595 2769 1669 2822 eum,
1696 2773 1745 2828 pro
1770 2761 1941 2820 restitutione

1140 2852 1230 2892 rernm
1250 2839 1382 2908 Anselmi,
1403 2840 1598 2912 interpellares.
1617 2863 1628 2893 ι
1645 2845 1681 2899 Et
1707 2845 1850 2905 subdidit:
1883 2853 1940 2915 «si

1139 2941 1253 2983 causum
1268 2928 1377 2998 qnaeris,
1393 2929 1452 2985 hanc
1466 2938 1504 2985 est
1521 2949 1527 2985 :
1544 2929 1657 2999 Quando
1671 2933 1706 2989 de
1719 2942 1791 2991 terra
1811 2955 1859 2994 sua
1882 2941 1939 2996 dis-

1141 3007 1239 3072 cedere
1254 3017 1347 3084 soluit,
1364 3025 1456 3088 aperte
1470 3017 1587 3074 minatus
1600 3027 1641 3075 est
1655 3037 1684 3076 sc
1710 3021 1757 3078 illo
1785 3025 1941 3085 discedente

1141 3113 1226 3161 totum
1242 3105 1503 3177 archiepiscopatum
1517 3107 1543 3162 in
1558 3106 1705 3164 dominium
1721 3127 1800 3166 sunm
1814 3125 1941 3187 acceptu·

1140 3211 1213 3250 rum.
1228 3195 1361 3264 Quoniam
1376 3196 1459 3268 igitur
1473 3211 1522 3253 nec
1537 3194 1578 3251 his
1592 3197 1671 3253 minis
1689 3201 1849 3260 constrictus
1876 3208 1941 3278 quin

1140 3285 1227 3340 exiret
1242 3284 1366 3341 omittere
1380 3285 1476 3356 noluit,
1489 3286 1561 3357 juste
1588 3302 1618 3342 se
1646 3295 1721 3359 putat
1745 3290 1840 3348 iecisse
1867 3295 1941 3368 qnod

279 3372 443 3431 convolante
458 3378 487 3429 et
502 3373 637 3441 audiente,
650 3372 771 3443 jurando
786 3390 867 3446 super
881 3374 965 3430 altare
981 3382 1008 3430 ct
1021 3389 1084 3431 cor·
1139 3372 1214 3444 lecit,
1230 3382 1255 3429 et
1270 3374 1366 3443 injuria
1380 3376 1555 3444 reprehendi.
1577 3398 1587 3424 a
1605 3375 1645 3430 ltd
1659 3379 1719 3434 haec
1729 3395 1816 3451 papa:
1830 3386 1940 3441 «hecu-

279 3480 333 3533 pus
349 3460 448 3516 Christi
462 3476 548 3518 neena
561 3469 716 3517 sanctorum
727 3462 857 3534 reliquias
881 3478 948 3535 quas
974 3463 1083 3519 beatum
1137 3470 1179 3518 ant
1194 3479 1265 3531 eum,
1282 3462 1379 3535 inquit,
1395 3463 1532 3519 aliunde‘l
1549 3464 1721 3536 »Respondit
1733 3485 1740 3522 z
1751 3490 1761 3515 ι
1772 3468 1832 3525 Νοιι
1842 3476 1938 3545 papst

281 3549 449 3622 Gregorinm
480 3558 574 3607 sancto
607 3550 766 3623 Augustino,
799 3550 919 3623 aliosque
948 3553 1084 3609 Romanos
1138 3553 1184 3624 ait,
1202 3552 1262 3623 quis
1276 3568 1396 3625 unquam
1411 3552 1514 3607 audivit
1533 3552 1624 3607 talia?
1649 3554 1701 3609 Pro
1724 3555 1776 3611 hoc
1800 3560 1859 3616 solo
1886 3562 1940 3634 pri-

280 3638 426 3712 pontificcs
440 3640 499 3696 aliis
512 3639 727 3711 archiepiscopis
740 3639 887 3697 destinasse
914 3641 1007 3712 scitur,
1038 3658 1085 3697 as·
1139 3650 1240 3697 matcm
1255 3642 1332 3714 regni
1348 3641 1403 3697 suis
1417 3641 1544 3697 omnibns
1559 3642 1696 3712 spoliavit,
1725 3645 1789 3716 qnia
1816 3664 1850 3703 ne
1878 3666 1941 3705 san·

284 3728 424 3785 severerit
439 3729 529 3801 ipsum
544 3744 575 3784 os
589 3729 622 3785 de
637 3744 691 3801 qno
718 3744 807 3784 senno
836 3730 986 3786 habebatur
1011 3730 1084 3787 beati
1139 3737 1212 3787 ctam
1225 3738 1341 3785 matrem
1354 3730 1503 3785 Ecclesiam
1518 3730 1649 3785 ommium
1663 3731 1814 3788 Romanam
1842 3736 1938 3795 visita·

285 3818 483 3874 Bartholomaei
499 3817 613 3888 apostoli
629 3817 771 3890 proprium
786 3817 878 3887 inisse,
892 3835 942 3875 nec
960 3820 1011 3891 ipsi
1039 3837 1084 3876 as·
1140 3826 1188 3888 ret,
1205 3818 1329 3875 omittere
1343 3818 1429 3874 noluit
1442 3818 1458 3871 i
1473 3818 1542 3874 Vere
1556 3826 1583 3873 et
1597 3818 1655 3874 sine
1670 3819 1744 3876 omni
1760 3822 1939 3897 ambiguitate

280 3905 394 3961 sartioni
410 3922 467 3962 auae
479 3904 580 3979 aliquid
595 3905 707 3961 omnino
721 3906 893 3977 sophismatis
908 3916 953 3963 aut
966 3908 1085 3979 aequivo-
1139 3908 1231 3965 dicere
1244 3923 1388 3980 possumus
1402 3906 1528 3963 esoeculo
1538 3907 1592 3962 tale
1601 3907 1666 3978 quid
1675 3925 1796 3967 nonesse
1806 3914 1938 3971 anditum.

279 3994 396 4050 cationis
423 3994 523 4051 inesse.
552 3992 614 4063 Quo
641 3994 723 4063 laeto,
758 3994 943 4051 memorabilis
975 3996 1085 4053 domina
1140 3990 1940 4072 litproteliresponso,mimbilishomo,lructciatigastii

286 4083 467 4157 quamplures
483 4082 586 4155 argenti
602 4082 683 4137 libras
695 4084 805 4138 antistiti
821 4084 943 4155 contulit,
972 4092 998 4141 et
1026 4100 1085 4142 osse
1139 4080 1217 4150 Redi,
1234 4080 1395 4153 quantocius
1410 4082 1480 4151 redi,
1496 4089 1523 4138 et
1536 4083 1657 4155 praecipe
1671 4082 1710 4137 illi
1723 4100 1757 4140 ex
1777 4094 1852 4157 parte
1867 4089 1940 4146 beati

280 4170 369 4243 potita
394 4172 461 4227 illud
489 4171 611 4227 ecclesiae
639 4171 735 4227 Christi
763 4172 946 4229 cantuariensi
970 4174 1086 4231 solemni
1140 4170 1211 4226 Petri
1226 4178 1359 4242 quatenns
1385 4177 1489 4226 remota
1517 4170 1591 4226 omni
1619 4173 1836 4232 00¹¹lr⁸d50fi0⁰0
1862 4176 1939 4235 illum

284 4260 434 4316 donatione
449 4274 482 4315 ex
498 4268 574 4331 parte
600 4260 673 4332 regis
700 4260 786 4315 Cnudi
813 4278 915 4333 suaque
942 4264 1083 4319 concessit.
1139 4258 1196 4315 suis
1211 4259 1340 4315 omnibus
1367 4260 1472 4332 integre
1498 4260 1635 4330 revestiat,
1665 4260 1688 4316 si
1712 4266 1939 4324 excommunicari

284 4348 340 4404 lllis
370 4350 472 4421 quippe
498 4348 595 4404 dicbus
607 4348 725 4405 hicmos
740 4349 837 4422 Anglis
851 4360 908 4407 erat
936 4350 1085 4423 patrocinia
1139 4355 1254 4404 recusat.
1271 4349 1365 4421 ltaque
1379 4348 1423 4403 lac
1436 4356 1466 4403 nt
1480 4347 1622 4418 qnidhinc
1635 4348 1701 4405 salit
1714 4351 1787 4407 scire
1800 4368 1843 4409 me
1857 4354 1940 4411 iaciat

284 4445 442 4493 sanctorum
457 4436 583 4493 omnibus
597 4436 688 4494 saeculi
703 4437 783 4493 rebus
797 4440 940 4496 anteferre.
963 4440 1085 4498 l'ontilex
1139 4448 1202 4495 ante
1215 4437 1372 4506 concilium,
1388 4436 1458 4507 qnod
1469 4437 1547 4492 tertia
1557 4437 1730 4493 hebdomada
1742 4440 1941 4514 Paschaemlin

281 4526 387 4599 quippe
401 4525 475 4582 sedis
496 4526 590 4598 ipsius,
613 4526 790 4599 AEgalnothns
803 4528 923 4601 nominc,
937 4529 1006 4586 inter
1018 4532 1085 4587 reli·
1139 4530 1191 4585 hac
1204 4529 1271 4583 nrbe
1285 4542 1347 4583 snm
1357 4525 1552 4594 celebraturus,
1565 4525 1666 4598 alioqui
1675 4527 1821 4585 certissima
1831 4530 1939 4587 noveris

282 4630 337 4686 qna
353 4630 416 4687 quae
431 4614 624 4681 hominidedit,
641 4630 754 4687 cappam
770 4616 808 4671 illi
833 4618 912 4674 valde
938 4622 1084 4691 pretiosam
1139 4616 1211 4674 sein
1225 4616 1322 4673 eodem
1345 4614 1459 4670 concilio
1487 4613 1666 4670 damnationis
1692 4616 1823 4671 sententia
1851 4619 1940 4690 puniri

283 4702 427 4775 aurifrigio
442 4720 473 4759 ax
490 4703 563 4759 omni
578 4712 655 4775 parte
670 4712 793 4761 ornatam
810 4706 893 4777 dedit,
910 4710 1085 4779 quaeetittius
1139 4705 1423 4778 quamlmmeffli‘·”
1453 4706 1488 4759 Μ
1515 4702 1584 4758 fflss‘
1618 4702 1802 4775 ‘priusquam
1829 4706 1938 4779 ‘bem'

281 4791 413 4849 Ecclesia
429 4793 529 4863 decori,
553 4802 580 4850 ct
607 4794 738 4851 Ecclesia
765 4796 963 4853 cantuariensis
990 4769 1124 4856 futurisD
1140 4802 1230 4851 tecum
1244 4793 1374 4851 secretins
1403 4808 1494 4865 agam.
1513 4812 1524 4840 l
1542 4790 1717 4863 M⁸¹¹⁵³²er3⁰
1737 4790 1775 4846 ibi
1801 4809 1854 4863 Per
1880 4795 1939 4851 ὥθ’

281 4880 450 4952 temporibus
464 4889 545 4939 tantae
559 4882 597 4937 rei
612 4882 738 4939 existeret
759 4884 911 4941 testimonio
938 4894 963 4942 et
987 4888 1084 4960 proba·
1139 4886 1271 4962 plurimos
1284 4883 1357 4941 idem
1366 4881 1556 4949 willhelmus,
1568 4878 1718 4950 prudenter
1726 4895 1839 4953 operam
1850 4882 1940 4941 dando

279 4969 359 5025 tioni.
376 4970 440 5042 Ego
468 4968 551 5043 igitur
577 4986 650 5041 cnm,
679 4981 709 5027 nt
738 4972 803 5043 dixi,
828 4974 943 5030 concilio
965 4992 1085 5048 praesens
1138 4978 1191 5036 hos
1204 4987 1232 5035 ct
1245 4976 1308 5032 illos
1323 4989 1379 5028 snae
1392 4986 1481 5027 causae
1497 4969 1618 5024 lautores
1633 4966 1748 5039 efficere,
1763 4985 1795 5026 ac
1809 4971 1939 5029 utdomi-

281 5058 431 5115 antistitem
446 5058 667 5117 Beneventanum
685 5076 772 5133 cappa
801 5061 912 5134 reliquis
937 5073 1085 5133 praestante
1138 5068 1165 5123 ni
1181 5068 1221 5122 sui
1237 5062 1370 5122 voluntati
1385 5058 1560 5123 satisfaceret,
1574 5073 1689 5113 munera
1702 5057 1801 5130 quibus
1815 5076 1848 5116 ea
1861 5061 1939 5118 cordi

281 5155 407 5203 omstnm
420 5146 552 5217 viderem,
568 5156 593 5204 et
608 5164 668 5203 eam
683 5164 717 5205 ex
733 5144 851 5222 hisquae
866 5150 931 5207 olim
947 5154 1084 5210 audieram
1138 5170 1198 5214 esse
1209 5148 1442 5210 animadvertebat
1452 5145 1647 5217 dispertiendo,
1659 5153 1686 5201 et
1694 5145 1851 5217 pollicendo
1860 5149 1940 5220 parvi

280 5234 384 5307 optime
409 5250 524 5307 nossem,
555 5251 609 5292 non
638 5237 744 5294 modice
771 5238 886 5309 laetatus,
916 5248 943 5298 et
969 5258 1084 5316 cappam
1138 5247 1250 5304 habero.
1266 5240 1406 5296 Deductus
1421 5250 1489 5307 orgo
1503 5250 1519 5291 a
1533 5233 1940 5308 sententialtnmannspontiiex

279 5332 306 5380 et
320 5325 408 5381 rerba
435 5324 502 5380 mihi
531 5340 615 5397 puero
643 5326 742 5383 exinde
769 5326 840 5384 dicta
868 5330 942 5386 Patri
956 5333 1084 5390 Anselmo
1139 5344 1188 5406 est,
1205 5349 1237 5389 ao
1252 5346 1300 5403 pro
1315 5334 1377 5384 roto
1391 5324 1544 5381 Willhelmi
1559 5324 1679 5379 inducias
1690 5340 1776 5397 nsque
1791 5324 1826 5381 ad
1841 5326 1939 5383 testum

279 5413 397 5471 ostendi.
414 5412 476 5471 llox
491 5413 628 5472 celebrato
656 5415 774 5473 concilio
797 5416 844 5472 uhi
866 5418 1083 5477 Beneventanum
1139 5423 1226 5481 sancti
1240 5416 1379 5476 llichaelis
1393 5412 1469 5470 dedit
1480 5413 1553 5485 regi.
1571 5412 1752 5484 hctasuntdr)
1763 5413 1939 5487 hactaipsis

278 5511 366 5584 ipsum
381 5509 448 5581 adii,
464 5520 490 5568 ct
504 5512 575 5569 inter
589 5510 644 5570 alia
659 5520 759 5571 mutuae
774 5513 924 5573 dilectionis
950 5518 1084 5593 colloquia
1139 5510 1282 5572 solemniis
1295 5504 1450 5564 Natiuitatis
1463 5502 1574 5559 Christi.

988 5642 1203 5703 HENSCHENII
1216 5635 1330 5697 NOTAE.

314 5760 353 5837 (a)
367 5762 445 5821 rinno
459 5762 615 5890 erqoltttt,
626 5765 736 5838 qnando
748 5766 849 5825 Pascha
857 5767 907 5825 luit
915 5767 1082 5826 celebratum
1136 5763 1247 5846 aliquod
1260 5762 1414 5818 Romanum
1429 5768 1502 5811 anno
1526 5750 1596 5835 thail
1622 5748 1799 5822 celebratum,
1827 5748 1867 5833 in·
1881 5764 1937 5834 quo

279 5850 300 5893 x
313 5833 415 5909 Aprilis
431 5852 437 5890 :
455 5842 481 5891 et
506 5843 585 5891 attera
599 5834 810 5895 Dominicalisll
833 5839 977 5897 Dontinica
997 5856 1029 5897 ιιι
1054 5842 1083 5897 in
1136 5826 1564 5915 inductaehaeeoncessaeioenpt
1580 5838 1587 5879 :
1602 5840 1707 5907 necque
1721 5830 1782 5895 post
1792 5823 1937 5878 concilium

279 5922 351 5965 xxiv
365 5904 493 5979 ejusdem
507 5904 608 5962 mensis
622 5906 745 5965 cadebat.
1137 5911 1258 5966 Barense
1271 5897 1346 5960 ahud
1361 5898 1505 5957 concilium
1519 5892 1626 5953 mtetur
1635 5891 1759 5950 habitum
1772 5902 1866 5951 coram
1880 5892 1936 5949 Ur-

315 5978 353 6055 (ὸ)
367 5976 439 6039 ltala
453 5990 520 6055 ergo
534 5976 579 6037 hie
589 5976 724 6039 inducitur
736 5980 925 6058 aquibnsdam
938 5980 1084 6043 concidam
1136 5981 1212 6041 bano
1226 5976 1321 6048 suisa,
1336 5987 1419 6047 qnam
1432 5970 1461 6028 td
1473 5969 1504 6028 in
1517 5978 1582 6041 ‹1¹¹0›
1595 5973 1658 6039 9⁰⁵¹
1670 5965 1775 6025 ΡΜ
1796 5964 1936 6040 ”euellit
