4750 6725
346 585 397 643 ua
784 565 1559 643 sconti.-tutosnausuaanonncttucrs
1943 591 1994 654 ato

346 720 447 768 catum.
463 709 487 766 0
503 718 538 779 te,
549 709 613 763 lesu
632 705 705 762 salus
729 703 868 761 omniuml
887 703 910 760 Ο
935 703 1095 759 admiranda
1120 711 1146 758 et
1162 706 1186 766 A
1202 721 1298 762 manus
1311 723 1343 761 ac
1357 709 1479 764 membra
1493 719 1539 766 tua
1552 713 1580 767 in
1594 715 1654 784 ejus
1671 716 1755 772 remis
1776 716 1894 774 effudisti
1917 721 1994 777 flori.

347 801 466 856 amanda
483 797 624 872 dignatio!
640 795 663 852 0
677 796 740 850 lesu
761 793 799 848 mi
823 793 931 860 dilecte,
947 801 973 847 et
998 794 1072 848 Deus
1093 791 1147 846 im·
1202 794 1267 849 dum
1282 796 1440 867 sanguinem
1454 815 1504 868 par
1513 801 1619 857 radices
1636 805 1673 858 tui
1689 806 1820 875 corporis.
1835 806 1906 874 Quid
1916 811 1997 866 retri-

347 905 449 946 mensae
468 888 604 962 gloriose,
621 883 723 940 vermis
738 881 950 952 contemptibilis
971 890 1082 951 propter
1104 897 1148 937 me
1203 881 1286 939 tuam
1304 883 1422 943 Domina
1440 904 1490 957 pro
1509 891 1638 947 omuibus
1657 909 1720 964 quae
1744 895 1878 951 retribuat
1902 897 1997 954 maur?

347 979 404 1034 lieri
419 993 474 1034 non
490 975 654 1046 despexisti!
673 969 866 1042 Ospeculuml
883 969 906 1026 ll
927 969 1036 1024 claritas
1059 983 1146 1042 ange*-
1204 972 1325 1028 Culicem
1340 974 1477 1031 salutaris
1488 979 1640 1051 accipiam,
1653 985 1681 1037 et
1697 997 1809 1038 nomem
1824 985 1937 1042 Domini
1951 986 1996 1042 irt-

347 1065 453 1122 lorum!
480 1063 628 1122 Ascendisti
662 1061 787 1117 arborem
815 1058 911 1156 qumis,
941 1066 967 1113 et
998 1059 1147 1114 extendens
1201 1061 1299 1116 vocabo
1312 1063 1401 1131 (Prot.
1417 1079 1482 1132 cnr,
1500 1068 1543 1132 ta,
1560 1070 1618 1138 13).
1638 1069 1695 1126 Deo
1711 1070 1820 1126 Gratias
1833 1069 1874 1127 ¹³.

1001 1155 1114 1212 thlllAE
1134 1155 1342 1214 LECTIONES.

775 1251 807 1284 ’¹'
822 1255 879 1308 llcu
894 1269 993 1324 sponsa
1008 1269 1068 1308 mea
1083 1253 1181 1309 dilecta
1196 1269 1275 1310 cerne
1291 1271 1365 1312 meas

818 1323 892 1394 Quas
906 1341 956 1394 pro
972 1333 997 1379 ta
1012 1323 1111 1380 suffero
1125 1340 1234 1395 poenas.

829 1397 910 1451 Ferre
924 1409 977 1450 non
991 1395 1091 1465 expavi

828 1466 908 1534 Quod
922 1473 1006 1539 agunt
1020 1483 1095 1532 crux,
1110 1470 1216 1536 lancea,
1231 1467 1313 1524 clari.

805 1595 807 1600 ,
829 1537 875 1592 Fel
888 1553 941 1606 ego
956 1537 1108 1610 degustavi,

828 1607 898 1676 Quia
914 1615 939 1662 to
954 1609 1126 1663 uehementer
1140 1612 1241 1666 amavi.

720 1703 722 1708 ·
827 1679 866 1734 'l'u
882 1678 948 1732 mihi
964 1679 1048 1734 redde
1064 1679 1161 1747 ricem,

827 1750 867 1804 Τιι
882 1765 989 1820 quoque
1004 1749 1068 1804 tolle
1083 1749 1208 1809 Crucem.

830 1820 911 1876 Vides
926 1835 969 1876 me
983 1821 1095 1890 nudum,

829 1891 993 1948 Verberibus
1010 1891 1166 1962 laceratum,

828 1963 856 2016 lu
872 1961 963 2018 medio
978 1962 1122 2029 latronum,

827 2033 906 2090 Cruci
919 2032 1107 2106 ignominiosa
1122 2035 1208 2090 claris
1223 2036 1317 2093 terreis
1330 2037 1454 2108 affixum,

827 2109 911 2160 noeto
924 2105 950 2160 in
967 2119 1047 2161 cruce
1058 2113 1191 2174 potatum,

829 2178 890 2232 Post
905 2183 1018 2231 mortem
1033 2176 1127 2232 lancea
1142 2177 1212 2234 lalus
1225 2179 1404 2237 vulneratum.

349 2283 389 2338 nd
405 2285 457 2338 hoo
472 2279 563 2336 anima
577 2277 665 2332 dixit:
682 2275 754 2334 Ecce
765 2291 817 2332 vox
828 2276 972 2348 sanguinis
983 2275 1076 2356 sponsi
1086 2276 1143 2358 ‘mei
1153 2277 1216 2332 lesu
1226 2279 1317 2334 dilecti
1330 2282 1474 2337 clamalad
1486 2300 1530 2340 me
1541 2286 1575 2342 de
1585 2287 1680 2344 Cruce.
1693 2289 1823 2360 Ospoasa
1833 2309 1893 2349 men
1904 2297 1994 2365 unica,

349 2355 412 2409 ride
427 2353 549 2408 dolorem
567 2363 669 2404 meum.
685 2348 726 2403 nd
742 2348 794 2404 hoc
809 2362 922 2417 sponsa,
936 2348 1010 2414 lesu,
1027 2347 1093 2402 mihi
1109 2347 1217 2416 dilecte,
1234 2349 1321 2406 lactus
1333 2368 1363 2406 es
1376 2369 1427 2422 pro
1442 2370 1486 2410 me
1508 2359 1687 2426 opprobrium
1709 2363 1859 2420 hominurn.
1876 2365 1929 2434 Qui
1953 2379 1995 2425 est

352 2425 482 2480 Dominus
495 2418 664 2496 angelorum,
680 2419 798 2484 attende,
815 2432 831 2473 o
847 2418 938 2472 anima
953 2433 1024 2487 mea,
1040 2417 1092 2474 iste
1107 2427 1146 2473 est
1161 2419 1276 2476 dilectus
1306 2430 1376 2491 tuus,
1391 2425 1469 2495 cujus
1490 2428 1575 2496 pedes
1599 2430 1727 2500 pallidos,
1742 2434 1820 2490 claro
1843 2438 1994 2509 perfossos,

350 2513 397 2550 san
438 2495 483 2550 ine
497 2491 622 2564 pertusos
635 2490 758 2546 intueris.
776 2489 844 2544 Vide
856 2505 909 2543 non
925 2489 982 2544 sine
997 2503 1090 2544 amaro
1105 2489 1215 2558 planctu
1230 2499 1257 2546 et
1277 2492 1414 2564 laem-mis,
1431 2511 1484 2550 non
1498 2500 1616 2568 positum
1631 2503 1760 2570 suaviter,
1776 2506 1824 2560 sed
1848 2507 1994 2565 distentum

350 2585 396 2622 rru
418 2566 496 2625 aliter
508 2565 536 2617 in
552 2563 626 2634 ligno
642 2561 709 2617 duro
724 2576 821 2630 corpus
834 2561 896 2616 lesu
913 2559 1071 2615 delicatum.
1089 2559 1113 2615 0
1129 2567 1154 2615 te
1177 2562 1243 2617 lesu
1261 2563 1334 2618 salus
1347 2566 1465 2620 omniun·
1480 2569 1681 2626 tontlrniranda
1691 2576 1993 2650 etamandadignatiol

351 2637 461 2703 Olosu,
478 2635 514 2690 mi
530 2633 638 2699 dilecte,
655 2640 682 2688 et
696 2632 769 2687 Deus
784 2630 1043 2710 immcnscagloriae.
1061 2631 1167 2686 Vermis
1182 2634 1396 2712 contemptibilis
1413 2643 1526 2707 propter
1540 2657 1584 2696 me
1598 2641 1654 2697 lieri
1666 2659 1720 2698 non
1732 2645 1891 2716 despexisti.
1902 2646 1995 2722 Ospa-

351 2706 452 2775 culum,
467 2722 483 2761 o
498 2704 608 2760 claritas
621 2703 781 2775 angelorum
796 2704 802 2756 t
818 2701 971 2758 ascendisti
987 2701 1112 2757 arborem
1128 2719 1226 2782 crucis,
1243 2713 1271 2759 et
1284 2707 1431 2762 extundens
1446 2724 1542 2764 manus
1557 2726 1590 2767 aa
1602 2713 1724 2769 membra
1739 2724 1783 2772 lua
1797 2717 1824 2772 in
1838 2721 1898 2789 ejus
1912 2723 1997 2777 ramis

351 2777 469 2834 effudisti
484 2775 610 2832 lloridum
624 2773 784 2845 sanguinem
799 2789 848 2842 per
862 2773 970 2828 radices
982 2771 1019 2827 tui
1034 2787 1165 2842 corporis.
1184 2774 1255 2842 Quid
1270 2777 1424 2833 retribuam
1439 2780 1557 2838 Domine
1570 2799 1621 2851 pro
1636 2787 1765 2843 amnibus
1779 2805 1841 2860 qum
1861 2793 1995 2849 retribuit

350 2848 448 2906 arilli?
464 2848 586 2906 Calicem
600 2846 738 2902 salutaris
752 2846 902 2916 accipiam,
919 2847 947 2898 et
963 2857 1076 2899 nomem
1094 2845 1204 2900 Domini
1218 2847 1350 2905 inuncata
1365 2850 1451 2917 (Prot.
1469 2866 1536 2920 cxv,
1553 2856 1596 2921 tr,
1611 2855 1666 2926 ts).
1679 2857 1736 2911 Deo
1750 2859 1862 2931 gratias.
1877 2861 1996 2933 Explicit

351 2922 471 2978 narratio
487 2920 574 2974 Dratae
591 2915 709 2988 Virginis
723 2915 826 2984 llariae,
842 2915 877 2970 de
892 2915 1020 2970 Patalene
1035 2913 1145 2970 Domini
1158 2915 1193 2970 ad
1208 2917 1237 2970 tl.
1254 2917 1421 2974 Anselmum.

350 3101 1998 3139 *Μ

531 3271 653 3419 DE
694 3264 1440 3423 MENSURATIONE
1482 3271 1819 3433 CRUCIS

1081 3490 1266 3593 LIBER

349 3732 387 3797 ln
403 3732 484 3797 illud
500 3732 623 3799 Christi
642 3732 701 3799 :Si
715 3735 788 3815 quis
802 3732 872 3797 vult
885 3735 997 3797 vertice
1019 3742 1090 3814 post
1116 3752 1179 3815 me,
1195 3733 1330 3813 obncpet
1352 3738 1568 3819 semetipsum,
1585 3749 1614 3805 et
1630 3742 1722 3809 tollat
1745 3762 1873 3812 crucem
1897 3768 1996 3815 suarm

829 3815 985 3895 quotidie,
994 3822 1022 3878 et
1034 3820 1192 3895 sequatur
1205 3832 1255 3877 me
1269 3814 1382 3893 (Inuca
1397 3832 1441 3891 rx,
1453 3819 1514 3900 23).

385 4032 518 4101 Quoniam
526 4033 638 4105 jubente
648 4032 704 4089 tilio
716 4040 761 4090 tuo
771 4033 897 4090 Christo:
912 4033 1035 4105 Pertecti
1046 4037 1145 4104 estote,
1161 4033 1187 4092 B
1463 4036 1575 4095 CAPUT
1590 4038 1734 4096 Paltttttt.

351 4122 426 4179 sicat
436 4124 983 4196 etPaterrcrlercaeleatiaperfecturos!
1000 4122 1146 4193 (dictitat,
1203 4136 1414 4210 mendum,
1428 4142 1527 4212 prim„
1541 4143 1703 4215 pamm,
1719 4144 1748 4201 gi
1763 4145 1833 4216 quis,
1844 4149 1892 4206 ,pp
1901 4153 1935 4209 ὼ
1945 4172 1996 4212 m,

351 4210 396 4281 ta)
415 4228 421 4265 :
439 4210 471 4266 Et
486 4212 612 4282 apostolo
627 4212 785 4268 exhortante
798 4220 828 4267 ut
842 4212 877 4267 ad
892 4212 1087 4283 perlectionem
1104 4210 1117 4266 t
1133 4238 1148 4254 -
1309 4210 1416 4267 dinibus
1430 4216 1458 4267 et
1473 4213 1606 4269 remediis
1619 4215 1885 4286 pusillanimitatis.

351 4316 452 4369 rantur,
469 4299 597 4355 omnibus
612 4300 701 4357 modis
715 4300 1148 4371 adporrectionemritaetendere
1238 4297 1403 4353 l‘aucitatcm
1429 4300 1612 4369 perlectorum
1641 4300 1739 4371 innuis,
1764 4305 1889 4378 Domine,
1913 4312 1942 4367 in
1965 4332 1998 4374 eo

352 4386 502 4451 debemus;
520 4386 659 4443 tendentes
674 4396 763 4443 autem
777 4388 962 4455 sineductorc,
974 4402 1066 4443 errare
1080 4402 1147 4458 pos·
1203 4386 1275 4456 quod
1296 4386 1363 4441 dicis
1378 4406 1383 4442 :
1399 4387 1429 4443 Si
1455 4388 1527 4461 quic,
1549 4390 1624 4459 quasi
1648 4390 1748 4462 aliquis
1769 4409 1803 4448 ex
1827 4398 1919 4453 multis
1939 4406 1998 4461 vult

352 4492 466 4539 sumus;
490 4477 593 4546 optima
617 4478 735 4533 consulit
756 4475 835 4531 nobis
857 4476 931 4532 inco
955 4476 1062 4531 bouitas
1092 4483 1146 4545 tua,
1201 4482 1320 4545 postme
1342 4474 1443 4531 venire.
1461 4476 1493 4531 Et
1518 4493 1600 4547 quare
1623 4479 1686 4547 hoc,
1702 4481 1775 4537 Deus
1793 4488 1941 4552 meusmtsl
1963 4509 1998 4549 ex

350 4566 423 4619 Deus
438 4580 522 4632 meus,
540 4564 586 4636 qui
601 4564 726 4620 eumdem
741 4564 849 4621 unicum
865 4572 939 4619 tuum
955 4564 1033 4619 nobis
1047 4563 1073 4618 in
1094 4564 1148 4619 clu·
1203 4562 1320 4635 quodam
1342 4569 1451 4633 torpore
1474 4571 1499 4619 et
1521 4566 1744 4635 pusillanimitate
1767 4571 1859 4640 nimia,
1875 4590 1908 4631 eo
1924 4583 1997 4649 <prod

352 4661 453 4709 ctorem
471 4654 576 4709 tradere
591 4654 719 4727 dignatus
733 4662 783 4717 est,
799 4662 827 4709 ut
843 4652 921 4708 nobis
932 4652 1046 4708 lactiset
1059 4652 1149 4709 verbis
1202 4651 1326 4725 plerique
1340 4652 1460 4707 animum
1473 4669 1550 4707 suum
1570 4654 1605 4709 ad
1629 4656 1792 4713 tendendum
1815 4678 1925 4719 sursum
1946 4686 1997 4725 ω.

352 4743 424 4797 riam
441 4742 559 4798 veritatis
572 4744 728 4799 ostenderet
745 4758 777 4799 ao
792 4740 909 4797 doceret.
927 4741 975 4796 Cui
999 4742 1099 4797 etenim
1121 4749 1150 4796 ut
1204 4756 1269 4813 gere
1282 4740 1385 4809 nolunt,
1401 4749 1428 4797 et
1452 4741 1600 4813 perfectam
1623 4743 1695 4797 riam
1716 4752 1846 4804 attentare
1867 4767 1921 4809 non
1944 4772 1997 4813 aa·

353 4846 415 4885 cum
437 4830 604 4887 confidenter
624 4846 801 4902 sequeremur
821 4828 995 4901 perfectionis
1025 4830 1149 4885 testimo·
1204 4829 1278 4883 dent.
1300 4830 1426 4884 Nascitur
1453 4839 1543 4886 autern
1571 4831 1779 4901 pusillanimitas
1806 4838 1887 4893 eliam
1914 4844 1999 4905 niuno

356 4918 431 4974 nium
449 4919 620 4989 perhibuisti,
634 4921 727 4975 dicens
739 4938 745 4975 :
758 4920 806 4977 llic
821 4922 863 4975 ert
878 4918 956 4989 lilius
977 4935 1056 4974 meas
1076 4918 1150 4975 dite·
1204 4916 1310 4984 timore,
1327 4916 1445 4973 maxime
1458 4926 1568 4989 propter
1582 4928 1694 4991 peccata
1715 4924 1862 4995 preterita,
1878 4937 1905 4985 et
1924 4938 1998 5003 quod

355 5010 431 5075 ctus,
448 5010 478 5064 ia
491 5024 544 5081 quo
568 5008 641 5064 nulii
662 5009 730 5064 tene
751 5008 920 5080 complacui,
937 5010 1030 5079 ipsum
1052 5006 1150 5063 erudite
1204 5006 1293 5060 minus
1306 5006 1416 5077 propria
1430 5007 1577 5076 respiciunt
1590 5008 1698 5076 merita,
1714 5021 1827 5082 propter
1839 5016 1998 5093 utilitatem

354 5095 772 5169 (llalltr.rt·rr,5).lpseigitur,ut
781 5096 881 5151 laceret
891 5095 1054 5150 voluntalem
1065 5102 1149 5162 tuam,
1205 5094 1276 5163 maed
1291 5094 1372 5149 nimis
1386 5094 1479 5150 timent
1492 5094 1694 5166 impedimenta,
1707 5106 1734 5153 et
1748 5102 1820 5169 quod
1834 5106 1924 5162 statim
1944 5130 2000 5170 non

355 5184 492 5253 quoddam
508 5185 699 5253 compendium
714 5185 768 5239 riae
783 5181 1151 5255 perlectionisbrevibussub
1205 5182 1321 5238 sentiant
1342 5198 1371 5237 se
1393 5182 1535 5253 proficere,
1559 5183 1628 5240 inter
1650 5186 1823 5255 quotidianos
1842 5192 1947 5267 lapsus,
1971 5212 1999 5259 er

355 5272 457 5341 verbis,
472 5274 521 5329 sad
535 5273 679 5345 plurimum
694 5272 865 5342 ponderosis,
879 5270 958 5327 nobis
972 5270 1089 5327 ostendit
1110 5271 1152 5325 di·
1206 5271 1278 5344 quod
1293 5279 1366 5327 tunna
1382 5271 1471 5325 miuus
1483 5272 1657 5328 considerant
1671 5273 1829 5333 bonitatem.
1845 5282 1900 5339 lsta
1918 5290 1998 5349 etium

354 5375 432 5415 cens:
443 5361 472 5416 st
484 5361 547 5434 quic
563 5361 622 5417 uuit
637 5363 731 5417 uenire
745 5364 808 5432 port
823 5360 1005 5431 machumet
1020 5360 1189 5457 semetipc
1205 5376 1278 5431 sape
1297 5360 1396 5415 multos
1418 5359 1552 5429 repellunt
1574 5356 1608 5417 ne
1630 5363 1749 5419 audeant
1772 5373 1906 5429 attentare
1926 5378 1998 5440 rviam

353 5449 552 5516 rum‚ettollat
567 5465 679 5505 crucem
695 5453 823 5519 suamet
834 5455 970 5521 sequatur
983 5464 1038 5503 me.
1050 5448 1079 5501 ln
1095 5446 1152 5517 qui·
1202 5448 1363 5521 perlectam,
1379 5448 1434 5503 imo
1449 5456 1476 5503 et
1489 5449 1564 5519 ipsos
1578 5448 1736 5519 incipientes
1750 5470 1837 5525 saepea
1850 5459 1878 5515 ia
1894 5471 1997 5529 tantum

352 5536 404 5593 bus
419 5536 510 5595 veritis
523 5536 639 5593 ostendit
654 5536 816 5608 paucitatem
828 5536 1010 5607 perlectorum
1026 5535 1150 5591 libertate
1206 5536 1335 5607 dejiciunt
1349 5545 1377 5592 ut
1390 5537 1540 5606 procedere
1553 5554 1582 5593 se
1594 5553 1675 5609 posse
1698 5540 1849 5612 desperent.
1866 5550 1921 5617 Sed
1942 5557 1999 5627 pri.

353 5626 458 5682 arbitrii
473 5640 535 5682 eum
550 5624 626 5698 sequi
642 5625 790 5683 volentium
804 5639 811 5697 ;
826 5625 885 5697 ipse
902 5632 991 5679 lamen
1016 5624 1073 5681 vult
1096 5640 1150 5680 no·
1205 5640 1290 5688 murn,
1303 5624 1407 5679 scilicet
1420 5624 1520 5681 nimius
1534 5624 1614 5681 timor
1627 5635 1738 5698 propter
1756 5643 1869 5701 peccata
1884 5651 1997 5708 prater.

354 5722 408 5771 ster
422 5732 481 5771 esse
503 5716 608 5783 ductor,
625 5714 730 5770 initium
749 5712 803 5769 viae
829 5712 1014 5785 perfectionis,
1030 5713 1150 5769 medium
1205 5712 1242 5767 ita
1257 5728 1312 5767 non
1328 5711 1411 5768 debet
1424 5729 1475 5769 nos
1489 5712 1633 5784 impedire,
1649 5716 1713 5786 quia
1725 5719 1748 5773 si
1763 5719 1834 5777 bene
1844 5739 1877 5779 eo
1887 5728 1999 5811 utimur,

354 5812 380 5862 et
394 5800 464 5871 linis,
480 5812 506 5859 et
520 5819 573 5874 qua
587 5802 736 5859 intentione
755 5802 789 5861 sit
813 5802 1019 5860 ambulandum.
1037 5800 1150 5879 Singula
1205 5800 1297 5858 omnia
1309 5809 1500 5874 computantur
1514 5802 1593 5859 nobis
1608 5802 1635 5859 in
1648 5802 1751 5863 bonum
1764 5811 1935 5879 praedicandi
1949 5820 1996 5877 ni.

355 5900 445 5960 antem
458 5892 488 5953 iu
502 5892 557 5955 auis
570 5892 637 5955 lacls
649 5891 789 5971 patebunt.
1205 5889 1290 5951 unu
1324 5890 1473 5954 mutarem
1508 5894 1593 5968 tuam,
1626 5898 1811 5973 commeandi
1849 5907 1884 5977 te,
1919 5915 2002 5989 atqu.
