4750 6725
412 589 464 648 ets
907 583 1068 642 sinubat
1091 583 1376 642 cartwtttttartsts
1394 583 1553 644 Monacttt
2015 592 2071 646 38⁰

415 691 504 748 debeo
519 697 546 746 et
557 690 697 757 honorem,
714 693 740 742 et
750 701 803 759 ego
817 685 858 740 illi
874 686 927 741 boc
948 683 1067 740 dedecus
1081 681 1208 754 tacerem,
1225 680 1254 743 Α
1269 683 1329 754 Quo
1352 702 1402 741 rex
1424 686 1527 756 audito,
1544 685 1613 743 dixit
1626 687 1703 742 illum
1716 701 1770 758 pro
1784 685 1935 758 apostolico
1949 703 1980 743 se
1994 703 2068 744 non·

417 779 521 837 scilicet
534 777 648 852 gratiam
663 793 738 832 suam
755 775 832 846 qussi
846 789 946 844 equum
961 773 1004 829 vel
1018 772 1126 830 asinum
1151 773 1215 830 vili·
1269 773 1334 830 dum
1349 775 1500 846 accepisse,
1515 790 1567 832 nco
1579 791 1635 831 suae
1649 775 1696 832 uel
1708 782 1831 848 paternae
1857 776 2069 834 consuetudinis

418 869 469 925 bus
483 867 629 924 nummulis
643 864 784 920 emerem‘l
806 861 934 932 Emptum
954 861 1071 932 denique
1092 877 1215 918 amorem
1269 872 1383 919 eetenm
1409 863 1553 934 exstitisse,
1577 873 1607 920 ut
1634 874 1736 936 praeter
1761 879 1839 920 suam
1859 864 1996 922 licentiam
2022 873 2073 922 aut

420 959 480 1029 ejus
495 956 586 1027 utique
603 953 667 1010 muti
690 952 809 1024 pendere
831 959 927 1022 postca
948 958 1078 1022 quantum
1098 951 1217 1022 pretium
1270 951 1431 1008 electionem
1446 952 1544 1024 aliquis
1556 954 1584 1008 in
1599 968 1685 1027 regno
1700 952 1806 1026 angliae
1820 968 1923 1025 papam
1937 955 2070 1010 nomina-

419 1061 469 1119 pro
484 1060 517 1102 eo
531 1044 621 1100 datum
636 1041 808 1098 aestimarem.
825 1039 879 1096 Sed
895 1039 977 1114 longe
991 1040 1025 1096 sit
1039 1057 1055 1096 a
1070 1057 1115 1095 me
1129 1038 1217 1095 subli-
1268 1050 1319 1108 ret,
1336 1049 1363 1097 et
1384 1042 1537 1114 quicunque
1557 1042 1611 1099 sibi
1632 1042 1713 1114 bujus
1736 1040 1876 1115 dignitatis
1902 1050 2072 1114 potestatem

419 1135 540 1190 mitatem
556 1139 636 1188 tantae
652 1130 690 1186 rei
706 1129 800 1185 humili
825 1130 912 1201 pretio
934 1144 1103 1200 comparare.
1129 1129 1217 1201 Magis
1270 1129 1352 1186 vellet
1369 1131 1525 1202 praeripere,
1540 1147 1623 1186 unum
1643 1130 1712 1188 toret
1732 1145 1765 1188 ae
1788 1131 1812 1188 ai
1837 1144 1966 1189 coronam
1990 1147 2071 1188 suana

418 1230 509 1278 autem
523 1220 649 1292 satagite,
666 1234 719 1291 qun
733 1219 818 1290 gratis
832 1225 858 1275 et
872 1221 984 1275 honeste
1000 1233 1043 1273 me
1071 1218 1141 1274 sieut
1166 1235 1216 1274 nr·
1268 1217 1320 1274 sibi
1344 1228 1490 1276 conaretur
1512 1221 1629 1277 auferre.
1644 1220 1686 1276 sd
1699 1237 1762 1292 qnae
1775 1219 1919 1277 anselmus
1927 1219 2072 1278 admirans

417 1310 620 1381 cbicpiscopum
633 1307 852 1364 cantuariensem
867 1314 894 1361 et
910 1308 1016 1362 Patrem
1031 1323 1109 1362 suum
1131 1307 1215 1378 spiri·
1270 1306 1298 1362 in
1313 1308 1433 1364 medium
1446 1308 1558 1380 protulit
1572 1309 1644 1380 qnod
1658 1326 1741 1383 snpra
1754 1309 1909 1378 retulimus,
1929 1326 1959 1366 se
1988 1309 2070 1367 vide·

417 1395 517 1451 tunlem
532 1393 637 1466 diliget,
653 1401 680 1448 et
695 1407 747 1465 ego
762 1406 797 1448 ex
813 1407 874 1448 mea
888 1398 964 1463 porte
979 1391 1049 1448 dabo
1063 1407 1171 1462 operam
1187 1397 1217 1448 ut
1269 1396 1332 1453 licet
1346 1405 1490 1469 antequam
1505 1397 1719 1469 episcopusfieri
1735 1399 1910 1466 consentiret,
1937 1398 1964 1454 ei
1994 1400 2070 1470 apud

418 1499 461 1540 me
475 1492 502 1540 et
516 1499 578 1538 mea
592 1483 627 1538 ad
650 1481 793 1538 seruitium
822 1488 848 1537 et
870 1481 1036 1537 voluntatem
1051 1481 1109 1550 ejus
1134 1481 1211 1551 juxta
1270 1486 1463 1543 llouecestrem
1494 1486 1596 1542 dixisse
1623 1487 1699 1559 quod
1725 1488 1784 1559 ipse
1810 1487 1896 1543 abbas
1922 1488 2070 1544 beccensis

418 1568 495 1643 quod
510 1568 618 1624 debebo
629 1566 783 1624 exhibeam.
802 1589 812 1616 ι
830 1566 960 1622 Diserunt
977 1585 983 1622 :
1001 1589 1010 1616 ι
1028 1564 1133 1624 Scimus
1143 1568 1217 1640 quod
1269 1571 1392 1628 existens
1406 1571 1546 1628 Urbanum
1559 1589 1609 1643 pro
1624 1588 1697 1642 papa
1710 1571 1868 1643 susceperit,
1880 1585 1932 1627 nec
1944 1571 1981 1626 ab
1996 1569 2069 1626 illius

416 1659 515 1714 saltem
530 1657 636 1713 oblatas
650 1657 675 1712 ei
688 1656 853 1728 quingentas
866 1656 951 1712 libras
977 1672 1032 1713 non
1060 1657 1214 1731 negabis.»
1269 1659 1426 1716 obedientia
1442 1668 1469 1716 et
1493 1660 1659 1730 subjectione
1683 1675 1791 1731 quoque
1812 1661 1895 1716 modo
1923 1659 2068 1717 discedere

416 1740 585 1814 Respondit:
607 1741 692 1796 nNec
706 1741 779 1811 ipsas
792 1740 887 1813 ulique
914 1740 953 1795 illi
980 1741 1104 1813 amplius
1131 1742 1212 1814 dabo,
1270 1744 1391 1800 voluerit.
1408 1743 1511 1814 Quibus
1525 1743 1686 1813 incenditis,
1701 1744 1749 1802 irae
1773 1744 1889 1800 stimulis
1911 1744 2069 1818 exagitatus

417 1829 480 1903 quia
495 1844 559 1886 curu
574 1829 687 1886 eassibi
701 1827 825 1885 offerrem
841 1828 979 1902 suscipere
993 1830 1090 1899 noluit,
1110 1839 1136 1888 et
1157 1832 1215 1904 jam
1268 1840 1431 1905 protestatus
1446 1843 1487 1889 est
1509 1833 1586 1889 illum
1606 1849 1775 1906 nequaquam
1799 1832 1881 1890 fidem
1905 1850 1987 1904 quern
2015 1833 2069 1889 sibi

417 1919 562 1992 plurimam
588 1925 691 1988 partem
717 1933 807 1974 earum
840 1926 870 1974 ut
905 1918 1016 1990 promisi
1050 1919 1215 1991 pauperibus
1268 1918 1388 1975 debebat
1402 1919 1482 1974 simul
1497 1926 1524 1973 et
1538 1917 1698 1989 apostolicae
1710 1918 1783 1975 sedis
1800 1917 1994 1988 obedientiam,
2003 1935 2069 1975 con-

416 2007 491 2064 dedi.
509 2033 520 2059 a
536 2007 813 2064 Nuntiatssuntista
840 2007 910 2079 regi,
940 2015 966 2064 et
991 2008 1072 2078 jussit
1100 2010 1161 2066 haec
1190 2009 1256 2098 eiB
1272 2011 1313 2059 tra
1328 2003 1595 2068 suamvoluntatem,
1612 2018 1691 2075 posse
1706 2018 1826 2059 servare.
1846 2002 1990 2058 Anselmns
2012 2002 2070 2076 igi-

417 2105 511 2153 eontra
524 2095 619 2152 reterri
637 2113 669 2153 :a
686 2095 750 2152 Heri
765 2110 877 2169 magno,
894 2103 920 2152 et
935 2097 1016 2154 bodie
1030 2096 1106 2152 illum
1118 2096 1216 2169 majori
1272 2102 1323 2161 tur,
1339 2091 1532 2148 satietatique
1547 2109 1606 2160 sua,
1622 2107 1703 2162 quam
1715 2092 1750 2148 de
1765 2091 1934 2164 subjectione
1947 2099 1977 2147 et
1998 2091 2071 2149 obe-

419 2185 590 2254 odinbabeo,
605 2193 631 2242 ct
646 2185 712 2240 sciat
726 2199 821 2240 resera
843 2184 915 2256 quod
942 2201 1004 2241 cras
1033 2194 1059 2241 et
1086 2185 1218 2258 deinceps
1269 2180 1370 2237 dieutie
1386 2181 1514 2237 llomanae
1528 2181 1659 2238 Ecclesiae
1669 2181 1697 2236 in
1711 2179 1833 2236 medium
1848 2181 1957 2250 tulerat,
1971 2180 2074 2254 petirit

415 2273 515 2330 acriori
530 2282 557 2330 et
572 2273 705 2330 acerbiori
720 2273 783 2330 odio
799 2289 909 2345 semper
922 2274 1038 2330 habebo.
1056 2277 1108 2331 Pro
1138 2277 1216 2331 Patre
1269 2270 1392 2327 inducias
1415 2270 1449 2325 ad
1481 2269 1558 2325 istius
1589 2269 1628 2325 rei
1661 2268 1909 2340 examinationem
1937 2275 2074 2341 quatems

414 2377 480 2418 raro
494 2362 538 2418 vel
553 2363 760 2434 archiepiscope
776 2377 950 2434 nequaquam
965 2362 1042 2418 illum
1058 2363 1127 2419 ultra
1142 2371 1215 2420 tene·
1271 2359 1419 2432 episcopis,
1437 2359 1595 2426 abbatibus,
1620 2358 1775 2430 cunctisque
1804 2357 1880 2431 regni
1902 2356 2073 2430 principibus

415 2450 461 2518 bo,
478 2451 527 2507 sed
543 2451 747 2508 benedictiones
770 2458 797 2507 et
819 2453 957 2508 orationes
984 2453 1045 2523 ejus
1072 2469 1216 2509 exsecrans
1270 2464 1323 2505 una
1335 2447 1495 2504 coeuntibus
1508 2447 1647 2504 communi
1660 2463 1770 2503 assensu
1783 2445 1945 2502 definiretur
1967 2453 2071 2514 uuum,

414 2539 522 2612 penitus
536 2555 645 2610 respuo.
660 2540 711 2595 Eat
727 2555 782 2612 quo
795 2540 861 2610 vult,
890 2557 941 2597 uec
967 2557 1010 2596 me
1024 2541 1214 2598 transfretatu-
1268 2537 1345 2593 selua
1358 2536 1511 2593 reverentia
1526 2544 1553 2592 ct
1564 2535 1721 2592 obedientia
1730 2535 1804 2592 sedis
1817 2535 1986 2606 apostolicae,
1999 2551 2071 2606 pos-

414 2645 474 2685 rum
501 2644 550 2700 pro
578 2629 669 2684 dando
693 2629 880 2686 benedictione
909 2629 1009 2687 diutius
1032 2639 1210 2702 exspectet...
1267 2635 1308 2682 set
1331 2624 1411 2681 fidem
1431 2632 1537 2681 terreno
1562 2623 1622 2696 regi
1651 2640 1772 2690 serrare,
1806 2639 1908 2680 annon.
1931 2621 2012 2692 Quod
2046 2623 2071 2678 si

415 2717 597 2774 Festinantius
612 2717 696 2791 igitur
721 2733 737 2772 a
765 2717 840 2775 curie
867 2717 1050 2790 discessimus,
1081 2721 1106 2776 ei
1125 2722 1213 2791 ipsum
1268 2715 1422 2787 probatum,
1455 2713 1551 2785 inquit,
1586 2713 1666 2769 luerit
1698 2721 1839 2784 utmmque
1869 2709 1928 2767 lieri
1950 2712 2069 2768 minime

415 2805 548 2864 voluntati
563 2822 620 2864 suae
634 2806 807 2879 reliquimus.
823 2808 857 2863 Et
872 2808 929 2880 ipse
944 2808 1053 2880 quidem
1067 2808 1095 2864 in
1106 2810 1212 2866 North·
1267 2820 1357 2876 posse,
1367 2802 1545 2869 iateor,malo
1560 2810 1658 2857 terram
1674 2810 1757 2868 tuam,
1773 2801 1861 2857 donec
1885 2799 2069 2872 apostolicum

415 2894 553 2950 manniam
569 2896 682 2963 transiit,
697 2911 872 2968 expensaque
882 2896 1016 2953 immensa
1028 2898 1142 2970 pecunia
1153 2913 1213 2952 eam
1267 2892 1408 2962 suscipias,
1419 2891 1544 2948 exeundo
1559 2891 1691 2960 devitarc,
1710 2906 1793 2960 quem
1814 2888 1887 2945 beati
1901 2889 1974 2945 Petri
1997 2891 2071 2961 ejus·

413 2982 464 3038 sibi
479 2983 632 3040 nullatenus
646 2985 775 3058 subigere
789 2986 885 3058 potuit.
901 2982 1003 3041 lnlccto
1016 2985 1107 3058 itaque
1124 3001 1213 3058 nego·
1268 2998 1321 3052 que
1345 2981 1439 3038 vicarii
1458 2979 1641 3037 obedientiam
1666 2977 1713 3035 rel
1736 2977 1771 3033 ad
1801 2979 1896 3033 horam
1917 2977 2069 3052 abnegare.

414 3071 451 3128 tio
470 3071 498 3126 in
513 3072 643 3146 Angliam
658 3089 785 3132 reversus
800 3082 851 3130 est.
1267 3073 1372 3128 Dantur
1392 3086 1459 3144 ergo
1483 3069 1608 3137 inducie,
1640 3077 1720 3138 atque
1748 3083 1783 3124 ex
1815 3067 1894 3141 regia
1925 3067 2070 3125 sanctione

450 3160 539 3230 Quem
555 3163 749 3219 consistentem
762 3163 789 3218 in
805 3165 922 3234 quadam
947 3164 1022 3234 uilla,
1038 3183 1099 3238 quae
1127 3167 1215 3224 tribus
1268 3160 1356 3216 ferme
1368 3161 1449 3215 totius
1460 3158 1539 3232 regni
1556 3157 1685 3214 nobilitas
1706 3156 1799 3228 quinto
1820 3155 1885 3212 Idus
1907 3155 1996 3213 liertii
2018 3173 2070 3230 pro

415 3248 539 3306 milliaris
552 3266 568 3306 a
583 3251 766 3308 Scellcsberia
780 3251 886 3308 distans
901 3252 1070 3326 ilingheham
1091 3264 1212 3316 vocatur,
1268 3248 1443 3306 ventilatione
1457 3245 1535 3304 istius
1549 3263 1638 3303 causae
1652 3246 1680 3301 in
1694 3263 1776 3302 unum
1792 3245 1865 3318 apud
1890 3244 2069 3318 ilocbingbe-

414 3339 559 3397 Anselmus
573 3339 649 3410 adiit,
665 3341 745 3415 eique
758 3356 835 3397 suam
850 3341 1015 3399 uoluntatem
1027 3343 1055 3399 in
1079 3345 1132 3402 boc
1156 3362 1214 3401 esse
1228 3387 1252 3453 C
1269 3338 1333 3395 bam
1347 3338 1412 3395 coil·

415 3428 540 3499 innotuit,
556 3438 583 3485 ut
600 3431 754 3487 Romanum
771 3428 926 3503 pontificem
942 3448 990 3503 pro
1005 3432 1081 3503 pallii
1097 3434 1139 3489 sui
1161 3450 1213 3505 pe·
1303 3427 1344 3481 Fit
1359 3427 1450 3497 itaque
1464 3432 1613 3481 conuentus
1627 3425 1750 3482 omnium
1765 3424 1907 3481 Dominico
1921 3423 1967 3481 die
1985 3423 2027 3495 (b)
2041 3425 2070 3480 in

414 3512 509 3570 titione
523 3514 620 3570 adiret.
636 3514 678 3569 td
693 3514 766 3586 quod
781 3530 831 3571 rex
847 3534 852 3571 :
873 3536 884 3566 ι
900 3518 922 3571 Α
937 3532 1001 3587 quo,
1025 3518 1122 3589 inquit,
1143 3534 1214 3590 papa
1267 3516 1382 3573 ecclesia
1396 3532 1457 3589 quae
1473 3524 1513 3571 est
1526 3516 1555 3570 in
1571 3515 1631 3585 ipsu
1648 3523 1736 3570 castro
1750 3514 1802 3569 sita
1824 3512 1859 3570 ab
1882 3512 1949 3569 bora
1966 3513 2068 3586 prima,

413 3602 479 3658 illud
494 3603 633 3677 requirere
647 3604 751 3675 cupis?
766 3626 777 3655 n
798 3604 881 3661 Erant
900 3606 1001 3677 quippe
1020 3607 1066 3662 illo
1093 3616 1215 3679 tempore
1266 3621 1331 3674 rege
1346 3614 1372 3659 et
1399 3604 1457 3659 suis
1484 3604 1614 3661 secretius
1643 3604 1672 3658 in
1698 3602 1845 3659 Anselmun
1871 3602 1984 3661 consilia
2019 3620 2069 3659 sua

414 3690 1214 3767 duo(o),utinttngliuierebatur,quidieebanturltnmani
1267 3694 1387 3749 studiose
1416 3692 1579 3749 texentibus.
1612 3693 1757 3747 Anselmus
1791 3701 1881 3747 eutem
1917 3692 2066 3764 episcopis,

414 3780 557 3852 pontifices
571 3796 587 3837 a
602 3781 765 3839 seinvicem
780 3782 979 3853 discordantes,
1007 3792 1035 3840 et
1061 3784 1213 3841 Ecclesiam
1267 3781 1412 3839 abbatibus
1426 3789 1452 3837 et
1463 3780 1632 3854 principibus
1646 3780 1682 3835 ad
1696 3797 1725 3836 se
1746 3797 1762 3836 a
1782 3781 1859 3855 regin
1880 3788 1985 3837 secreto
2012 3798 2066 3839 ro-

413 3868 463 3925 Dei
479 3869 591 3925 iuterse
606 3869 721 3925 diuisam
749 3879 810 3941 post
837 3887 868 3927 se
897 3871 1058 3928 babentes:
1088 3874 1214 3930 Urbanus
1266 3872 1344 3940 catis,
1360 3887 1408 3927 eos
1423 3877 1449 3925 et
1462 3868 1635 3925 assistentem
1656 3869 1862 3938 monachorum,
1891 3869 2065 3939 clericorum,

413 3955 550 4025 videlieet,
567 3956 613 4029 qui
627 3957 715 4028 primo
743 3967 856 4015 vocatus
884 3960 944 4016 ouo
972 3960 1061 4017 suerat
1083 3962 1214 4034 epicopus
1265 3959 1397 4017 laieorum
1412 3973 1584 4013 numerosam
1599 3958 1799 4014 multitudinem
1820 3958 1872 4014 bac
1898 3974 1966 4015 soce
1993 3959 2066 4016 allo-

414 4042 563 4108 Ostiensis;
581 4052 608 4100 et
624 4044 758 4115 Clemens,
775 4046 821 4118 qui
836 4047 979 4103 Wibertus
994 4049 1145 4120 appellatus
1155 4051 1213 4106 lue·
1267 4049 1410 4121 quitum
1435 4048 1540 4104 Fratres
1555 4048 1620 4116 mei,
1650 4045 1699 4102 tilii
1723 4045 1853 4103 Ecclesiae
1880 4047 1941 4116 Dei,
1970 4062 2067 4105 omnes

413 4139 466 4200 rat,
483 4132 705 4205 archiepiscopus
720 4134 871 4191 Ravennae.
888 4136 1013 4205 Quaeras
1034 4142 1064 4192 ut
1090 4138 1124 4195 de
1154 4140 1214 4195 aliis
1267 4137 1327 4192 dice
1343 4136 1386 4208 qui
1402 4136 1447 4191 hic
1473 4135 1632 4209 congregati
1659 4136 1725 4191 estis
1751 4135 1779 4190 in
1807 4134 1917 4191 nomine
1943 4135 2065 4206 Domini,
2170 4137 2171 4140 ’

412 4220 506 4275 muudi
520 4221 644 4292 partibus
657 4223 761 4291 sileam,
777 4223 933 4295 perplures
947 4240 1034 4282 annos
1063 4226 1212 4283 Ecclesiam
1265 4241 1372 4297 precor,
1388 4223 1527 4293 intendite,
1543 4231 1570 4279 et
1583 4238 1675 4279 causa
1690 4233 1802 4296 propter
1819 4238 1901 4297 quern
1929 4224 2067 4281 ventilan-

412 4308 525 4381 Angliae
539 4308 567 4364 in
583 4317 687 4365 tantum
702 4313 855 4383 occupavit,
868 4316 897 4369 ut
919 4328 952 4370 ex
976 4330 1030 4386 quo
1050 4316 1214 4373 venerandae
1268 4314 1328 4369 dam
1344 4312 1452 4369 adunati
1468 4313 1541 4381 estis,
1556 4328 1607 4383 pro
1631 4312 1733 4367 uiribus
1754 4327 1836 4383 opem
1855 4312 1935 4369 uestri
1959 4313 2067 4370 consilii

411 4398 553 4456 memorie
569 4398 730 4472 Gregorius,
748 4400 793 4471 qui
809 4409 889 4458 antec
900 4402 1213 4462 uocabaturllildebran·
1266 4402 1344 4459 lecte.
1361 4400 1428 4471 Qua
1443 4410 1534 4458 autem
1549 4400 1608 4474 ipse
1622 4416 1704 4457 causa
1717 4400 1761 4470 sit,
1777 4401 1852 4457 breri
1874 4400 1920 4473 qui
1943 4401 2066 4460 nondum

412 4486 475 4556 dus,
491 4486 632 4544 defunctus
646 4488 714 4560 luit;
730 4488 807 4557 nulli,
824 4490 885 4546 loco
901 4506 988 4564 papae,
1005 4509 1089 4565 usque
1112 4494 1214 4551 adhoc
1266 4491 1380 4563 pleniter
1393 4490 1516 4560 audistis,
1532 4489 1553 4545 si
1567 4489 1667 4560 placet,
1692 4489 1792 4546 audite.
1823 4488 1913 4547 Verba
1941 4508 2066 4563 qnaenam

413 4582 520 4647 tempus
534 4575 614 4632 subdi
630 4576 674 4633 rel
690 4577 804 4635 obedire
818 4578 913 4636 uoluit.
924 4579 977 4635 Sed
989 4582 1096 4637 Urbano
1103 4583 1213 4653 jamdn-
1266 4589 1325 4637 orta
1338 4588 1400 4634 sunt
1426 4579 1496 4634 inter
1523 4577 1662 4634 dominum
1689 4587 1810 4634 nostrum
1834 4595 1927 4652 regem
1955 4586 1983 4637 et
2010 4598 2064 4650 me,
2170 4625 2171 4654 ,

412 4660 477 4716 dum
498 4676 549 4733 pro
578 4660 679 4719 vicario
706 4662 780 4719 beati
809 4664 882 4719 Petri
908 4663 943 4719 ab
971 4664 1048 4721 ltalia
1070 4666 1212 4739 Galliaque
1267 4685 1328 4740 ques
1338 4666 1617 4739 quamdamridentur
1627 4665 1822 4724 dissensionem
1830 4668 2064 4740 generacoliem,

409 4756 531 4823 recepto,
547 4750 689 4808 Anselmus
703 4752 785 4809 etiam
801 4759 895 4823 utpote
908 4752 992 4808 abbas
1002 4752 1037 4809 de
1048 4754 1212 4812 Northman·
1225 4741 1253 4803 D
1268 4772 1329 4814 cum
1343 4773 1429 4828 nuper
1444 4754 1583 4814 licentiam
1598 4756 1716 4812 adeundi
1730 4756 1869 4813 Urbanum
1889 4756 1964 4813 sedis
1992 4772 2064 4829 apo·
2170 4797 2171 4830 ,

409 4838 455 4895 nia
469 4854 593 4911 cumpro
608 4856 680 4913 papa
695 4846 844 4912 receperat,
861 4849 887 4897 et
901 4840 1029 4898 sicutuir
1043 4845 1208 4901 nominatis·
1264 4846 1365 4903 stolicse
1378 4845 1612 4917 psesulemjuxta
1626 4861 1730 4901 morem
1754 4852 1955 4903 antecessorum
1983 4862 2064 4905 meo·
2170 4855 2171 4868 ¹

407 4926 505 4996 simus,
521 4943 571 4983 nec
584 4943 638 4985 non
653 4928 814 4985 auctoritate
825 4929 925 5000 plenus
935 4930 995 5001 ejus
1006 4931 1108 4988 litteras
1118 4950 1209 4992 susce·
1261 4952 1322 4993 rum
1336 4952 1385 5008 pro
1399 4933 1476 5007 pallii
1491 4934 1544 4989 mei
1571 4934 1717 5005 adeptione
1744 4934 1780 4990 ab
1807 4950 1840 4992 ec
1866 4936 2062 5006 postulassem,

405 5021 493 5087 perat,
509 5014 588 5087 eique
602 5017 677 5073 velut
691 5034 798 5075 summo
822 5026 924 5076 sanctae
947 5018 1078 5077 Ecclesiae
1103 5026 1208 5093 pastori
1263 5026 1331 5082 dixit
1344 5041 1373 5081 se
1389 5023 1527 5081 Urbanum
1543 5021 1629 5094 ipsum
1645 5038 1695 5094 pro
1709 5039 1782 5094 papa
1797 5022 1912 5081 necdum
1926 5026 2062 5096 suscepis·
2170 5065 2171 5080 .

408 5117 473 5158 sues
488 5102 632 5161 direxerat.
648 5106 805 5179 iiequisitus
821 5122 886 5179 ergo
902 5122 917 5163 a
933 5123 1000 5180 rege
1028 5124 1043 5164 a
1059 5125 1112 5181 qun
1136 5127 1209 5183 papa
1262 5132 1301 5185 se,
1317 5123 1344 5171 et
1358 5111 1420 5169 ideo
1435 5112 1508 5169 nolle
1522 5126 1566 5167 me
1581 5112 1616 5167 ad
1631 5127 1694 5167 eum
1707 5111 1779 5168 illius
1792 5112 1831 5169 rei
1845 5112 1934 5184 gratia
1960 5129 2062 5186 prope·

409 5206 490 5262 usum
503 5192 579 5263 pallii
595 5194 842 5267 petereroluisset‚
859 5195 1001 5267 respoudit
1016 5198 1206 5260 :AbUrbann
1262 5220 1334 5260 rare.
1363 5199 1517 5270 Quinetiam
1544 5198 1592 5270 ait,
1621 5200 1644 5256 si
1677 5200 1804 5257 eumdem
1840 5201 1980 5258 Urbanum
2018 5212 2065 5259 aut

1062 5298 1279 5359 HENSCHENII
1298 5299 1416 5356 NOTAE.

409 5387 500 5443 tamen
515 5386 586 5445 libro
613 5402 652 5458 ιιι,
668 5405 743 5445 num.
760 5393 786 5457 e,
816 5390 922 5447 videtur
948 5390 1064 5449 indicari
1092 5396 1205 5469 aliquod
1260 5396 1458 5455 successitnnn
1472 5396 1542 5451 1088
1557 5394 1616 5452 Odo
1635 5396 1780 5469 episcopus
1798 5395 1943 5465 Ostiensis,
1972 5396 2063 5456 Urba-

406 5456 536 5531 generate
549 5459 693 5515 concilium
708 5460 759 5516 sub
773 5462 935 5519 lanfranco.
1260 5486 1310 5526 nus
1325 5470 1349 5525 ll
1363 5466 1532 5539 appellatus.

408 5530 624 5657 diqqqutrquerat
638 5530 703 5585 illud
719 5532 836 5587 schisma
852 5533 901 5587 sub
912 5533 940 5589 S.
953 5535 1088 5609 Gregorio
1099 5537 1156 5602 Vll,
1167 5538 1205 5593 uti
1296 5540 1332 5612 (i)
1348 5538 1491 5594 Dominica
1507 5554 1526 5589 v
1541 5536 1774 5610 Quadragesimae,
1790 5554 1851 5609 quaa
1864 5535 1949 5608 vulgo
1962 5538 2062 5595 Domi-

408 5686 454 5728 era
486 5671 628 5729 Wibertus
662 5673 882 5745 archiepiscopus
916 5676 1069 5745 Ravennss',
1108 5690 1207 5752 agente
1260 5682 1325 5736 idus
1341 5680 1434 5735 Martii
1449 5678 1569 5745 citatum,
1585 5679 1612 5733 id
1625 5688 1664 5736 est
1678 5680 1778 5735 menes
1791 5679 1915 5750 predicti
1929 5680 2004 5736 diem
2032 5698 2061 5737 ιι

406 5742 526 5800 ilenrico
541 5743 705 5815 imperatore
718 5758 789 5800 anno
805 5746 873 5799 tosa
888 5754 1006 5815 creatus,
1027 5757 1055 5804 et
1082 5750 1207 5807 Clemens
1260 5766 1294 5808 ac
1307 5751 1371 5807 dein
1385 5752 1490 5805 Pascha
1504 5749 1555 5805 suit
1568 5748 1737 5807 celebratum
1753 5766 1810 5808 ιιι
1823 5750 1947 5825 ejusdam
1958 5753 2059 5821 Martii,

407 5814 504 5871 dictus.
519 5817 554 5870 At
568 5815 751 5873 mortuoS.G
801 5815 861 5873 orio
876 5818 1208 5878 succeseiteillesiderius
1260 5823 1349 5881 littera
1363 5820 1525 5879 Dondmcali
1540 5821 1575 5878 G.

407 5884 492 5944 abbas
502 5886 666 5957 Cedamus,
682 5902 726 5945 an.
743 5887 775 5944 to
797 5888 813 5942 6
827 5892 854 5943 et
869 5887 961 5947 Victor
974 5888 1012 5947 ltl
1026 5890 1133 5958 diotus;
1162 5894 1207 5951 cui

576 5602 635 5673 ejus
649 5601 718 5657 diem
735 5602 853 5658 natalem
869 5606 1006 5674 xxvltlnii,
1017 5616 1206 5681 contraquam
1260 5610 1323 5667 nica
1336 5609 1472 5665 Passionis
1487 5607 1599 5675 dicitur,
1625 5608 1719 5664 incidit
1741 5623 1813 5664 anno
1830 5610 1898 5665 toas
1913 5609 2030 5666 indiam
2046 5626 2064 5664 u
2170 5681 2171 5686 η
