4750 6725
438 550 490 609 65⁹
936 550 1094 609 modunl
1118 547 1397 607 cmruanmttffls
1423 546 1588 605 ttottncttt
2039 546 2095 600 660

437 675 466 733 in
477 676 531 734 lroo
544 676 685 749 amplexus
712 686 762 747 est,
780 677 871 749 ipsum
885 676 988 734 lactum
1014 674 1170 743 excusabit,
1184 674 1234 730 sed
1247 674 1275 735 Α
1290 688 1369 729 sauro
1382 672 1414 703 ⁷⁸⁴
1428 673 1529 731 celesti
1553 687 1690 743 nunquam
1705 670 1820 743 reponit,
1842 668 1911 727 aiom
1924 667 2026 724 multus
2040 668 2095 723 de·
2163 704 2164 723 ι

438 763 510 821 vella
524 765 597 837 quod
611 772 705 823 eontra
723 765 908 823 obedientiam
920 764 1025 829 babuit,
1040 763 1235 835 periculosum,
1291 762 1395 819 narium
1405 762 1513 829 salsum,
1530 762 1663 833 lieetapte
1674 766 1850 827 monetatum,
1861 752 1951 816 suom
1961 759 2095 813 thesauro
2163 764 2164 791 ἐ

440 851 492 909 nisi
507 853 673 925 paenituerit,
690 853 803 912 illiont.
818 852 898 924 Quod
923 853 1057 918 nonnulli,
1086 852 1177 908 minus
1191 858 1235 906 et·
1290 867 1422 923 reponere
1446 853 1552 923 quaerit.
1583 851 1671 921 Quem
1699 866 1766 907 vero
1792 849 1888 909 viderit
1916 846 2096 906 obedientem

439 941 590 1009 tendentes,
615 942 723 999 lieentia
750 958 831 1015 quam
858 958 908 1015 pro
935 941 1073 1015 implenda
1100 940 1237 996 voluntate
1290 956 1360 1007 esse,
1376 941 1426 997 etsi
1439 940 1585 1014 aliquando
1600 939 1744 1013 fragilitate
1758 945 1852 1010 peooet
1878 938 2008 1003 bumana,
2038 949 2096 989 non

440 1046 488 1087 sua
515 1038 643 1103 expetunt
670 1047 745 1104 saepe
758 1030 895 1088 falluntur.
916 1032 951 1089 Ut
968 1029 1182 1104 igiturbreriter
1194 1028 1235 1084 lo·
1290 1031 1362 1085 buno
1390 1037 1480 1085 umen
1501 1029 1618 1101 repellit,
1647 1028 1748 1085 sinere
1764 1023 1947 1098 paniarum.
1964 1026 2000 1083 tit
2016 1022 2096 1079 enim

438 1124 546 1189 queret
559 1118 706 1186 sunninete,
721 1119 771 1177 sub
785 1120 847 1191 ipsa
861 1118 1016 1176 obedientia
1036 1118 1161 1175 viventes
1173 1126 1236 1173 sunt
1288 1118 1323 1174 ab
1337 1118 1455 1176 invalido
1470 1117 1593 1188 denario,
1611 1117 1740 1175 denarius
1753 1113 1786 1146 π’
1798 1117 1893 1186 salsus,
1918 1115 1959 1173 sio
1971 1130 1990 1169 a
2006 1110 2096 1169 debili

435 1213 570 1264 matrone
584 1207 685 1281 regalis
697 1206 774 1265 filias.
791 1205 822 1237 ”⁸
836 1207 1001 1264 ancillarum
1026 1221 1091 1264 vero
1112 1205 1233 1275 nomine,
1289 1206 1382 1265 diflert
1395 1208 1547 1265 monachus
1559 1202 1698 1263 falsatam.
1725 1205 1862 1263 invalidus
1876 1204 1979 1276 qraippe
1992 1198 2025 1231 '⁸¹
2039 1200 2093 1255 de-

434 1293 551 1351 lioentise
564 1295 735 1353 adhaerentes
748 1297 855 1367 aenipe.
873 1294 1063 1354 lnobedientia
1080 1310 1157 1359 vero,
1172 1310 1233 1365 quae
1288 1298 1381 1353 uanus
1395 1296 1484 1353 minus
1498 1297 1581 1353 babet
1594 1297 1701 1367 pondus
1722 1310 1803 1368 quam
1818 1294 1916 1351 debeat
1930 1292 2033 1348 babere
2048 1286 2092 1355 '‘',

434 1383 532 1441 dieitur
545 1394 573 1442 et
597 1384 659 1454 ipsa
672 1385 753 1452 latro,
773 1384 892 1443 rebelles
906 1384 1085 1457 designantur
1096 1380 1128 1413 '¹⁴
1141 1382 1171 1439 in
1183 1398 1232 1440 or·
1287 1386 1333 1442 sed
1348 1386 1414 1441 illud
1428 1386 1500 1458 quod
1524 1386 1608 1443 babet
1621 1400 1690 1457 puro
1704 1399 1741 1442 ex
1755 1400 1810 1443 ere
1821 1382 1853 1415 '⁴¹
1866 1386 1982 1441 oonstst.
1994 1380 2093 1435 Falsus

432 1470 497 1529 dine
515 1472 676 1530 monastioo.
1287 1490 1353 1532 raro
1367 1474 1492 1531 eamdem
1516 1490 1595 1546 quam
1611 1474 1699 1531 bonus
1720 1480 1857 1531 monetam
1872 1470 2024 1545 protendit,
2041 1467 2092 1524 sed

758 1569 871 1627 CAPUT
889 1570 948 1626 XC.
1287 1564 1400 1622 interius
1432 1567 1497 1621 latet
1518 1564 1627 1621 falsitas
1653 1564 1725 1621 aeris.
1754 1562 1800 1619 Sie
1823 1562 1910 1617 letsm
1938 1560 2092 1615 monachus

488 1655 658 1715 Similimdo
678 1657 758 1714 ieter
772 1657 944 1714 monaahum
966 1660 996 1713 el
1009 1657 1173 1713 denarium.
1286 1656 1411 1713 eumdem
1438 1670 1519 1729 quem
1545 1650 1665 1711 bonusm
1678 1652 1799 1708 habitum
1818 1650 1908 1713 babet,
1925 1649 1975 1705 sed
1989 1646 2091 1704 inobe-

467 1746 604 1801 llnrsusa
629 1745 712 1800 simili
730 1760 876 1817 possumus
902 1743 996 1802 videre
1022 1745 1129 1815 quotin
1143 1744 1232 1816 perse.
1286 1745 1394 1801 dienlite
1422 1744 1526 1800 lalsitas
1554 1741 1667 1799 interius
1698 1742 1773 1798 latet.
1803 1739 1907 1797 bebilts
1935 1752 2012 1805 vero,
2039 1736 2090 1791 sed

432 1842 477 1891 oto
491 1830 522 1862 ⁷²⁸
537 1835 675 1890 monaebo
687 1832 804 1890 debeant
822 1848 896 1889 esse.
916 1832 980 1888 Tria
993 1834 1091 1903 eoique
1105 1833 1178 1888 bono
1192 1832 1232 1887 in·
1285 1833 1427 1903 obediens,
1457 1833 1589 1889 lioetnon
1604 1840 1717 1903 mntem,
1746 1830 1811 1901 quin
1831 1827 1980 1901 aliquando
1996 1826 2087 1891 eadat,

433 1929 496 1978 sunt
514 1922 637 1988 denario,
666 1938 727 1992 qnae
755 1922 853 1994 auique
880 1922 955 1978 bono
983 1921 1085 1977 debent
1098 1918 1231 1978 ”inesse
1286 1923 1387 1981 babeat
1407 1920 1591 1979 stabilitatem.
1608 1920 1771 1977 obedientiae
1793 1928 1882 1974 tamen
1898 1917 1995 1974 retinet
2009 1916 2087 1987 puri-

432 2011 580 2069 monaebo.
591 2010 727 2066 matarius
736 2011 837 2082 quippe
847 2010 936 2067 ὴοιιιιι
946 2026 1014 2082 pum
1030 2024 1138 2077 exere,
1154 2013 1230 2067 reolo
1243 2026 1271 2087 B
1287 2020 1381 2067 tatem.
1398 2012 1462 2067 liox
1476 2010 1576 2067 etenim
1585 2009 1699 2081 paenitet
1711 2024 1774 2065 eum
1788 2011 1852 2079 quia
1862 2006 1986 2080 deliquit,
2003 2004 2088 2077 quod·

431 2098 553 2172 pondere
566 2107 729 2169 monetaque
743 2098 868 2172 legitima
877 2098 959 2155 debet
969 2107 1107 2166 constare,
1121 2099 1231 2155 sienim
1286 2116 1339 2173 que
1353 2100 1378 2157 ei
1392 2099 1566 2171 precipitur,
1580 2114 1649 2169 pura
1670 2096 1826 2155 obedientia
1840 2096 1914 2153 iaoit.
1939 2096 1989 2151 llle
2008 2110 2086 2167 ergo,

430 2204 515 2245 unum
531 2203 565 2243 ex
588 2187 633 2243 hia
655 2187 782 2254 defuerit,
806 2187 912 2244 venalis
926 2203 987 2243 esse
1001 2204 1058 2243 non
1071 2187 1179 2259 poterit.
1196 2188 1247 2245 Ut
1285 2198 1316 2245 ut
1341 2188 1471 2245 denarius
1496 2188 1625 2257 ialsua,a
1657 2186 1762 2245 coelesti
1788 2187 1915 2243 thesauro
1936 2184 2086 2256 repellitur.

430 2292 498 2350 ergo
510 2273 618 2333 venalis
631 2276 721 2332 valeat
733 2290 803 2341 esse,
818 2276 878 2332 baeo
891 2275 942 2331 tria
955 2277 1059 2347 pariter
1081 2274 1162 2333 debet
1177 2278 1229 2333 ba·
1286 2277 1349 2334 huie
1365 2292 1440 2345 vero,
1465 2292 1517 2348 pro
1531 2277 1573 2332 sui
1590 2275 1701 2333 modulo
1725 2275 1841 2347 vigoris,
1869 2274 1907 2329 ibi
1936 2274 2086 2346 reponitur.

431 2366 507 2423 bere.
523 2366 587 2422 Haee
611 2380 720 2437 quoque
734 2365 816 2422 debet
843 2366 946 2421 babere
972 2373 999 2421 et
1016 2367 1177 2431 monnellus,
1201 2372 1230 2423 ut
1285 2366 1359 2424 Nihil
1371 2367 1454 2438 igitur
1467 2366 1594 2437 ouiquam
1608 2363 1719 2437 pmdest
1733 2362 1855 2421 nubitum
1869 2363 1996 2419 monaehi
2011 2370 2085 2419 exte-

430 2468 496 2511 rere
509 2454 659 2510 monaobus
672 2469 734 2509 esee
748 2460 899 2524 reputetur.
917 2453 987 2523 liius
1009 2454 1110 2526 quippe
1124 2452 1229 2508 metalli
1285 2455 1384 2513 riorem
1399 2455 1510 2523 habere,
1533 2455 1557 2509 si
1572 2469 1628 2510 non
1653 2452 1786 2509 studuerit
1799 2460 1827 2509 et
1842 2452 2000 2508 interiorem
2021 2450 2087 2506 reti-

428 2544 542 2615 puritas,
558 2559 625 2614 pura
638 2550 679 2598 est
692 2542 751 2612 ejus
772 2541 927 2599 obedientia
937 2560 944 2605 ;
956 2541 1031 2598 nulla
1043 2543 1117 2598 enim
1130 2542 1229 2599 inobe·
1285 2560 1349 2599 nere
1363 2540 1407 2597 ¹⁴⁸.
1426 2543 1487 2599 Duo
1501 2542 1603 2615 quippe
1627 2549 1690 2597 sunt
1704 2540 1811 2597 ordinis
1825 2555 1930 2614 genera
1945 2539 2003 2595 viro
2017 2539 2086 2595 reli-

432 2631 542 2689 dieutlee
556 2632 708 2703 impuritas,
720 2631 770 2687 sed
782 2631 842 2687 sola
851 2631 880 2686 in
889 2646 923 2687 eo
937 2630 1019 2687 debet
1029 2646 1092 2687 esse
1100 2631 1230 2688 obedien·
1288 2632 1366 2705 gioso
1380 2630 1578 2687 convenientia.
1600 2632 1688 2687 Unum
1719 2629 1845 2697 exterius,
1876 2644 1930 2701 quo
1944 2627 2089 2700 religiosus

430 2720 480 2777 tia.
496 2722 609 2778 lleolum
624 2735 689 2777 vero
709 2719 783 2776 illius
797 2719 916 2791 pondus.
945 2719 1082 2776 stabilitos
1109 2729 1151 2777 ast
1165 2734 1231 2791 pro-
1286 2720 1391 2779 videtur
1403 2718 1453 2783 ⁷“;
1470 2719 1544 2776 aliud
1560 2736 1627 2777 vero
1640 2719 1761 2783 interius,
1779 2718 1990 2790 quoreligiosus
2004 2716 2088 2773 lrsbe

428 2810 511 2881 positi
524 2810 596 2880 ejus.
611 2810 673 2866 Non
687 2808 761 2865 enirn
780 2804 1068 2865 lenitermexsudlati
1097 2808 1178 2865 debet
1197 2809 1233 2865 ab
1286 2817 1330 2866 tur
1355 2806 1397 2867 aas·
1413 2810 1447 2865 lat
1474 2809 1541 2864 illud
1570 2808 1680 2880 quidem
1696 2810 1815 2865 exterius
1837 2806 1943 2875 factitii,
1959 2808 2089 2863 bonvaro

427 2911 462 2955 eo
490 2899 564 2971 quod
586 2897 709 2969 ooeperit,
737 2896 883 2968 sedesque
898 2897 928 2953 in
954 2896 1037 2953 finem
1055 2911 1232 2970 perseverare
1286 2898 1408 2967 interius,
1437 2896 1566 2954 naturalis
1595 2906 1635 2954 est
1663 2897 1766 2953 ordinis
1793 2893 1835 2952 ru·
1864 2895 1969 2953 Faotitii
1989 2895 2090 2967 quippe
2163 2904 2164 2909 ’

428 2986 544 3042 stabilis.
560 2984 737 3043 llliusaulem
751 2984 1231 3054 moneta,babitusestmonaobalis,
1287 2986 1392 3045 ordinis
1421 2986 1534 3043 laetitia
1562 2994 1624 3043 sunt
1652 2985 1868 3054 eonsuetudines,
1895 2991 1924 3039 ut
1952 2985 1980 3040 in
1994 2984 2089 3041 ordine

427 3082 509 3144 atque
522 3080 642 3138 tonsura,
659 3081 722 3129 ante
735 3080 762 3129 el
774 3082 857 3140 retro,
873 3080 900 3129 et
920 3074 964 3128 his
978 3072 1142 3129 consimilia.
1159 3074 1235 3135 Siout
1287 3076 1482 3133 monachorum
1495 3075 1672 3131 inveniuntur
1686 3075 1791 3147 plures.
1811 3074 1867 3129 Has
1881 3074 1985 3131 etenim
1999 3075 2087 3131 borni-

427 3160 500 3219 enim
514 3161 644 3218 denarius
662 3177 683 3216 a
704 3169 814 3217 moneta
839 3161 1018 3233 dignoscitur,
1042 3161 1119 3231 ouius
1134 3162 1169 3217 sit
1182 3179 1231 3219 re-
1288 3181 1335 3220 nes
1350 3164 1557 3230 adinvenerunt,
1574 3162 1735 3236 quibusdam
1750 3163 1784 3219 de
1807 3163 1900 3219 nausis
1914 3163 2087 3219 rationabili·

429 3249 522 3324 glottis
535 3248 577 3319 '¹⁸,
593 3250 633 3306 sio
647 3249 682 3305 ab
696 3249 754 3305 istis
769 3250 919 3305 monachus
932 3251 1010 3321 eujus
1030 3249 1066 3305 sit
1079 3250 1191 3307 ordinis.
1207 3253 1234 3308 Is
1288 3254 1340 3309 bus
1358 3250 1389 3283 '⁴'
1417 3252 1566 3309 servandas
1594 3251 1775 3309 instituerunt.
1800 3252 1936 3307 Naturalis
1964 3268 2029 3309 vero
2058 3252 2087 3281 ⁷⁴¹

428 3345 518 3396 autem
532 3338 681 3395 monachus
694 3338 744 3412 qui
759 3337 826 3395 adeo
841 3346 883 3394 est
900 3353 982 3394 senen
998 3346 1102 3396 utente
1117 3345 1144 3396 et
1158 3347 1232 3398 retro
1288 3341 1392 3398 ordinis
1406 3341 1544 3398 naturales
1560 3350 1623 3397 sunt
1643 3342 1765 3409 virtutes,
1789 3350 1819 3398 ut
1832 3341 1980 3411 humilitas,
1997 3342 2087 3400 oban-

425 3430 485 3501 jam
500 3436 617 3500 nequeat
630 3426 771 3497 inclinare,
792 3427 906 3483 denario
921 3426 963 3482 illi
986 3427 1137 3483 estsimilis
1152 3429 1231 3500 eujus
1287 3448 1337 3500 aas,
1354 3440 1381 3486 et
1391 3430 1566 3501 aliaeplures.
1582 3431 1635 3488 Has
1645 3431 1716 3487 enim
1728 3433 1799 3488 lleus
1814 3427 1913 3504 ipse⁷‘⁸
1929 3433 2090 3490 naturaliter

426 3523 565 3573 monetam
581 3516 711 3588 temporis
725 3515 941 3588 antiquitasjam
960 3514 1079 3573 develat.
1096 3516 1151 3572 late
1164 3533 1230 3574 vero
1285 3513 1382 3572 indidit
1407 3515 1520 3582 bomini,
1548 3531 1658 3586 suaeque
1687 3531 1770 3572 eausa
1807 3517 1906 3574 salutis
1940 3521 2089 3576 servandas

427 3606 473 3679 qui
486 3600 518 3634 '¹'
541 3606 663 3662 habiturn
687 3603 877 3662 monachalem
900 3619 955 3660 non
970 3604 1069 3672 adhue,
1084 3606 1133 3661 sed
1149 3607 1230 3660 vitam
1287 3603 1438 3659 mandavit.
1470 3603 1518 3660 llle
1546 3602 1637 3676 itaque
1653 3603 1773 3660 laetitias
1787 3607 1857 3663 ordo
1872 3607 1929 3666 sine
1955 3609 2009 3666 isto
2024 3609 2091 3665 nihil
2163 3659 2164 3664 ,

427 3694 559 3767 ansoepit,
583 3702 611 3751 et
632 3692 695 3751 ideo
710 3708 809 3750 nomen
832 3708 888 3748 non
908 3691 991 3750 babet
1004 3692 1143 3761 monaehi,
1159 3694 1232 3750 assi-
1287 3690 1391 3748 homini
1416 3691 1538 3763 prodest,
1568 3691 1617 3749 iste
1643 3707 1709 3749 vero
1735 3694 1795 3751 sine
1813 3693 1861 3753 illo
1876 3697 1960 3755 eliam
1984 3697 2091 3754 salvare

427 3784 539 3841 milatur
567 3798 678 3838 nummo
705 3781 871 3853 ponderoso,
901 3789 1039 3838 monetam
1065 3789 1234 3839 tamennon
1287 3781 1425 3837 hominem
1440 3786 1549 3852 potest;
1565 3788 1595 3836 ut
1609 3788 1700 3838 tamen
1716 3783 1818 3839 serrari
1833 3783 1996 3857 valeatisle,
2012 3787 2092 3844 raldo

427 3871 549 3940 babenti,
577 3879 603 3926 et
630 3870 695 3926 ideo
709 3885 764 3926 non
791 3885 870 3941 eque
883 3868 983 3925 venali.
1007 3869 1106 3926 Verum
1120 3873 1190 3928 siout
1202 3867 1234 3900 '⁸'
1288 3867 1455 3926 necessarius
1475 3868 1527 3924 sibi
1542 3877 1582 3926 est
1597 3878 1624 3927 et
1639 3868 1686 3926 ille
1699 3868 1742 3924 W.

428 3960 480 4032 qui
509 3959 667 4015 thesaurum
693 3971 863 4030 congregare
900 3956 1049 4026 desiderat,
1079 3959 1235 4029 hujusmodi

433 4061 590 4112 nummum,
614 4060 692 4116 teque
715 4052 745 4100 ut
772 4043 919 4100 habentem
935 4042 966 4073 ⁷¹²
982 4053 1130 4118 monetam,
1152 4056 1236 4118 amat,
1584 4010 1702 4068 CAPUT
1726 4012 1797 4068 m·

430 4134 470 4191 550
484 4136 558 4191 Deus
572 4133 618 4204 qut
634 4133 762 4188 thesauro
788 4132 893 4189 ooetestt
915 4148 965 4188 110³
989 4149 1087 4190 omnes
1101 4150 1234 4206 reponere
1290 4116 2093 4194 bennitttudtnetestamentorumetsototnrempttnter

433 4219 550 4296 eupit⁷⁸'
561 4239 568 4285 ;
581 4219 739 4290 hujusmodi
748 4219 896 4287 hominem,
907 4237 985 4292 aeque
997 4229 1026 4278 ut
1042 4222 1164 4279 habitum
1174 4241 1237 4282 mo·
1427 4206 1555 4263 ‘’ld‘'mm
1569 4208 1717 4277 smmum
1732 4213 1761 4264 02
1774 4211 1946 4269 ”illumim-

432 4309 510 4369 naabi
531 4310 693 4376 habentem,
717 4308 755 4364 ibi
786 4309 903 4380 reponit.
930 4309 1018 4379 Quem
1045 4317 1138 4367 autem
1162 4313 1238 4370 ride·
1327 4317 1372 4376 Sic
1386 4319 1459 4375 enim
1474 4323 1516 4376 est
1530 4319 1601 4376 inter
1615 4321 1739 4378 ordinem
1755 4322 1924 4380 laetitiamet
1940 4327 2091 4383 naturalem

433 4400 473 4456 nit
486 4399 612 4455 habitum
635 4397 745 4471 quidem
759 4398 950 4454 monachicum
963 4397 1066 4455 babere
1078 4396 1124 4468 m,
1140 4402 1189 4459 sed
1205 4417 1240 4458 ex
1292 4409 1430 4480 quomodo
1458 4407 1528 4464 inter
1551 4409 1695 4482 oorriglem
1727 4419 1754 4466 et
1781 4411 1939 4469 sotularem.
1967 4413 2093 4488 Corrigia

435 4504 491 4546 aere
515 4487 633 4559 impuro,
663 4486 691 4541 id
716 4495 757 4543 est
783 4485 986 4544 inobedientem
1004 4503 1074 4554 esse,
1090 4490 1162 4547 buno
1175 4492 1238 4548 the·
1293 4511 1410 4568 namque
1422 4494 1482 4552 sola
1495 4496 1625 4570 oolllgata
1636 4498 1710 4570 padi,
1732 4497 1807 4555 nullo
1822 4509 1865 4557 eat
1879 4501 2049 4560 munimento
2063 4501 2093 4534 ⁷¹¹

1088 4631 1203 4689 VARIAE
1223 4633 1431 4693 LECTIONES.

471 4724 623 4799 '¹⁸llegelis
635 4721 701 4780 filiae
715 4739 771 4807 aaa.
791 4721 866 4782 Vrec.
883 4727 916 4779 13
926 4722 1034 4797 regales
1044 4724 1116 4808 litiae.
1132 4732 1164 4763 ⁷²⁴
1177 4730 1471 4806 llebollesdesignatur
1483 4749 1537 4790 ms.
1558 4735 1666 4792 Viatia
1682 4739 1710 4792 et
1721 4735 1797 4794 Edit.
1816 4736 2042 4798 colrebelliones
2052 4747 2091 4799 si-

478 4804 566 4878 antur.
594 4794 625 4828 ⁷¹·
640 4793 748 4877 Quaem
764 4796 887 4880 perlecto
902 4809 969 4850 mes.
984 4803 1049 4866 quot
1063 4813 1090 4852 ιιι
1109 4799 1235 4922 perfeeto
1253 4800 1293 4858 .'“
1309 4805 1382 4860 Bono
1412 4811 1438 4860 et
1455 4805 1577 4876 perfeeto
1607 4806 1708 4861 debent
1731 4823 1798 4864 mss.
1819 4808 1893 4864 bono
1919 4809 2030 4867 debent.
2063 4813 2094 4846 Μ

464 4882 587 4950 onemm
612 4863 797 4922 lavrterlidtl.
823 4867 918 4948 ¹dolon.
934 4880 989 4921 nou
1014 4882 1081 4939 ergo
1119 4879 1214 4926 enter.
1241 4876 1273 4909 ”⁸
1287 4873 1327 4930 Sit
1339 4874 1461 4946 regionis
1481 4891 1535 4931 ms.
1564 4877 1602 4932 A.
1637 4875 1701 4932 isit
1715 4877 1864 4952 regiminis.
1894 4878 1994 4938 ''lste
2016 4897 2092 4949 vero,

440 4955 487 5021 qur
500 4953 552 4995 mr.
570 4940 600 4993 t.
615 4937 642 4993 l.
659 4938 685 4991 ls
695 4952 769 5005 vero,
786 4953 841 5009 qut.
870 4932 901 4964 '⁸⁸
913 4936 977 4992 Nou
989 4936 1099 4994 adnuo:
1115 4942 1164 4996 sed
1183 4944 1268 4998 vitam
1284 4946 1403 5016 suseepit
1417 4947 1456 5017 (et
1470 4945 1532 5002 ideo
1551 4962 1652 5003 nornen
1665 4963 1721 5003 nou
1741 4949 1824 5004 habet
1847 4951 1985 5022 monaehi)
2019 4951 2090 5010 assi-

439 5007 551 5065 mrlntur
563 5023 674 5064 nummo
687 5009 852 5091 ponderoso,
868 5015 1006 5063 monetam
1019 5015 1110 5064 tamen
1125 5028 1179 5068 non
1195 5012 1313 5084 habenti,
1340 5024 1365 5072 et
1378 5015 1443 5073 ideo
1456 5031 1511 5072 non
1525 5034 1604 5090 aequa
1618 5017 1721 5074 venali.
1741 5020 1843 5076 Verum
1865 5021 1934 5078 siout
1948 5039 2005 5080 nas.
2024 5027 2060 5082 A.
2079 5025 2088 5077 1

440 5095 496 5135 non
510 5078 600 5135 adbuo
612 5087 740 5149 suscepit,
751 5087 783 5159 et
793 5079 857 5161 adeo
872 5075 1026 5136 nonhabet
1039 5095 1138 5136 nomen
1153 5084 1289 5154 llonaolti,
1308 5087 1473 5143 assimilatur
1486 5104 1608 5157 nummo,
1638 5091 1775 5146 monetam
1788 5091 1911 5147 nondum
1937 5095 2052 5152 babenti
2066 5105 2092 5152 et

440 5149 640 5206 ideonondum
668 5149 771 5205 venali.
791 5152 915 5205 atsieut.
944 5147 975 5179 ⁷¹¹
991 5147 1031 5204 lta
1045 5158 1074 5207 ut
1089 5152 1234 5210 habentem
1249 5159 1378 5213 madi
1401 5173 1479 5230 aeque
1506 5167 1534 5214 ut
1561 5159 1716 5216 habentem·
1745 5160 2090 5236 mtteponereenpitms.

440 5222 507 5275 Α.1
536 5234 700 5299 recuperare
727 5220 810 5291 eupit.
829 5219 861 5251 '⁸¹
876 5217 1065 5278 Monaohalem
1081 5222 1184 5280 babere
1210 5241 1263 5280 ms.
1280 5226 1313 5281 Α.
1332 5231 1360 5284 1.
1384 5229 1571 5286 lionaebinem
1596 5231 1707 5288 habere.
1733 5230 1765 5262 '⁸‘
1780 5231 1858 5286 Hune
1885 5235 2011 5292 thesauro
2037 5255 2090 5293 ans.

441 5290 503 5348 A.l
519 5288 594 5372 huno
607 5305 633 5343 tn
650 5291 786 5372 thesauro.
814 5295 846 5371 ξ’*
861 5288 980 5368 Falsum,
996 5289 1059 5349 lieet
1072 5300 1135 5363 apte
1149 5303 1324 5365 monetatum,
1347 5315 1395 5354 suo
1409 5315 1464 5354 aas.
1484 5300 1518 5355 Α.
1547 5301 1558 5354 1
1577 5299 1675 5356 falsum
1697 5317 1756 5357 suo.
1789 5299 1820 5330 ”⁸
1836 5303 1865 5359 Si
1884 5321 1949 5361 vere
1964 5309 2093 5377 poeniteat

443 5363 635 5440 manscript.
645 5359 680 5414 Α.
698 5364 709 5413 1
728 5369 849 5441 ειιειιιιιιιι
861 5365 1013 5444 poentieltl..
1027 5362 1060 5395 Μ
1073 5365 1198 5421 Avalido
1213 5365 1327 5424 denario
1343 5370 1470 5426 denarius
1484 5371 1674 5444 manuscript.
1690 5373 1724 5428 Α.
1742 5374 1752 5426 1
1772 5372 1808 5427 ab
1828 5373 1949 5432 invalido
1964 5379 2093 5435 denarius

445 5429 538 5508 ⁷f⁸Sto
557 5445 575 5511 a
595 5430 713 5500 pertento
734 5429 824 5488 differt
845 5429 993 5485 nonachus
1006 5435 1183 5502 imperfectus
1207 5452 1259 5492 ms.
1276 5439 1310 5493 A.
1329 5441 1353 5498 l.
1371 5441 1416 5496 Sie
1432 5458 1447 5496 a
1465 5441 1549 5496 debili
1565 5441 1652 5498 diflert
1666 5443 1814 5500 Monachus
1843 5445 1940 5502 lalsus.
1966 5447 2091 5505 '¹’1nva-

445 5495 517 5555 lrdus
530 5515 603 5556 euim
621 5515 689 5555 mar.
704 5503 739 5556 t.
762 5503 830 5558 Vici.
852 5505 884 5557 13
899 5503 928 5556 el
938 5499 1013 5556 lidii.
1027 5506 1082 5560 Col.
1100 5505 1237 5562 lnvalidus
1252 5509 1361 5582 quippe.
1376 5513 1407 5546 '¹⁹
1422 5510 1510 5580 Quam
1518 5512 1617 5568 debeat
1631 5514 1742 5579 babere,
1753 5516 1801 5570 sed
1815 5521 2007 5590 manuscript.
2023 5522 2059 5575 Α.
2078 5523 2088 5575 1
2149 5499 2153 5512 ’

446 5584 529 5656 quam
543 5570 651 5639 debeat,
664 5571 723 5626 sed.
744 5571 775 5606 '⁴¹
792 5574 857 5630 l’uto
871 5585 966 5627 estere
981 5587 1034 5631 ms.
1058 5577 1176 5658 etb'da't.
1207 5577 1263 5634 Cot.
1287 5595 1402 5661 purnes
1423 5599 1488 5638 sere.
1522 5579 1693 5640 '‘¹Enndem
1711 5601 1791 5656 quem
1820 5588 1955 5654 perlectus
1983 5607 2090 5647 sannu-

445 5640 2091 5796 11111111111111111111111111111111111.1111111111111111

445 5781 503 5840 eius
516 5781 619 5857 quippe
634 5782 702 5864 ordo
716 5799 787 5864 mss.
806 5785 871 5865 Ber.
891 5784 961 5840 Vici.
977 5787 1010 5842 13
1024 5793 1052 5841 et
1066 5787 1139 5845 anta
1155 5789 1212 5848 Col.
1238 5788 1333 5849 laetitii
1347 5795 1449 5868 quippe
1461 5795 1575 5851 ordinis.
1594 5796 1626 5828 '⁴'
1639 5798 1680 5854 De
1694 5798 1783 5854 nausis
1807 5772 2019 5859 rationabilibus
2033 5821 2089 5860 mr.

445 5853 517 5910 ml
543 5854 577 5911 de
591 5869 680 5937 nanas
693 5853 934 5940 irrationabilibus.
966 5856 998 5892 ’⁶'
1021 5857 1143 5916 Naturali
1158 5873 1222 5919 vero
1239 5877 1308 5919 mse.
1333 5867 1362 5922 el
1382 5866 1456 5922 Edit.
1475 5865 1535 5924 Col.
1551 5869 1679 5924 naturalis
1700 5883 1776 5928 varo.
1811 5868 1841 5902 ’⁴'
1856 5871 1930 5930 Deus
1966 5873 2017 5946 ipsi
2034 5891 2087 5932 ms.

447 5923 479 5979 A.
495 5926 509 5979 1
525 5923 597 5983 Deus
610 5939 683 5998 apae.
701 5922 733 5955 '⁸'
746 5927 832 5984 lletet
849 5926 895 5985 alle
914 5941 974 5991 ma.
994 5925 1029 5983 Α.
1050 5931 1062 5986 1
1084 5936 1124 5988 est
1142 5931 1200 5994 ille.
1218 5927 1249 5964 '¹²
1262 5933 1429 5996 Munimento
1441 5953 1495 5996 mr.
1512 5938 1580 5999 Viri.
1597 5940 1630 5998 13
1642 5939 1813 6012 juramento.
1932 5914 1941 5945 ’
