4750 6725
315 707 365 768 493
855 695 1020 758 HISTORIA
1034 695 1219 760 Novohttht.
1248 735 1284 746 -
1300 701 1372 762 hm.
1388 703 1424 766 V.
1911 717 1963 779 tat

314 835 415 892 diiecto
431 829 487 888 filio
502 829 619 888 ilenrico
629 827 727 885 illustri
754 825 901 901 anglorum
924 827 983 900 regi
1002 827 1115 884 salutem
1128 827 1158 892 Α
1172 830 1264 886 omnia
1286 839 1313 886 et
1342 829 1371 888 iu
1396 836 1525 892 omnibus
1549 836 1741 909 exhibiturum,
1761 841 1827 900 dum
1851 844 1966 917 viveret,

312 931 340 981 ct
353 921 536 994 apostolicam
550 917 777 975 benedictionem.
1167 919 1329 990 repromisit.
1345 923 1452 978 Eodem
1467 940 1538 982 anno
1556 927 1691 984 Henricus
1709 944 1759 984 rex
1770 931 1856 1002 jussit
1872 950 1969 993 omncs

353 1012 445 1069 icum
459 1009 494 1066 de
508 1005 718 1073 manucomini,
736 1029 748 1056 u
765 1013 819 1062 etc.
842 1005 903 1062 Vide
914 1005 946 1062 iu
973 1005 1113 1062 Paschati.
1169 1008 1314 1080 episcopos
1327 1018 1355 1066 et
1369 1013 1506 1085 principes
1516 1015 1598 1070 totius
1611 1017 1689 1089 regni
1700 1018 1736 1074 ad
1759 1020 1863 1078 curiam
1891 1039 1968 1080 suam

348 1101 437 1174 Igitur
449 1095 733 1170 Ansetmushngiiam
749 1095 900 1167 ingressus,
931 1093 1115 1164 archiepisco·
1170 1097 1221 1153 suh
1235 1114 1290 1154 uno
1304 1101 1406 1156 venire.
1423 1102 1499 1158 Unde
1513 1119 1605 1160 rumor
1619 1121 1672 1177 per
1686 1113 1769 1164 totam
1785 1117 1887 1166 terram
1909 1113 1965 1169 dis·

314 1187 467 1264 pumadiit,
488 1201 569 1259 aquo
589 1185 718 1242 decenter
746 1192 895 1256 susceptus,
923 1183 1052 1240 decenter
1075 1189 1118 1238 est
1171 1203 1266 1259 persus
1285 1196 1325 1243 est
1338 1189 1495 1259 pontificem
1510 1191 1715 1250 cantuariorum
1746 1197 1876 1269 generale
1903 1215 1970 1258 con·

316 1277 524 1354 perplurimum
540 1282 646 1345 tempus
665 1272 699 1328 ab
711 1287 744 1328 co
758 1271 891 1327 detentus.
907 1271 1034 1344 Dieergo
1058 1271 1117 1326 Do·
1171 1275 1416 1348 citiumtpraessnts
1430 1277 1520 1351 legato
1541 1281 1645 1338 domini
1676 1298 1765 1354 papae,
1784 1287 1863 1359 cujus
1886 1305 1969 1361 supra

318 1367 431 1435 minica,
446 1379 507 1436 quaa
519 1359 571 1418 tuit
584 1378 601 1418 v
615 1360 675 1416 Kal.
691 1359 765 1426 Julii,
777 1365 963 1417 convenemnt
977 1361 1117 1414 iumetro-
1172 1365 1354 1437 meminimus)
1372 1366 1580 1434 celebraturum,
1609 1379 1637 1427 et
1662 1386 1733 1428 noua
1759 1375 1883 1445 quasdam
1906 1385 1970 1434 tan-

318 1455 377 1529 P⁰li
391 1453 457 1511 ΜΘ
472 1451 574 1508 Cffflfiffi
588 1449 718 1521 θΡῙθῦθΡῑι
743 1449 865 1518 bbbbbeb
889 1448 988 1520 quique
1014 1446 1119 1503 fl⁰b110³
1173 1463 1254 1526 toque
1267 1457 1413 1513 conventui
1427 1457 1508 1529 digna
1533 1473 1584 1528 pro
1615 1462 1784 1518 correctione
1811 1463 1971 1524 Christiana

319 1553 347 1603 et
369 1539 575 1600 influffifflbffis
599 1553 817 1609 quaqueversum
843 1545 938 1593 ⁰⁰802²
979 1535 1118 1592 hminum
1172 1545 1429 1618 religionisinomni
1445 1546 1794 1620 ordinepromuigatumm.
1823 1552 1919 1626 itaque
1942 1564 1972 1612 ut

319 1631 474 1690 multitudo.
495 1627 673 1700 lifftlusst'tffla
689 1625 763 1698 (ΝΜ
782 1626 870 1682 suerat
897 1623 1118 1697 Ummium·
1173 1649 1221 1688 rex
1230 1633 1347 1703 jusserat
1379 1650 1426 1689 xvr
1453 1634 1514 1689 Kal.
1544 1634 1654 1705 Oetub,
1677 1647 1825 1696 conventus
1850 1642 1970 1699 omnium

317 1721 450 1796 praeiatus
461 1719 604 1774 anselmus
618 1715 732 1788 pallium
751 1715 779 1770 in
793 1729 859 1772 tuse
872 1722 1002 1787 argenteo
1030 1715 1121 1770 hono·
1174 1722 1248 1794 apud
1256 1723 1531 1778 westmonasterium
1539 1722 1567 1778 in
1589 1725 1691 1795 palatio
1715 1729 1790 1799 regis
1806 1727 1894 1786 iaetus
1917 1741 1970 1798 est,

318 1809 506 1876 rifioesflffissfls
520 1805 694 1862 Csssslussfissm
708 1804 794 1870 mih
808 1803 928 1874 stumque
948 1809 990 1858 0⁸¹
1011 1800 1050 1858 iffi
1076 1801 1121 1857 Οὓ-
1175 1820 1202 1868 et
1222 1811 1296 1884 quod
1324 1811 1358 1867 de
1372 1811 1481 1868 concilii
1501 1812 1685 1871 celebratione
1709 1821 1738 1871 et
1762 1815 1972 1875 christianitatis

320 1902 395 1959 viam
413 1911 499 1972 iisque
513 1895 548 1952 ad
564 1898 672 1967 portam
700 1892 826 1958 civitatis,
858 1891 894 1946 ab
914 1899 1028 1961 utroque
1052 1905 1120 1946 con-
1175 1900 1364 1958 emendacione
1390 1915 1484 1955 mmor
1505 1899 1674 1970 dispergam
1700 1900 1769 1958 „thil
1791 1902 1872 1962 fuis„
1914 1922 1975 1978 qu„

320 1997 403 2047 ventu
416 1987 530 2044 duarum
537 1983 728 2050 Baetasiorum,
745 1980 994 2053 archiepiscopatus
1021 1979 1123 2037 scilicet
1176 1990 1343 2048 conhluaerat
1355 1987 1614 2045 multitudotandem
1629 1989 1753 2047 advertit.
1777 1993 1857 2051 Venit
1882 2001 1974 2053 tamen

319 2089 347 2136 et
361 2077 458 2135 vicinas
472 2073 589 2131 abbatiae
603 2071 695 2130 Sancti
723 2069 876 2142 hugtutini,
904 2085 969 2126 cum
997 2067 1124 2126 omnibus
1176 2079 1239 2135 illuc
1253 2076 1501 2148 saepenominatus
1526 2077 1683 2148 anselmus,
1705 2079 1752 2152 qui
1771 2080 1973 2151 palliumcan·

320 2168 366 2240 qui
381 2181 430 2240 pro
457 2165 511 2222 boc
538 2162 597 2236 ipso
616 2159 664 2217 illo
683 2159 882 2216 confluxerant.
912 2159 990 2215 Pater
1008 2159 1122 2232 stipatus
1134 2181 1163 2243 B
1177 2171 1289 2232 tundam
1304 2165 1445 2232 detulerat,
1462 2163 1586 2221 deferens
1599 2166 1741 2238 epistotam
1754 2183 1791 2225 ex
1806 2180 1883 2243 parte
1914 2188 1978 2245 apo-

320 2255 469 2330 episcopis,
485 2261 513 2310 at
525 2251 644 2318 indutos,
658 2257 689 2305 ut
702 2248 759 2318 alii,
772 2247 893 2304 vestibus
919 2247 1012 2318 sacris,
1041 2249 1122 2304 nudis
1177 2259 1266 2318 ,popei
1280 2256 1339 2328 rogi
1353 2262 1380 2311 aa
1394 2252 1531 2326 episeopis
1553 2254 1669 2328 Angliae,
1699 2257 1772 2314 huns
1793 2264 1895 2315 textum
1921 2261 1976 2317 ha.

319 2345 438 2417 pedibus
468 2342 583 2399 devotus
612 2337 740 2395 occurrit.
767 2336 865 2406 sicque
893 2334 1015 2392 delatum
1043 2353 1125 2408 super
1176 2352 1299 2408 pentem,

320 2433 409 2491 maore
423 2429 574 2490 Salvatoris
601 2425 719 2500 pallium
743 2432 793 2493 cst,
822 2432 849 2481 et
876 2424 1036 2496 apoutifioe
1061 2426 1125 2482 inde
1216 2433 1382 2492 «Pusahalis
1399 2433 1556 2504 episcopus,
1572 2445 1667 2490 servus
1679 2449 1819 2492 sersomrn
1842 2437 1901 2508 Dei,
1931 2437 1971 2495 di·

320 2517 573 2594 susoeptum,iacta
588 2517 661 2590 prius
687 2516 810 2572 Romano
838 2513 959 2586 pontiflci
987 2516 1021 2571 de
1039 2513 1125 2571 tideli-
1178 2523 1319 2585 10020fi110
1334 2520 1640 2592 &militumr-egi,
1664 2527 1692 2576 et
1704 2522 1839 2595 episcopi,
1866 2525 1973 2599 pugnet

324 2619 380 2670 tate
390 2619 416 2668 et
426 2608 558 2667 canoniea
571 2604 727 2662 obedientia
740 2601 924 2674 professione.
948 2602 1053 2660 Deinde
1075 2618 1125 2674 pro
1178 2615 1257 2688 mgni
1272 2611 1389 2668 satutem
1402 2618 1431 2667 ei
1443 2609 1622 2681 apostolieum
1635 2608 1865 2669 munerationem,

325 2697 477 2758 reverentia
489 2696 562 2753 beati
576 2692 649 2751 Petri
657 2693 693 2750 ab
707 2691 834 2748 omnibus
849 2691 1030 2760 deosculatur,
1045 2699 1072 2748 et
1085 2691 1125 2746 in·
1216 2698 1503 2772 .Quatiterle0010aia
1517 2696 1566 2754 Dei
1585 2697 1697 2755 tundata
1723 2698 1768 2769 sia,
1799 2722 1810 2752 a
1837 2709 1892 2760 aaa,
1915 2702 1979 2763 νίας

325 2789 409 2845 dutus
433 2802 467 2843 eo
486 2784 607 2857 pontifex
621 2797 743 2838 summus
763 2780 799 2836 ad
825 2779 983 2837 cathedram
1004 2779 1126 2852 patriar·
1179 2793 1213 2849 t„
1227 2789 1360 2848 paschata
1373 2788 1414 2844 11,

323 2878 420 2934 chatns
434 2874 584 2949 buglomm
604 2871 726 2946 gloriose
753 2869 923 2940 perducitur,
953 2876 980 2927 et
996 2867 1126 2927 inthmni-
1215 2880 1272 2936 Rex
1287 2877 1321 2933 ad
1336 2879 1405 2947 huso,
1420 2875 1534 2934 consitio
1552 2890 1614 2932 eum
1634 2874 1772 2949 episcopis
1799 2877 1893 2936 habito
1912 2880 1980 2955 quid

323 2975 410 3022 natur.
424 2967 493 3021 Ante
508 2977 590 3036 quam
600 2960 769 3027 cathedram,
791 2957 870 3017 dictis
890 2957 1072 3026 orationibus,
1101 2965 1128 3014 et
1180 2983 1262 3040 snper
1279 2966 1322 3022 his
1335 2974 1362 3022 et
1388 2964 1551 3036 quibusdam
1579 2963 1641 3021 attia
1671 2980 1736 3039 qua
1766 2966 1888 3023 animum
1902 2985 1981 3026 suum

323 3053 387 3112 aliis
407 3070 467 3126 quae
487 3051 571 3125 ipsius
591 3048 722 3108 Ecclesia
744 3065 823 3106 sacer
836 3065 899 3104 tuus
926 3047 980 3104 dici
1002 3046 1126 3116 instituit,
1180 3058 1329 3132 plurimum
1342 3052 1608 3126 ostendebantpapae
1619 3053 1807 3125 responderet,
1827 3056 1928 3128 placuit
1955 3059 1983 3112 tn

324 3159 391 3200 mox
406 3140 536 3198 Ecclesiae
562 3137 740 3212 vigornensis
760 3136 872 3194 antistes
897 3135 1011 3205 electus,
1035 3136 1127 3192 Theo·
1180 3150 1362 3205 communest
1376 3157 1441 3200 suos
1455 3142 1565 3198 nendos
1589 3142 1718 3209 mitteret,
1746 3159 1797 3216 pur
1824 3159 1892 3215 quas
1919 3161 1982 3219 qum

324 3231 427 3289 btldffl
441 3228 604 3300 ”Omissbei
631 3225 831 3284 ⁰⁰⁰⁵00f⁰¹1d1¹³
859 3233 1049 3298 pimeniam?-
1075 3223 1128 3296 Qui
1179 3230 1391 3293 veilctsecurius
1404 3246 1484 3304 papae
1495 3230 1648 3287 mandaret.
1662 3231 1735 3287 Nam
1759 3239 1821 3289 ante
1844 3235 1895 3290 hos
1921 3234 1982 3292 dias

324 3320 405 3379 abeo
426 3318 597 3379 examinatus
615 3323 643 3373 ct
661 3330 739 3373 more
765 3314 844 3373 solito
872 3314 1030 3372 muouicam
1054 3313 1081 3369 ei
1101 3319 1129 3369 et
1177 3322 1427 3399 quidmnomanae
1440 3319 1573 3377 aeclesia
1582 3319 1728 3377 minati,
1756 3320 1866 3379 funem,
1894 3323 1976 3397 με..

323 3409 525 3467 successoribus
539 3406 596 3465 suis
614 3404 796 3463 obedientiam
827 3402 977 3475 protessus,
1003 3410 1127 3459 sacratus
1179 3413 1253 3469 pone
1266 3408 1424 3483 apostolieae
1437 3408 1519 3477 sedis,
1534 3407 1745 3478 eononomine,
1760 3410 1902 3467 emmim
1929 3428 1981 3469 ve.

325 3508 369 3559 est
382 3496 533 3557 honorifice
546 3495 574 3552 in
588 3493 775 3568 pontificatum
791 3493 826 3549 od
838 3508 919 3565 quem
939 3491 1030 3549 fuerat
1057 3506 1126 3562 prae·
1180 3508 1268 3568 uerat,
1283 3510 1309 3555 et
1320 3496 1369 3565 ibi,
1382 3498 1462 3568 juxta
1476 3511 1533 3552 suae
1549 3494 1692 3567 legationis
1700 3494 1828 3565 officium,
1839 3499 1984 3570 generalia

325 3588 456 3645 titulatus.
472 3584 542 3641 Huic
566 3582 764 3643 consecrationi
790 3580 967 3639 interfuerunt
995 3585 1023 3637 et
1048 3578 1128 3651 adiu·
1181 3586 1298 3645 eoneitia
1320 3586 1471 3650 celebrans,
1515 3584 1661 3656 episcopos
1700 3584 1906 3644 Nortbmanniae
1945 3588 1982 3644 ab

325 3685 401 3733 tores
413 3674 571 3733 exstiterunt
591 3670 711 3745 episcopi
739 3669 786 3743 qui
810 3676 1004 3737 convenerant,
1027 3667 1127 3725 videti·
1180 3674 1330 3748 episcopali
1345 3671 1433 3731 officio
1443 3685 1589 3743 suspensos
1597 3671 1982 3747 excommunicaviheoquod

325 3773 371 3823 eet
382 3762 533 3823 bichardus
546 3760 752 3827 Lundouiensis,
768 3759 905 3833 hogerius
933 3756 1126 3825 Serbericnsis,
1179 3763 1303 3821 aoncilii.
1317 3762 1397 3817 ustio
1411 3759 1502 3819 vassei
1516 3759 1646 3816 tutemus
1668 3760 1802 3817 notuerat,
1822 3761 1890 3830 Qum
1917 3763 1979 3835 epi.

325 3854 475 3911 tlerharuu
501 3849 695 3920 Norwiceusis,
737 3848 898 3919 cadulphus
940 3845 1126 3913 cicestrensis,
1180 3866 1328 3926 ,soporum
1356 3847 1611 3917 excommunicatio,
1640 3846 1761 3905 animum
1788 3850 1862 3923 regis
1900 3851 1984 3909 ratde

325 3945 446 4001 loannes
461 3940 660 4010 bathoniensis,
677 3938 799 3996 Herseus
812 3936 939 3994 tshsnsis.
954 3934 1034 4007 Quod
1049 3935 1128 4006 epis·
1179 3940 1299 3999 asendit
1309 3936 1512 4005 conturbatum,
1528 3943 1556 3994 et
1569 3936 1681 3993 reticius
1710 3951 1770 3994 esse
1797 3937 1876 3994 duait
1898 3954 1983 4013 super

326 4048 414 4105 copus
441 4028 576 4089 Itoffensis
600 4044 633 4085 ea
661 4025 717 4095 die,
754 4026 818 4084 ticet
851 4024 979 4094 adiuerit,
1007 4030 1128 4079 sacratus
1180 4031 1335 4102 hispaparn
1348 4026 1502 4094 conuenire,
1525 4022 1645 4082 maxime
1674 4025 1747 4096 quod
1775 4026 1804 4083 in
1826 4028 1983 4100 huiusmodi

326 4136 382 4177 non
397 4118 456 4188 tut,
472 4119 501 4175 in
515 4133 548 4175 eo
559 4118 700 4184 remansit,
720 4116 826 4173 ratione
857 4114 977 4183 detento,
1010 4128 1072 4183 quse
1098 4111 1126 4167 in
1179 4119 1254 4177 visus
1275 4119 1313 4173 ait
1339 4116 1483 4189 privilegia
1508 4112 1579 4187 patri
1595 4123 1623 4171 et
1640 4113 1716 4171 tratri
1742 4130 1802 4185 suo,
1831 4116 1941 4191 sibique
1966 4133 1984 4175 a

325 4206 518 4278 aliudtempus
532 4204 561 4261 id
583 4201 764 4260 differendum
788 4202 877 4275 magis
900 4200 1031 4274 expedire
1061 4214 1126 4272 per·
1178 4205 1437 4265 Romanenselesia
1448 4204 1508 4276 jem
1521 4204 1588 4261 otim
1597 4202 1706 4273 collam,
1732 4220 1763 4260 aa
1781 4220 1838 4262 non
1865 4221 1981 4279 promo.

326 4296 413 4352 suasit
427 4294 520 4351 animo
534 4294 606 4366 ejus.
1178 4304 1257 4354 rente
1266 4296 1390 4353 scidisse.
1404 4294 1445 4350 td
1469 4294 1531 4349 brec
1550 4292 1643 4365 itaque
1669 4292 1776 4366 agenda
1808 4294 1927 4352 directus
1942 4304 1984 4352 est

362 4384 477 4441 Litteras
493 4397 602 4456 quoque
615 4396 666 4452 per
681 4380 709 4435 id
737 4378 868 4449 temporis
899 4376 1027 4437 dominus
1055 4392 1127 4449 papa
1179 4386 1356 4442 wilihelmus
1370 4382 1482 4439 antistas
1510 4381 1684 4449 Exanisusis,
1712 4396 1792 4453 papea
1813 4382 1982 4451 notissimus,

327 4472 467 4529 Fratribus
480 4469 612 4528 Ecclestae
623 4467 720 4526 Christi
743 4468 945 4525 Chnbuariensic
970 4465 1124 4535 destinavit,
1179 4482 1274 4545 utpote
1288 4473 1333 4545 qui
1343 4488 1417 4543 8me
1431 4470 1467 4526 ad
1479 4484 1541 4527 eum
1556 4478 1678 4542 tempore
1693 4469 1808 4541 gloriosi
1822 4470 1909 4527 Pau-ig
1921 4474 1982 4529 Αῃ.

328 4576 399 4636 quas
411 4560 455 4618 hic
470 4575 573 4632 ponere
582 4574 637 4615 non
649 4556 768 4615 alienum
783 4557 875 4629 putavi
889 4573 906 4613 a
921 4557 1027 4612 ratione
1042 4570 1049 4626 ;
1065 4563 1127 4611 sunt
1179 4562 1269 4629 gelmi,
1285 4576 1335 4633 pro
1358 4560 1476 4633 negotiis
1502 4574 1567 4633 quae
1594 4564 1659 4614 tunc
1683 4558 1854 4633 interreges
1872 4561 1980 4634 angttae

327 4655 420 4708 autam
435 4649 500 4705 hae:
1180 4661 1207 4709 et
1220 4650 1347 4708 eumdem
1366 4650 1473 4705 Patrem
1486 4645 1718 4716 versabantur,ab
1732 4646 1800 4717 ipsis
1821 4646 1909 4705 fuerat
1933 4664 1978 4707 re·

366 4760 377 4787 ι
396 4736 535 4794 Paschalis
549 4735 704 4809 episcopus,
721 4750 815 4793 cervus
829 4748 969 4792 sertorum
979 4733 1039 4805 Dei,
1052 4733 1126 4790 0³¹1·
1179 4740 1264 4815 gibus
1276 4739 1438 4796 destinatus.
1456 4737 1514 4794 Nec
1528 4734 1601 4792 enim
1614 4736 1723 4791 cecitas
1749 4750 1810 4808 quae
1835 4736 1924 4794 visum
1952 4738 1979 4795 ei

326 4825 473 4886 tuarieusis
493 4825 623 4883 Ecclesiae
648 4823 721 4894 filiis,
750 4824 912 4882 salutemet
949 4821 1125 4897 apostolicam
1183 4829 1320 4886 epternach
1336 4826 1502 4884 ideoitinere
1515 4825 1591 4881 ilium
1614 4831 1724 4896 poterat
1750 4840 1891 4896 excusare,
1915 4825 1981 4901 quia

326 4916 560 4974 benedictionem.
1140 4886 1404 4992 Dpraeteritagesta
1421 4914 1481 4986 ejus
1494 4912 1623 4971 fiduciam
1636 4914 1697 4986 regi
1723 4912 1882 4986 praebebant
1904 4914 1982 4973 iilum

367 5030 378 5057 a
395 5004 526 5063 Ecclesia¹
539 5010 636 5061 vestra
651 5002 771 5077 legatos,
790 5010 869 5059 setc.
883 5001 945 5059 t'a'dc
956 5000 1022 5059 thiat.
1179 5021 1231 5080 pro
1249 5020 1339 5078 posse,
1353 5006 1431 5076 juxta
1448 5018 1557 5059 rnorem
1570 5017 1659 5073 suum,
1674 5018 1733 5059 snm
1747 5017 1838 5061 cansa
1864 5002 1981 5063 fideliter

363 5094 431 5151 Post
447 5095 497 5150 bos
509 5092 568 5149 dies
582 5090 739 5164 hadulphus
753 5090 981 5163 archiepiscopus,
1010 5088 1125 5148 consilio
1179 5094 1251 5153 velle
1265 5093 1403 5149 insistere.

327 5190 355 5241 et
365 5182 499 5255 petitione
513 5181 702 5254 episcopomm
717 5180 843 5253 proxime
861 5196 942 5251 supra
970 5179 1125 5237 nominato-
1182 5200 1189 5244 ς
1216 5179 1421 5239 iutereacterici
1430 5177 1630 5237 hieneuweasis
1660 5178 1806 5250 Ecclesiae,
1839 5197 1901 5254 quae
1928 5181 1981 5239 sub

326 5288 400 5340 rum,
416 5270 500 5341 dedit,
516 5268 726 5328 concedentibus
740 5275 768 5324 et
792 5267 1004 5341 appmbaotibus
1028 5284 1127 5325 mona·
1181 5270 1330 5345 patrocinio
1338 5270 1411 5326 beati
1427 5268 1544 5326 Andreas
1556 5276 1585 5325 et
1608 5268 1693 5325 sancti
1721 5269 1807 5326 David
1835 5271 1864 5327 in
1890 5268 1982 5329 Waiis

327 5360 388 5417 chia
403 5358 653 5428 cantuariensibus,
669 5356 917 5415 archidiaconatum
931 5357 1017 5429 ipsius
1030 5357 1127 5414 Eoeie·
1180 5360 1294 5417 tundata
1308 5358 1441 5426 consistit,
1456 5358 1614 5429 episcopum
1629 5358 1680 5414 sibi
1699 5356 1826 5417 defuncto
1853 5360 1981 5435 episcopo

327 5450 388 5518 siae,
401 5448 503 5505 ioanni
515 5446 608 5519 nepoti
625 5462 685 5515 suo,
700 5445 798 5502 clerico
810 5445 936 5505 videlieet
949 5448 1126 5503 bonestorum
1181 5464 1232 5505 suc
1245 5445 1393 5513 Wattrido,
1413 5462 1430 5502 a
1447 5462 1513 5520 repe
1526 5448 1644 5505 Hearico
1658 5448 1981 5519 postulavere,eteleetus

328 5552 435 5595 monam
450 5544 476 5593 et
491 5542 639 5592 mansuetae
653 5534 863 5591 conversationis
877 5536 911 5591 ad
930 5549 1034 5591 omnes.
1061 5532 1128 5604 Quae
1182 5546 1223 5598 est
1234 5536 1262 5594 in
1278 5538 1329 5593 hoc
1342 5552 1411 5608 opus
1421 5535 1575 5593 bernardus
1602 5534 1724 5607 qnidam,
1747 5538 1908 5609 apellanus
1932 5555 1980 5595 re.

326 5625 442 5685 donatio
456 5626 529 5682 tacta
543 5630 586 5681 cst
598 5622 626 5679 in
641 5621 771 5694 capitulo,
788 5630 922 5694 praesente
936 5622 1049 5678 fratrum
1059 5638 1127 5679 con·
1182 5628 1266 5701 gina,
1280 5626 1323 5682 air
1345 5625 1447 5698 probus
1465 5632 1493 5682 et
1518 5623 1664 5681 multorum
1685 5624 1800 5696 judicio,
1828 5626 1981 5683 sacerdotio

330 5723 426 5785 ventu,
441 5713 553 5786 copiosa
566 5711 727 5769 clericomm
742 5726 775 5768 ac
802 5711 935 5769 laicorum
958 5712 1129 5769 multitudine
1183 5716 1291 5789 dignus.
1306 5714 1416 5771 Electus
1429 5720 1470 5770 est
1491 5720 1581 5771 autem
1599 5714 1719 5771 Sabbata
1747 5714 1845 5786 jejunii
1871 5714 1981 5786 septimi

329 5819 383 5877 pro
412 5802 466 5859 hoc
490 5802 550 5875 ipso
577 5800 605 5856 in
623 5799 743 5856 medium
776 5799 904 5867 adducta,
938 5798 1011 5857 facto
1057 5802 1130 5873 prius
1184 5803 1296 5873 mensis,
1311 5801 1448 5861 eteodem
1462 5801 1557 5859 dicad
1572 5801 1789 5874 presbyteratum
1807 5816 1824 5858 a
1845 5801 1984 5858 wentano

330 5906 421 5949 coram
436 5888 563 5948 omnibus
577 5887 613 5946 ab
626 5888 722 5946 ecdem
738 5889 852 5959 ioanne,
872 5888 949 5946 tactis
962 5889 1129 5965 Evangeliis,
1185 5892 1315 5966 episcopo
1328 5891 1489 5950 Wiltbetmo
1504 5890 1575 5963 apud
1586 5890 1793 5947 Suthwercham
1800 5890 1983 5949 consecratus.

332 5988 582 6055 sacramentoque
608 5992 639 6035 se
666 5976 823 6036 hostiarum
846 5978 976 6041 ccclesiae
1003 5978 1055 6059 ipsi
1081 5996 1132 6059 per
1186 5984 1227 6043 De
1238 5982 1415 6062 promotione
1430 5995 1497 6042 aero
1504 5978 1691 6060 pontificatus,
1706 5993 1788 6057 quon
1802 5977 1985 6039 moxiucra·
