4750 6725
431 598 485 654 927
978 589 1007 646 S.
1027 588 1187 646 trunonis
1205 588 1347 649 noeriis
1374 591 1534 656 cluniac.
2033 596 2083 649 918

428 718 578 789 refectorii,
593 720 636 775 ael
652 735 668 774 a
682 718 794 774 custode
817 714 997 783 intirmorum,
1013 730 1107 771 eorum
1126 730 1226 769 nume·
1240 716 1268 777 A
1283 714 1356 773 dicto
1371 731 1488 788 vespera
1501 717 1594 773 omnia
1617 719 1699 791 signa
1722 720 1865 791 pulsentur
1885 736 1935 791 pro
1951 719 2082 791 vesperis,

431 824 493 865 rum
516 810 612 864 discut.
638 808 673 862 Et
687 815 716 861 ut
729 815 783 861 tam
797 804 864 862 boni
878 804 970 876 operis
982 803 1125 876 premium
1140 818 1157 857 a
1172 804 1230 860 Do·
1281 820 1314 860 ac
1327 813 1389 875 post
1403 820 1508 861 omnam
1524 820 1574 877 pro
1587 806 1694 878 (officio,
1711 816 1738 864 et
1759 809 1787 863 in
1808 808 1931 881 sequenti
1960 809 2006 866 die
2033 826 2084 879 pra

429 897 505 953 mino
533 903 755 966 consequeretur,
773 895 912 951 decretum
932 899 976 948 est
997 899 1027 947 ut
1040 892 1103 963 ipso
1127 891 1173 948 ‹lie
1196 892 1230 947 ad
1282 892 1366 949 missa
1380 892 1408 949 in
1431 908 1483 964 qua
1498 901 1607 963 tractus,
1623 896 1663 951 De
1680 896 1842 969 profundis,
1862 896 2003 953 aduobus
2015 914 2084 953 can-

431 986 561 1055 mnjorcm
588 984 709 1053 missam,
737 990 800 1055 post
827 982 945 1055 primam
972 980 1113 1037 collectam
1141 980 1232 1037 missar
1283 981 1388 1037 toribus
1412 990 1532 1051 canatur,
1549 984 1691 1055 cunctique
1719 987 1875 1041 sacerdotes
1902 986 1947 1055 qui
1969 986 2016 1041 illo
2041 985 2084 1041 die

431 1071 583 1140 familiaris,
597 1073 776 1145 amnipotens
788 1072 961 1145 sempiterne
970 1072 1055 1139 Dens,
1070 1085 1119 1140 pro
1133 1084 1167 1126 00
1180 1068 1232 1124 sub
1282 1070 1450 1126 cantaverint
1463 1071 1965 1145 110001ιῶ0οε001000100011000,
1979 1074 2082 1145 specia-

429 1161 539 1217 silantio
570 1160 679 1215 dicatur
710 1175 728 1217 a
754 1161 904 1216 sacerdote.
934 1158 1020 1229 Hujus
1043 1158 1133 1229 itaque
1160 1173 1232 1229 prae·
1282 1159 1345 1214 liter
1360 1174 1412 1229 pro
1436 1158 1490 1214 illis
1512 1168 1630 1229 cantent,
1646 1171 1672 1217 01
1695 1162 1750 1217 allii
1774 1162 1895 1233 psalmos
1917 1170 2032 1234 septem,
2052 1178 2084 1218 ac

428 1249 501 1321 cepti
515 1248 719 1305 roboratoribus
733 1256 815 1321 atque
829 1246 1048 1304 observatoribus
1061 1261 1129 1317 pax,
1146 1245 1230 1314 salus,
1282 1247 1426 1303 duodecim
1449 1264 1583 1319 pauperes
1612 1249 1775 1317 reficiantur,
1790 1255 1818 1307 et
1833 1250 1965 1321 quidquid
1988 1252 2083 1307 eadem

431 1347 461 1395 et
474 1337 560 1411 gratia
573 1355 590 1393 a
604 1339 661 1394 Deo
677 1338 767 1406 Patre,
783 1345 811 1392 01
833 1338 897 1393 1010
917 1336 1023 1391 Christo
1037 1335 1106 1390 Filio
1119 1335 1190 1406 eius,
1206 1342 1233 1391 et
1281 1335 1327 1393 die
1339 1336 1374 1392 de
1388 1337 1536 1393 relectione
1550 1341 1723 1409 remanserit,
1747 1341 1927 1413 elcemosynae
1941 1340 2082 1406 tribuatur,
2164 1366 2165 1415 ;

432 1426 534 1499 Spiritu
559 1435 654 1483 sancto
683 1426 830 1498 paracleto.
855 1424 1091 1494 contemptoribus
1111 1438 1178 1479 raro
1202 1438 1234 1480 ac
1281 1424 1335 1481 Sed
1350 1433 1376 1481 01
1390 1440 1440 1496 per
1458 1427 1549 1483 omnia
1567 1428 1628 1483 loca
1642 1427 1707 1484 huic
1722 1428 1781 1485 laco
1796 1429 1929 1500 subjecta,
1945 1432 1998 1485 hoc
2011 1428 2083 1485 idem

432 1514 625 1584 violatoribus,
639 1514 668 1569 ni
681 1516 736 1571 cito
749 1514 934 1585 poenituerint,
949 1512 989 1568 im
1002 1512 1125 1583 ejusdem
1139 1512 1231 1568 omni·
1281 1514 1328 1586 egi
1342 1529 1392 1584 pro
1407 1514 1540 1586 cujusque
1563 1516 1615 1572 loci
1636 1517 1782 1573 cemeterii
1802 1517 1937 1573 defunctis
1951 1518 2084 1573 munitum
2164 1590 2165 1593 Ἴ

430 1604 551 1675 potentis
573 1611 602 1659 ct
623 1603 715 1659 aeterni
730 1602 843 1670 iudicis,
858 1600 931 1675 ignis
944 1600 1024 1657 etiarn
1044 1600 1232 1673 inexstingui·
1282 1610 1332 1672 est,
1347 1602 1472 1659 videlicet
1486 1610 1517 1659 nt
1531 1604 1558 1659 in
1573 1605 1755 1674 monasteriis,
1771 1605 1816 1661 ubi
1831 1606 2011 1679 congregatio
2023 1606 2081 1660 ira-
2164 1620 2165 1677 3

429 1690 494 1747 bilis
506 1699 608 1748 aeterna
620 1691 774 1748 damnatio.
783 1692 929 1748 Decretum
939 1697 981 1745 est
994 1690 1076 1745 etiem
1088 1691 1123 1744 ab
1133 1689 1231 1745 eodem
1282 1698 1351 1746 trum
1367 1699 1417 1757 est,
1433 1706 1483 1748 nec
1499 1693 1588 1747 minus
1612 1695 1665 1751 boc
1688 1693 1857 1765 perficiatur.
1874 1694 1929 1750 Sed
1952 1694 1981 1749 in
2008 1694 2085 1749 cellis
2164 1678 2165 1687 ¹

429 1780 512 1836 Patre
525 1796 586 1836 cum
601 1796 734 1836 consensu
750 1780 874 1845 lratmm,
890 1778 1020 1853 generale
1039 1776 1158 1834 officium
1172 1776 1232 1833 fleri
1281 1779 1327 1834 ubi
1342 1794 1398 1835 non
1417 1779 1480 1851 plus
1502 1798 1584 1853 quam
1601 1781 1720 1853 quinque
1733 1789 1780 1839 aut
1794 1790 1848 1839 tres
1868 1790 2082 1847 commorantur,

429 1865 546 1940 singulis
559 1867 652 1936 annis,
668 1868 735 1923 teria
748 1886 765 1923 a
779 1874 966 1939 postoctarns
980 1868 1163 1934 Pentecosten
1180 1882 1231 1938 pro
1282 1867 1306 1923 si
1335 1875 1374 1924 101
1395 1884 1527 1940 pauperes
1542 1869 1654 1927 relicere
1669 1878 1818 1943 nequeunt,
1833 1870 1932 1927 saltem
1954 1869 2000 1927 vel
2020 1880 2085 1944 quot

426 1955 534 2011 0000110
552 1956 579 2010 10
608 1956 766 2012 cmmetmio
790 1956 869 2025 hujus
892 1955 944 2011 loci
963 1952 1176 2026 quiescentibus,
1193 1954 1231 2010 ita
1244 1981 1271 2045 B
1282 1964 1345 2013 sunt
1365 1954 1470 2024 iratres,
1487 1964 1526 2015 tot
1540 1966 1697 2031 pascantur.

427 2050 457 2101 01
483 2043 556 2100 sicut
577 2043 605 2098 iu
631 2044 778 2101 festivitate
801 2044 930 2101 Omnium
944 2044 1105 2101 Sanctomm
1129 2043 1229 2116 egitur,

434 2193 1282 2211 ——....-.....-......

428 2224 1275 2255 ,,.,......-...-..-.,.......-...-...-.-

683 2356 957 2461 8ΑΝ111Ἷ
1023 2354 1356 2459 HUGONIS
1412 2358 1820 2467 EPISTOLAE.

677 2626 844 2683 tersione
862 2626 979 2683 Parma.

553 2731 591 2773 an
610 2730 778 2773 mutamus
801 2728 980 2772 1100100011
999 2730 1105 2772 nanas.

431 2806 499 2885 ¹ltsqi
520 2804 707 2879 supplicando
723 2805 874 2889 petctttittt
884 2804 980 2861 seead
993 2820 1058 2861 enm
1069 2803 1231 2889 monocbos,

465 2877 516 2933 rab
527 2892 628 2932 onnus
637 2890 690 2949 pro
705 2874 819 2947 ringeln
835 2880 954 2932 centnm
964 2880 1079 2948 arpenta
1094 2876 1233 2931 labrarum

465 2948 611 3021 pensione,
623 2947 764 3014 mitteret,
776 2946 926 3018 respondet
935 2946 1103 3018 petitionem
1110 2946 1183 3016 eins,
1198 2950 1233 3001 nt

1572 2634 1742 2693 uetsrott
1761 2636 1798 2693 11.

1475 2764 1513 2805 ΔΙ)
1532 2764 1732 2807 uotsrtcttttssss
1751 2766 1889 2809 sannam.

1584 2850 1673 2918 (anno
1689 2850 1781 2921 rorat

1442 2952 1554 3027 [llabill.
1568 2954 1789 3013 rinnatllened.
1802 2956 1833 3024 t,
1850 2956 1930 3031 1311

459 3018 589 3075 sennem
602 3021 631 3073 et
644 3015 730 3089 qatcst‘
740 3017 947 3085 simoniacam,
967 3017 1083 3073 omnino
1096 3017 1232 3089 rejicien-

468 3089 548 3144 dam·
1318 3058 1489 3116 Dulcissimis
1502 3070 1528 3118 et
1542 3061 1736 3118 amantissimis
1752 3063 1880 3119 iratribus
1894 3080 1926 3121 ac
1941 3063 2019 3132 tiliis,
2037 3064 2089 3120 snb

734 3157 826 3226 (Anno
840 3157 932 3227 tora.)
1283 3148 1434 3218 patrocinio
1446 3150 1588 3207 beatorum
1605 3152 1790 3222 apostolorum
1802 3153 1871 3209 Petri
1883 3162 1910 3209 et
1919 3153 1997 3209 Pauli
2013 3152 2090 3225 apud

568 3244 752 3318 [bibliotheca
768 3244 974 3311 cluniacensis,
985 3264 1014 3318 p.
1027 3246 1102 3319 1511
1285 3236 1700 3311 11010ἰο00ιο(100001111011001
1713 3239 1852 3297 11001000
1860 3240 1963 3311 abbati,
1973 3241 2089 3297 salutern

471 3331 566 3391 Petilio
594 3342 693 3403 restra,
723 3332 833 3390 domine
860 3348 917 3401 rex,
939 3333 1080 3391 descendit
1107 3350 1139 3390 ex
1164 3334 1235 3392 hana
1285 3324 1436 3381 animarum
1451 3334 1478 3382 et
1498 3342 1642 3400 corporum
1667 3337 1693 3384 01
1712 3336 1841 3386 aeternam
1857 3327 2089 3388 benedictionem.

433 3423 582 3493 uoluntate,
594 3421 639 3494 qui
651 3421 731 3480 vultis
745 3429 854 3494 gentem
870 3421 949 3479 vobis
962 3438 979 3478 a
990 3425 1047 3480 Deo
1058 3423 1185 3480 traditam
1200 3424 1235 3479 ad
1322 3416 1467 3487 1101111115,
1478 3415 1525 3471 filii
1541 3417 1701 3484 charissimi·
1717 3417 1895 3490 1111111103
1918 3433 2031 3492 semper
2045 3419 2089 3472 di·

435 3513 551 3568 salutem
578 3527 656 3568 suam
682 3511 820 3567 ordinare.
843 3511 943 3566 Verum
966 3511 1037 3569 sicut
1059 3513 1174 3583 dignum
1197 3520 1237 3568 est
1286 3501 1801 3578 1111111115.(111011150111111101011
1825 3507 1914 3564 lotum
1938 3507 2017 3562 illum
2031 3525 2090 3578 prae

435 3608 532 3657 vestre
547 3599 680 3665 maiestati
704 3599 775 3670 quod
803 3599 915 3670 poscitis
934 3600 972 3656 ita
996 3601 1069 3673 quod
1084 3600 1235 3674 injungitis,
1287 3593 1415 3648 omnibus
1441 3595 1661 3666 congregationis
1683 3603 1782 3652 nostrin
1811 3595 1877 3651 locis
1901 3595 2049 3652 babuimus
2066 3603 2092 3651 et

437 3687 615 3760 incongruam
635 3695 680 3743 est
693 3696 795 3744 nostrae
804 3687 894 3754 saluti,
907 3695 936 3741 ut
950 3687 1055 3743 animas
1069 3705 1136 3760 quas
1149 3689 1177 3744 in
1193 3703 1237 3760 pe-
1288 3681 1493 3738 bonoravimns.
1510 3683 1566 3740 1100
1578 3697 1696 3756 numque
1710 3683 1885 3755 priuilegium
1896 3683 1977 3741 robis
1986 3693 2015 3739 et
2032 3685 2092 3741 loro

434 3776 523 3834 riculo
542 3776 642 3833 animm
657 3776 1238 3849 01000110101011000011001111
1288 3778 1382 3826 restro
1409 3786 1518 3841 semper
1552 3771 1683 3827 cessimus
1724 3779 1752 3828 et
1778 3772 1964 3840 concedimus,
2000 3783 2030 3828 ut
2068 3774 2094 3828 in

436 3865 535 3920 terreni
553 3863 723 3920 mercimonii
746 3863 904 3935 eupiditate,
927 3872 954 3920 et
976 3865 1082 3920 mittam
1097 3865 1125 3919 in
1139 3865 1237 3936 perdi-
1253 3874 1384 3938 cantore
1412 3867 1438 3914 01
1468 3860 1571 3916 honore
1602 3868 1682 3930 atque
1713 3861 1847 3916 memoria
1873 3861 2096 3934 congregationis

436 3953 547 4021 tionem,
562 3960 609 4008 ant
630 3951 789 4024 generalem
808 3960 857 4008 aut
870 3952 1026 4024 specialem,
1042 3953 1170 4009 videlicet
1188 3952 1236 4008 ubi
1293 3954 1391 4002 nostrae
1406 3946 1540 4018 speciales
1554 3948 1621 4004 sitis.
1635 3949 1723 4018 Unde,
1741 3947 1799 4016 lilii,
1814 3965 1955 4022 rogamus,
1966 3957 1995 4005 01
2010 3951 2096 4006 nostri
2164 3941 2165 3946 ’

436 4046 484 4096 101
498 4046 656 4106 ornassent
670 4038 754 4110 aliqui
766 4055 860 4095 eorum
874 4049 996 4110 pereant,
1013 4050 1038 4096 et
1052 4057 1106 4117 ego
1120 4057 1171 4112 pro
1183 4041 1239 4096 illis
1293 4051 1440 4105 memores,
1457 4037 1601 4094 Dominum
1622 4039 1806 4110 superomnia
1821 4037 1954 4110 diligetis,
1966 4038 2095 4104 timeatis.
2164 4033 2165 4042 ¹

437 4127 572 4182 rationem
585 4127 643 4182 Deo
654 4126 778 4194 reddam,
791 4127 865 4196 apud
880 4144 960 4198 quem
972 4127 1038 4183 nihil
1049 4129 1238 4196 valetaurum,
1293 4125 1443 4192 honoretis,
1460 4125 1539 4198 eique
1553 4127 1655 4200 gratias
1669 4143 1750 4198 super
1763 4125 1905 4184 beneficiis
1924 4127 1981 4182 suis
1997 4129 2096 4200 agatis

438 4215 559 4286 nibilque
582 4213 696 4286 prodest
717 4223 872 4288 argentum,
887 4224 932 4272 aut
955 4227 1145 4288 argumentum
1161 4232 1240 4275 vsnae
1294 4213 1367 4269 Licet
1390 4213 1461 4270 enim
1486 4213 1566 4270 uobis
1589 4217 1685 4287 plures
1706 4217 1912 4286 supervenerint
1932 4217 2098 4282 anxietates,

438 4303 783 4372 excusationis.Quomodo
798 4305 975 4378 ergosnciam
986 4321 1036 4376 pro
1047 4305 1105 4360 0110
1118 4323 1239 4374 munero,
1294 4301 1354 4372 ejus
1369 4311 1457 4358 tamen
1486 4303 1670 4360 misericordia
1687 4319 1741 4359 non
1762 4303 1848 4360 deluit
1868 4303 1957 4371 nobis,
1974 4305 2003 4360 in
2019 4305 2101 4360 bonis

439 4391 549 4465 quodsi
565 4393 683 4448 lacerem
700 4409 750 4465 pro
765 4402 820 4450 toto
836 4394 947 4463 mundo,
964 4394 1029 4448 milri
1045 4411 1142 4465 pamnr
1157 4405 1240 4465 esset,
1296 4395 1471 4465 augmentum
1487 4400 1627 4462 praestans,
1647 4400 1673 4448 01
1687 4392 1715 4448 11
1731 4392 1936 4448 necessitatibus
1951 4392 2095 4449 solatium.

439 4498 501 4539 cum
524 4497 574 4553 pro
599 4497 654 4538 uno
682 4498 717 4537 ex
741 4483 780 4538 eis
798 4482 907 4553 perdito
921 4481 1062 4553 perirem?
1082 4483 1152 4552 Quid
1167 4484 1240 4539 eninr

438 4569 546 4644 proficit
572 4569 676 4626 bomini
703 4570 724 4625 si
754 4569 907 4626 uniuersum
945 4571 1074 4626 mundum
1108 4573 1241 4642 lucretur,

438 4659 570 4730 seipsum⁴
583 4666 673 4714 autem
700 4659 805 4729 perdat,
822 4667 850 4714 01
872 4659 1062 4715 detrimentum
1078 4659 1119 4714 sni
1135 4659 1242 4716 1101011

438 4748 534 4820 lgitur,
549 4745 709 4804 charissime
724 4746 844 4813 domine,
860 4750 910 4802 boc
925 4747 1010 4803 nolite
1023 4765 1040 4803 a
1061 4764 1106 4804 nte
1119 4763 1242 4819 quaerere

1298 4479 1410 4543 idcirco.
1427 4479 1588 4548 charissimi,
1604 4479 1691 4552 ipsum
1704 4481 1731 4536 in
1751 4480 1878 4536 omnibns
1893 4488 1919 4536 et
1937 4496 2023 4552 super
2036 4497 2100 4538 nm·

1296 4569 1339 4623 nia
1362 4585 1419 4639 prae
1443 4567 1529 4624 oculis
1553 4569 1694 4632 habetote;
1721 4569 1839 4626 dominis
1861 4569 1960 4624 nostris
1984 4571 2101 4626 summis
2164 4569 2165 4580 ¹

1297 4655 1427 4726 apostolis
1453 4657 1555 4712 servire
1578 4673 1633 4713 non
1655 4665 1776 4724 cessate;
1801 4657 1924 4714 ordinem
1939 4667 2061 4714 rastmm
2077 4667 2102 4714 et

1297 4761 1402 4800 sacram
1431 4745 1603 4816 religionem,
1619 4752 1795 4818 sanctamque
1822 4745 2009 4801 obedientiam
2038 4763 2102 4803 cunr

439 4835 512 4906 quod
526 4833 616 4891 lacere
638 4834 688 4892 nisi
712 4850 774 4890 cum
797 4835 952 4905 perditione
975 4850 1037 4890 mea
1052 4852 1106 4891 non
1120 4853 1242 4920 possum,
1298 4849 1404 4889 summa
1417 4833 1561 4906 diligentia
1575 4835 1722 4891 custodite.
1743 4836 1857 4890 Pansate
1871 4849 1951 4904 quant
1974 4834 2043 4890 nihil
2070 4836 2106 4891 sit

439 4925 503 4997 qnia
531 4923 606 4979 nullo
633 4920 722 4993 pretio
743 4922 808 4979 solo
830 4923 949 4979 animam
969 4938 1059 4978 meam
1074 4924 1242 4992 venundare,
1298 4921 1428 4995 quidquid
1448 4922 1476 4977 in
1499 4923 1601 4980 mundo
1626 4923 1748 4978 cernitis.
1766 4923 1888 4994 Cogitate
1912 4939 1973 4978 cum
2000 4933 2105 4994 quanta

440 5028 522 5086 quant
533 5011 658 5082 proiecto
672 5011 796 5067 venalem
812 5011 916 5080 darem,
934 5011 955 5065 si
970 5027 1052 5066 unum
1067 5027 1103 5067 ex
1118 5011 1246 5068 iratribus
1298 5010 1395 5066 sudore
1411 5011 1598 5078 laborandum,
1627 5019 1656 5065 ut
1682 5011 1767 5082 possit
1788 5011 1856 5066 illud
1877 5011 1956 5067 evadi
1978 5011 2106 5068 terribile

440 5099 508 5154 milri
519 5098 671 5155 commissis
686 5099 821 5154 mitterem
836 5098 883 5154 ubi
897 5097 973 5154 illum
989 5099 1150 5170 perderem:
1167 5108 1194 5156 01
1208 5099 1245 5155 li·
1295 5099 1439 5170 judicium,
1456 5107 1483 5156 et
1497 5099 1631 5172 perveniri
1650 5100 1685 5156 ad
1705 5099 1834 5172 gaudium
1858 5115 1979 5172 nuquam
2001 5099 2107 5157 finien-

440 5187 548 5243 bentius
567 5203 619 5259 ego
641 5188 789 5257 pecuniam
804 5188 897 5243 darem
912 5202 963 5260 pro
976 5187 1167 5259 comparandis
1181 5204 1245 5244 mo·
1301 5187 1376 5244 dum.
1393 5188 1529 5244 Dominus
1543 5189 1637 5254 abbas,
1652 5205 1733 5261 quem
1757 5189 1834 5244 vobis
1857 5188 2047 5258 praefecimus,
2065 5189 2108 5243 rir

441 5275 538 5331 nacbis
553 5276 650 5345 quibus
663 5276 745 5330 valde
759 5276 881 5349 indigeo,
897 5291 946 5348 per
959 5276 1069 5332 diversa
1088 5277 1149 5332 loca
1171 5292 1247 5332 anre
1302 5276 1382 5332 bone
1408 5277 1563 5332 intentionis
1587 5281 1613 5332 et
1633 5277 1787 5349 religiosus,
1813 5277 1892 5332 nobis
1915 5284 1943 5332 et
1970 5276 2108 5332 iratribus
2164 5341 2165 5344 Ἴ

443 5362 607 5431 ordinanda,
623 5377 703 5435 quam
728 5379 777 5435 pro
802 5379 894 5420 eorum
909 5364 1066 5420 venditione
1077 5364 1243 5436 acciperem.
1301 5363 1400 5420 nostris
1423 5381 1476 5421 non
1493 5379 1591 5438 parum
1607 5367 1714 5432 cbams,
1730 5365 1796 5421 satis
1811 5381 1841 5422 se
1854 5363 1948 5421 laudat
1962 5364 1998 5421 dc
2013 5365 2105 5420 robis.
2164 5365 2165 5386 .

444 5448 525 5532 Quod
540 5450 612 5506 euim
633 5451 781 5523 capitulum
795 5461 918 5508 nostrum
934 5452 962 5508 in
984 5453 1110 5524 partibus
1132 5453 1187 5508 illis
1210 5455 1245 5510 ti·
1302 5454 1380 5512 Unde
1394 5453 1556 5527 gaudemus,
1572 5461 1599 5510 et
1619 5462 1648 5510 ut
1666 5453 1756 5528 magis
1770 5453 1913 5528 magisque
1930 5451 2022 5524 ipsum
2040 5453 2110 5510 diti-

443 5547 559 5604 merent,
572 5539 620 5594 ubi
633 5539 739 5595 nullum
759 5539 884 5596 riderent
905 5549 1026 5597 nostrum
1045 5542 1249 5608 monasterium,
1304 5543 1383 5616 gatis,
1400 5543 1541 5599 honoretis
1555 5539 1635 5615 eique
1649 5544 1748 5602 devote
1769 5542 1914 5611 obediatis,
1930 5551 2024 5614 utpote
2050 5551 2110 5598 tam

443 5629 479 5685 ad
502 5627 580 5698 cujus
602 5635 709 5700 portum
733 5626 872 5698 applicare
886 5629 1009 5686 valerent
1032 5629 1076 5686 rel
1094 5631 1247 5704 mostringi
1302 5632 1424 5704 glorioso
1438 5631 1508 5700 viro,
1525 5625 1650 5688 volumu‘s
1670 5640 1697 5688 et
1717 5633 1907 5688 admonemus.
1933 5631 1975 5686 Da
2003 5639 2111 5687 caetero

442 5717 577 5794 possenti
597 5714 677 5774 atiud
703 5714 795 5788 itaque
812 5717 918 5787 jubete,
933 5726 960 5773 et
974 5718 1106 5791 sustinete
1130 5720 1182 5776 boc
1197 5737 1247 5793 pa-
1303 5721 1526 5777 cnmmendamus
1541 5737 1589 5778 vos
1603 5719 1781 5793 omnipotenti
1796 5721 1864 5790 Deo,
1882 5719 1926 5792 qui
1948 5735 1997 5775 ros
2021 5719 2111 5776 bene

448 5808 558 5875 tienter,
573 5805 597 5860 si
611 5821 666 5860 non
688 5811 777 5876 potest
799 5804 857 5862 lieri
881 5823 943 5861 cum
964 5806 1051 5866 saluto
1071 5808 1152 5865 amici
1165 5805 1249 5866 vestri
1303 5809 1385 5878 dicat,
1400 5817 1427 5866 01
1439 5809 1562 5880 adjuvet,
1574 5818 1602 5867 ct
1614 5815 1748 5884 protegat,
1759 5817 1786 5866 01
1798 5807 1834 5864 ab
1848 5807 1973 5866 omuibus
1983 5809 2114 5878 peccatis

447 5895 520 5964 quod
533 5893 650 5965 petistis.
667 5893 771 5950 Vatete.
1303 5897 1437 5968 absoluat,
1453 5897 1584 5973 vobisque
1599 5897 1802 5973 perseverantia
1815 5905 1843 5956 01
1861 5896 1890 5956 10
1916 5904 2009 5954 naen
2039 5897 2112 5956 reli·
