4750 6725
424 544 476 601 983
621 546 650 604 S.
669 542 769 602 HUGO
788 542 902 599 ABBAS
918 542 1080 599 cluniac.
1097 574 1132 585 —-
1148 542 1290 599 bithus.
1312 542 1546 605 DONATIONES
1561 549 1625 607 1³1AE
1640 550 1709 609 PRO
1724 550 1883 609 murtiae.
2034 552 2089 607 stt

423 668 525 726 babeat
539 678 566 726 et
580 677 668 727 teneat
682 668 757 725 illum
776 682 837 723 cum
851 666 942 737 priore
957 682 1005 723 suo
1017 668 1225 741 suprascriptus
1238 667 1267 729 Α
1281 684 1370 725 meam
1384 670 1500 729 decimae
1513 672 1548 729 da
1563 681 1634 729 terra
1647 674 1769 744 Cetonis,
1784 682 1810 729 et
1825 675 1859 729 de
1872 674 2003 730 omnibns
2031 690 2089 729 ne·

422 758 511 814 abbas
524 759 716 824 cluniacensis,
741 773 773 812 ac
784 771 957 811 successores
973 757 1033 827 ojus
1048 772 1098 828 per
1113 772 1224 813 uranum
1279 760 1402 817 moribus
1417 762 1488 819 meis
1501 762 1525 819 si
1540 778 1644 819 messes
1656 763 1684 819 iu
1698 764 1828 821 eisfactae
1842 762 1957 819 luerint.
1977 762 2008 820 Si
2039 761 2088 833 qui

423 846 555 919 episcopi,
570 856 596 903 et
610 846 803 903 canonicorum
818 845 906 917 ipsius
921 845 1005 915 sedis,
1021 847 1142 917 exceptis
1170 845 1228 901 illis
1282 865 1347 906 vero
1362 850 1395 905 de
1410 851 1492 907 teudo
1502 867 1565 908 meo
1574 852 1728 921 habuerint,
1739 861 1766 909 et
1782 852 1847 908 inde
1857 852 1925 908 dare
1935 868 1984 908 seu
1998 852 2087 907 etiam

425 952 485 1008 quae
500 936 623 1007 superius
637 933 795 990 nominatim
814 948 945 1003 expressa
959 942 1064 989 retenta
1091 942 1162 1003 sunt,
1192 934 1227 990 ad
1281 939 1409 1009 rendere,
1430 940 1474 995 vel
1494 940 1522 996 iu
1548 941 1735 998 uadimonium
1753 940 1890 998 voluerint
1906 941 2014 997 mittere
2049 938 2088 995 li-

425 1040 494 1096 opus
509 1023 630 1093 episcopi
642 1031 669 1079 et
684 1023 878 1079 canonicorum
906 1022 1030 1093 ejusdem
1057 1023 1139 1093 sedis,
1151 1023 1228 1079 salta
1280 1027 1438 1086 beutissime
1452 1032 1584 1100 concedo,
1600 1047 1633 1087 ea
1647 1031 1752 1088 scilicet
1777 1031 1892 1100 radone,
1919 1037 1950 1087 ut
1977 1029 2087 1085 nullam

425 1112 587 1169 auctoritato
601 1112 738 1183 ipsorum.
1280 1117 1454 1177 donationem
1471 1120 1513 1176 vel
1527 1120 1710 1177 vendidonem
1725 1120 1761 1177 ad
1775 1120 1858 1176 elium
1872 1118 1964 1176 locum
1977 1116 2086 1190 possint

461 1209 519 1266 lloc
534 1217 619 1263 totum
644 1210 744 1265 lactum
768 1216 808 1265 est
836 1210 863 1265 in
877 1210 1153 1281 praesentiallunaldi
1177 1227 1225 1267 su·
1281 1206 1373 1264 iacere
1390 1209 1440 1264 nisi
1455 1208 1600 1265 monacbis
1627 1208 1659 1265 S.
1687 1208 1762 1265 Petri
1789 1207 1955 1265 cluniensis.
1984 1205 2085 1261 Adbuc

429 1297 574 1368 prescripti
603 1297 721 1367 abbatis,
751 1302 778 1353 et
797 1298 914 1354 Arnaldi
929 1299 1036 1355 abbatis
1061 1301 1145 1356 sancti
1167 1302 1227 1357 Au·
1281 1296 1446 1354 etiamaddo
1461 1306 1564 1353 tantum
1578 1298 1613 1353 de
1639 1298 1724 1369 pratis
1739 1296 1805 1353 meis
1829 1297 1951 1354 ecclesie
1978 1309 2083 1365 snpra·

428 1385 517 1451 dardi,
534 1394 561 1441 et
575 1386 645 1441 Petri
659 1385 759 1456 prioris
774 1386 867 1442 Sancti
882 1386 1021 1459 Stephani,
1037 1396 1064 1443 et
1092 1389 1230 1445 {inmundi
1280 1385 1361 1443 dictae
1375 1383 1466 1443 Sancti
1479 1386 1561 1454 Petri,
1576 1395 1706 1458 qnantum
1733 1385 1857 1443 sufficere
1880 1385 1971 1456 possit
1993 1382 2084 1439 herba

426 1474 538 1544 ejudem
555 1472 609 1531 loci
625 1476 758 1543 canonici,
775 1483 801 1531 et
828 1476 901 1531 Petri
929 1476 1076 1544 Benedicti,
1105 1484 1130 1533 et
1158 1478 1228 1533 Ber·
1280 1476 1432 1533 nuiaratro
1446 1492 1496 1548 per
1509 1480 1595 1532 totum
1609 1490 1720 1531 anuum.
1735 1475 1817 1531 Facio
1830 1476 1883 1531 hoc
1895 1473 2000 1530 donum
2027 1487 2084 1543 pro

426 1563 505 1619 nardi
526 1563 675 1631 Benedicti,
696 1572 722 1619 et
745 1564 832 1619 Pontii
866 1564 994 1621 Bernardi
1026 1568 1060 1623 de
1094 1568 1228 1640 Larnuro,
1279 1565 1469 1637 redemptione
1483 1566 1583 1622 animae
1597 1581 1666 1621 meae
1683 1564 1811 1635 etpetris
1837 1563 1902 1633 mei,
1926 1569 1952 1619 et
1974 1560 2082 1629 matris,
2155 1603 2156 1612 ,

423 1658 450 1708 et
465 1652 551 1709 lsorni
564 1652 646 1709 Revel
661 1660 688 1709 ct
702 1652 789 1708 Pontii
807 1653 933 1709 Ebrerdi.
1280 1658 1363 1723 atque
1388 1666 1439 1721 pro
1472 1650 1602 1707 omnibus
1626 1650 1786 1721 parentibus
1819 1648 1900 1717 meis,
1928 1656 1984 1702 tam
2010 1646 2084 1701 rivis

767 1778 880 1833 xxm
1281 1756 1363 1809 quam
1378 1749 1405 1796 et
1418 1739 1563 1805 defunctis.
1574 1747 1604 1795 ut
1612 1738 1755 1807 Dominus,
1771 1736 2004 1793 intercedentibus
2017 1749 2082 1789 om·

427 1874 533 1930 Charin
548 1874 711 1931 donationis
721 1874 859 1931 Ecclesiae
869 1877 963 1932 siracti
975 1880 1053 1934 Petri
1065 1877 1228 1935 detonantia
1281 1828 1360 1885 mbus
1373 1838 1485 1896 mms’
1513 1847 1543 1883 ¹¹¹
1564 1837 1694 1900 p¹ae⁸⁸⁰¹¹
1722 1826 1822 1885 ⁵³⁰¹¹¹⁰
1836 1834 1863 1882 ²²
1885 1843 1915 1881 ¹¹¹
1925 1825 2018 1880 summ
2032 1840 2084 1879 'm'

659 1946 841 2003 fflumacmsi
855 1948 987 2005 coenohio.
1083 1958 1086 1963 .
1280 1926 1404 1974 screator
1417 1918 1543 1974 omnibus
1554 1916 1643 1974 nobis.
1650 1916 1733 1973 Facio
1740 1924 1831 1973 antem
1843 1915 1896 1971 boc
1912 1914 2014 1969 donum
2030 1928 2084 1967 una

1240 2016 1269 2078 Β
1283 2024 1345 2063 cum
1359 2022 1470 2063 assensu
1485 2006 1575 2063 fratris
1590 2006 1644 2062 mei
1659 2006 1751 2062 lvonis
1765 2003 1911 2069 Chesuelli,
1927 2002 1976 2075 qni
1999 2017 2084 2057 unum

427 2069 592 2143 [Burnsnt
608 2070 777 2139 Carnonnrn,
795 2074 865 2128 lliat.
881 2072 928 2129 des
945 2078 1050 2131 comtes
1072 2074 1227 2142 d'Alencon
1283 2095 1622 2169 equumpmpqudqpone
1643 2103 1739 2165 postea
1760 2093 1863 2161 habuit,
1886 2107 1947 2149 qum
1977 2106 2034 2163 quo
2058 2089 2085 2144 in

636 2164 665 2216 ei
680 2159 718 2216 du
734 2162 851 2228 Pellite,
870 2178 923 2233 pag
929 2203 935 2216 ·
956 2162 1014 2236 72·]
1283 2186 1452 2241 Hierusalem
1467 2184 1597 2256 perrexit.
1612 2182 1746 2239 laudavit
1765 2182 1845 2239 etiam
1869 2180 2007 2237 Dominus
2035 2194 2085 2234 eo·

461 2274 491 2329 ln
507 2272 617 2330 nomine
630 2274 716 2329 Patris
732 2282 758 2329 et
772 2274 832 2330 Filii
847 2283 874 2331 et
891 2276 1008 2347 Spiritus
1022 2279 1119 2335 sancti.
1283 2290 1341 2330 mes
1370 2273 1516 2345 hogerius,
1549 2282 1576 2329 et
1610 2271 1806 2339 corroboravit,
1833 2278 1915 2341 atque
1940 2268 2006 2323 filiis
2030 2268 2087 2322 suis

459 2362 558 2417 Notum
574 2362 769 2418 essevolumus
784 2364 1025 2421 omnibussnnctae
1038 2366 1228 2425 DeiEcclesiae
1284 2362 1385 2419 domno
1400 2363 1518 2419 Rohedo
1533 2370 1559 2418 0¹
1573 2362 1676 2419 domno
1694 2359 1804 2433 Ηῦεθῦί
1830 2357 1986 2417 wssfifmffl
2002 2357 2084 2414 smil·

426 2451 476 2507 Dei
485 2450 610 2507 fidelibus
620 2459 674 2506 tarn
684 2452 862 2521 praesentibus
882 2470 963 2524 quam
985 2455 1227 2526 subsequentibus,
1283 2452 1310 2508 Si
1326 2452 1387 2525 quis
1401 2457 1491 2507 autem
1506 2452 1606 2508 donum
1622 2450 1781 2507 calumniari
1802 2447 1931 2515 soluerit,
1951 2446 2084 2517 pitlfllffl

422 2541 495 2611 quod
508 2554 559 2611 ego
575 2539 712 2595 Galtcrius
737 2540 898 2596 Chesnellus
922 2543 994 2599 dono
1022 2544 1143 2600 Domino
1171 2546 1229 2602 Deo
1282 2555 1315 2595 ex
1331 2541 1383 2595 boc
1398 2555 1453 2595 non
1465 2538 1587 2608 habehit,
1602 2547 1629 2594 et
1642 2538 1694 2593 nisi
1709 2536 1851 2609 resipuerit
1863 2543 1890 2591 et
1912 2535 1947 2591 ed
1971 2534 2086 2589 satista-

423 2628 614 2699 omnipotenti,
631 2632 657 2684 et
671 2638 764 2685 sancto
779 2630 857 2685 Petro
872 2632 997 2700 apostolo
1020 2632 1118 2687 Christi
1148 2642 1229 2704 atque
1284 2630 1402 2685 ctionem
1432 2628 1586 2701 confugerit
1608 2633 1700 2699 pereat
1729 2628 1759 2682 in
1778 2634 1883 2683 aeterna
1909 2624 2085 2679 damuatifflt

424 2718 565 2773 monachis
577 2717 801 2773 cluniacensibus
815 2719 860 2791 qui
876 2728 937 2774 sunt
951 2720 1032 2790 positi
1044 2721 1078 2775 ad
1102 2730 1228 2777 sanctum
1282 2712 1348 2775 cuni
1357 2718 1470 2774 diabolo
1484 2726 1512 2773 et
1525 2719 1586 2788 ejus
1599 2718 1713 2789 angelis.
1729 2717 1789 2788 ligo
1804 2730 1912 2787 quoque
1925 2728 2086 2786 expugnare

424 2806 582 2877 Dionysium
597 2807 626 2860 in
640 2807 768 2879 Nogento
784 2816 871 2863 castro
886 2808 921 2863 de
936 2809 1052 2875 Pertico,
1078 2810 1226 2866 Ecclesiam
1281 2826 1343 2865 cum
1359 2808 1409 2863 Dei
1424 2807 1559 2878 adjutorio
1578 2807 1690 2876 curabo,
1715 2821 1857 2877 quousque
1886 2803 2030 2859 convictus
2057 2808 2085 2857 et

425 2894 511 2951 sancti
533 2894 603 2951 Petri
625 2896 794 2965 Cetonensis,
814 2912 876 2953 cum
905 2898 1228 2971 omnibusiappenditiis
1282 2898 1318 2955 ad
1332 2897 1447 2953 nihilum
1464 2896 1596 2953 deductus
1607 2895 1755 2964 judiciarie
1767 2900 1901 2965 potestate
1913 2897 2084 2961 rogabunt

428 2982 494 3051 suis,
523 2983 614 3038 omnia
643 3000 703 3055 quse
717 2984 824 3039 deintus
851 2986 895 3041 vel
920 2986 1033 3041 deforis
1048 2988 1161 3043 videbar
1176 2989 1227 3043 ba·
1283 2987 1390 3059 triginta
1405 2988 1490 3042 libras
1516 2987 1575 3042 auri
1601 2985 1750 3055 persolvat.
1778 2982 1812 3038 itt
1836 2991 1869 3037 ut
1896 2981 1958 3036 haec
1989 2981 2083 3035 charta

427 3070 504 3139 here,
521 3071 648 3125 videlicet
674 3085 781 3127 omnem
813 3081 911 3129 terram
926 3075 1029 3131 cultam
1045 3085 1072 3130 et
1099 3076 1228 3131 incultam
1282 3076 1360 3132 firme
1374 3084 1545 3147 permaneat,
1559 3074 1623 3130 inde
1637 3082 1701 3129 sunt
1712 3080 1794 3128 testes
1809 3071 1857 3141 qui
1882 3072 1935 3126 hoc
1959 3069 2083 3123 tidenmt

423 3174 484 3230 quse
499 3158 630 3213 Ecclesiae
644 3158 859 3231 uidebaturjure
873 3162 1018 3233 pertinere,
1042 3166 1228 3220 coemeterium
1282 3175 1308 3221 et
1323 3166 1476 3230 audierunt,
1490 3162 1727 3220 domnuslloellus
1743 3158 1955 3217 Cenomanensis
1971 3158 2081 3227 episto·

424 3246 462 3301 ad
477 3245 630 3301 iaciendum
646 3246 720 3301 aedes
735 3249 944 3318 monachorum,
961 3250 1076 3323 burgum
1088 3253 1228 3309 ctiamdc-
1282 3271 1342 3325 pus,
1354 3254 1518 3310 Guicherius
1534 3253 1666 3319 decanus,
1686 3249 1887 3317 Gauilridus,et
1902 3246 1974 3303 nlius
1992 3246 2080 3302 Gaus-

428 3334 495 3392 loris
507 3334 542 3390 ad
558 3333 697 3392 iaciendas
711 3335 849 3394 domosad
862 3354 1036 3412 quoscunque
1050 3342 1177 3398 homines
1191 3342 1227 3396 il·
1243 3372 1269 3438 C
1284 3343 1369 3399 lridus
1405 3342 1606 3410 archidiaconi,
1644 3339 1812 3398 Fulcbmdm
1846 3335 2078 3407 archipresbyter,

421 3425 510 3481 lorum
524 3431 549 3479 et
565 3425 601 3480 ad
615 3431 698 3480 totam
714 3425 880 3482 voluntatem
896 3443 972 3484 suam
989 3430 1142 3486 taciendam
1154 3449 1160 3494 ;
1171 3439 1225 3486 sta·
1282 3432 1491 3488 Gunndabertus
1506 3431 1719 3498 archidiaconns,
1740 3429 1875 3485 liebertus
1888 3424 2080 3496 archipresby-

425 3529 511 3586 gnum
524 3513 647 3568 etiamad
662 3530 728 3570 usus
743 3516 936 3572 monachorum
950 3516 1017 3574 inibi
1044 3519 1226 3576 habitantium
1280 3529 1331 3588 ter,
1361 3522 1442 3578 Oddo
1461 3528 1489 3576 et
1515 3520 1672 3594 Hesqodres
1701 3515 1828 3575 canonici
1854 3514 2029 3570 llildebertns
2053 3518 2079 3567 et

427 3601 461 3658 ad
477 3601 648 3672 piscandum,
664 3609 691 3658 et
705 3602 732 3657 in
743 3619 838 3660 omnes
852 3605 920 3662 alias
934 3622 1018 3678 aquas
1032 3623 1106 3666 meas
1133 3609 1226 3680 pisca·
1281 3609 1402 3679 Orricua,
1424 3609 1558 3666 llodulius
1574 3618 1654 3680 atque
1667 3605 1815 3664 Gradultns
1841 3601 1975 3661 canonici.
1992 3602 2078 3657 Dom-

427 3690 539 3748 tionem.
555 3689 694 3748 l'olturam
709 3691 791 3748 etiam
806 3694 955 3751 molendini
969 3696 1015 3768 qui
1043 3697 1148 3769 inipso
1168 3705 1227 3754 ata-
1282 3715 1333 3754 nus
1355 3699 1491 3772 ltogeriua
1510 3714 1611 3767 comes,
1640 3705 1667 3754 et
1693 3697 1810 3754 domnus
1838 3693 1975 3750 liobertus
2000 3697 2079 3760 atque
2155 3756 2156 3761 η

432 3795 488 3852 gno
502 3779 575 3835 situs
590 3787 640 3849 est,
656 3780 690 3836 de
705 3782 821 3838 annonis
835 3783 890 3840 suis
904 3785 1024 3842 concedo
1034 3785 1083 3856 eis,
1095 3794 1122 3842 et
1135 3803 1228 3842 aream
1283 3788 1398 3844 domnus
1408 3788 1488 3860 lingo
1500 3787 1550 3843 titii
1564 3788 1632 3859 ejus,
1644 3784 1808 3843 Guillelmus
1823 3782 1956 3848 Goiettus,
1982 3779 2079 3837 Gulie-
2155 3774 2156 3819 Τ

429 3866 578 3925 molendini
606 3867 634 3924 in
662 3884 733 3940 aqua
748 3870 883 3927 ltarosaie
897 3872 994 3928 subtus
1019 3882 1137 3930 montem
1152 3877 1227 3932 Ted·
1281 3894 1328 3934 ros
1342 3877 1378 3933 de
1405 3876 1534 3943 vilereio,
1560 3875 1713 3932 Bernardns
1738 3873 1774 3930 da
1799 3871 1924 3937 Feritate,
1950 3867 2082 3925 Rotrocus
2155 3880 2156 3901 ¹

425 3955 509 4012 berti.
528 3955 657 4027 Adjnugo
685 3956 766 4012 etiarn
781 3958 926 4016 ecclesiam
947 3963 1228 4020 sanctissimiNicolai
1282 3967 1317 4023 de
1348 3965 1515 4035 llontelorti,
1546 3964 1709 4022 Guillelmus
1726 3965 1886 4029 hnatomus,
1916 3957 2082 4015 Guillelmus
2155 3974 2156 4039 j

430 4060 493 4100 cum
502 4042 628 4099 omnibus
644 4045 813 4114 appendiciis
825 4049 891 4117 suis,
906 4057 1007 4106 terrem
1022 4051 1121 4107 cultam
1137 4062 1163 4108 et
1183 4053 1228 4108 iu·
1283 4055 1454 4124 Guittardus,
1492 4055 1622 4110 bladinus
1657 4051 1830 4125 praepositna,
1872 4047 2010 4120 Gerogins
2046 4045 2081 4099 de
2155 4044 2156 4047 ’

428 4131 541 4196 cultam,
570 4141 650 4205 atque
674 4133 822 4191 molendini
837 4153 928 4194 aream
954 4140 1049 4196 subtus
1063 4143 1227 4207 ecclesiam:
1282 4146 1371 4210 Ulmo,
1386 4145 1528 4200 lticberius
1555 4150 1581 4199 et
1609 4141 1740 4200 Girardus
1760 4138 1936 4206 Forestan'us,
1964 4137 2012 4191 lro
2027 4135 2079 4189 Pa·

430 4220 593 4294 posnadium
608 4237 716 4292 quoque
731 4224 837 4282 remitto
855 4227 978 4284 omnium
1005 4245 1151 4300 porcorum
1166 4249 1227 4289 rno-
1282 4251 1380 4308 ganas,
1396 4235 1430 4290 de
1445 4231 1643 4304 Villa-perdita,
1657 4233 1802 4288 Durannus
1817 4229 1902 4285 homo
1917 4222 2042 4297 Gerogii·

433 4309 582 4366 nachoruur
596 4320 622 4366 et
637 4311 780 4368 hominum
794 4315 901 4372 illorum
925 4317 971 4390 qui
987 4318 1228 4378 indoruoiliide-
1318 4325 1477 4380 lloceutem
1507 4322 1597 4377 sciant
1616 4336 1711 4377 omnes
1730 4317 1865 4386 catholici,
1884 4314 1957 4388 quod
1976 4314 2080 4368 inom-

335 4420 336 4425 ¹
434 4398 724 4470 serviuntperomnes
739 4403 823 4458 saltus
837 4421 922 4478 meos,
938 4409 1229 4480 exceptasolaloresta
1283 4413 1364 4469 nibus
1385 4410 1546 4483 supradictis
1567 4409 1646 4465 donis
1662 4416 1689 4464 et
1716 4409 1744 4463 in
1762 4421 1825 4462 meo
1850 4403 1974 4461 dominio
1998 4409 2026 4456 et
2051 4399 2079 4454 in

431 4487 605 4559 quaedicitur
620 4488 788 4548 Corbonum.
805 4491 883 4562 Quod
902 4496 967 4552 siin
983 4497 1029 4554 illa
1045 4497 1230 4570 sorcstnporci
1282 4501 1411 4559 omnibus
1443 4515 1503 4571 quas
1532 4498 1586 4555 mei
1616 4498 1741 4554 homiues
1769 4495 1902 4552 dederunt
1927 4490 1972 4547 rel
1993 4487 2080 4545 daturi

429 4575 681 4646 meldisnurrerint,
698 4579 945 4654 similiterquoquc
961 4586 988 4642 in
1002 4586 1048 4642 illa
1077 4588 1151 4658 porci
1167 4603 1230 4644 mo·
1281 4599 1354 4657 sunt,
1372 4589 1436 4647 dedi
1450 4595 1478 4645 et
1492 4587 1688 4644 concessisum
1703 4599 1818 4640 assensu
1832 4577 2062 4638 iratrismcil'ro
2155 4586 2156 4611 ¹

429 4665 581 4722 nachorem
596 4665 759 4722 discurrant.
791 4671 832 4726 hd
859 4673 976 4730 aedificia
998 4692 1107 4747 quoque
1133 4692 1227 4732 eorum
1282 4679 1326 4736 uis
1339 4694 1434 4735 omues
1449 4669 1905 4746 cousuetudiuesmeasquasineis
1920 4667 2079 4724 habebam:

428 4753 472 4810 vel
487 4754 607 4810 omniurn
621 4755 762 4812 bominum
777 4757 885 4816 illorum
901 4762 1035 4830 iacienda,
1060 4773 1085 4820 et
1103 4765 1137 4820 ad
1152 4765 1227 4820 cale·
1241 4724 1270 4786 D
1284 4768 1429 4835 teloneum,
1458 4767 1572 4834 scilicet,
1598 4764 1740 4835 vicariam,
1772 4761 1884 4822 lurtum.
1912 4754 2079 4819 incendium,

430 4842 585 4898 laciendum
600 4844 628 4898 in
639 4858 734 4900 omnes
748 4847 833 4904 saltus
848 4866 924 4908 meos
938 4853 1012 4926 ligna
1027 4855 1159 4922 concedo,
1175 4871 1227 4909 ex·
1282 4865 1388 4930 raptum
1403 4865 1430 4913 et
1444 4854 1576 4927 quidquid
1590 4851 1794 4912 consuetudinis
1808 4850 1839 4906 in
1853 4849 1906 4905 bac
1920 4854 1992 4902 tea-ra
2011 4843 2083 4899 solet

428 4939 507 5004 cepto
518 4930 619 4989 foresta
633 4933 775 4992 Gorbono.
795 4937 874 4998 Dono
888 4940 968 4998 etiam
983 4957 1093 4999 oannem
1120 4950 1226 5013 partem
1281 4945 1379 5019 inquiri
1392 4945 1437 5003 rel
1451 4942 1596 5001 nominari.
