4750 6725
378 617 431 675 6³5
828 611 988 669 Eludant
1003 608 1162 670 aoaautlt
1176 607 1454 667 canaulattsts
1992 613 2051 667 636

379 740 456 797 lllam
472 742 573 799 babere
587 743 692 812 hacque
714 754 806 797 carere
833 754 865 794 se
895 740 976 795 bomo
1001 736 1128 802 aestimat,
1157 734 1180 789 si
1195 738 1222 803 Α
1235 731 1282 800 tia,
1311 732 1392 802 plena
1417 732 1551 803 remissio,
1581 750 1675 793 secura
1704 737 1829 793 omnium
1856 734 2049 794 offensionum

381 831 447 901 quid
462 830 605 903 agnoverit
616 830 689 899 quod
703 828 772 884 alius
785 827 895 884 nesciat.
912 828 966 883 Sed
979 841 1040 897 que
1055 833 1096 880 est
1124 824 1184 894 ejus
1238 820 1385 894 impunitas
1399 822 1446 877 tibi
1467 830 1542 881 certo
1556 824 1681 881 arriserit
1692 822 1745 892 ⁴⁸⁹,
1757 825 1909 899 recognitio
1934 823 1981 882 vel
1997 838 2045 881 re-

382 919 514 989 sapientia
528 919 707 993 quiseipsum
723 917 833 989 ignorat
847 917 861 969 ‘l
877 915 944 984 Quis
965 913 1038 970 enim
1065 911 1184 984 perfecte
1238 910 1359 966 cordatio
1376 919 1549 981 peccatorum
1578 922 1686 969 tuorum
1713 911 1741 968 in
1770 914 1845 970 nullo
1874 914 1923 970 tibi
1950 910 2050 987 magis

382 1022 530 1081 agnoscere
558 1007 649 1064 valeat
672 1004 824 1075 cuiusmodi
852 1020 896 1059 ros
922 1003 957 1059 sit
983 1003 1076 1058 anima
1104 1002 1183 1055 sua‘t
1237 998 1342 1054 horrori
1357 1001 1471 1056 essevel
1485 1002 1637 1057 confusioni
1653 1001 1758 1058 valebit
1779 1018 1861 1073 quam
1888 1010 1929 1059 est
1958 1002 2050 1056 modo

382 1095 481 1163 Quisve
505 1095 580 1151 novit
607 1095 687 1167 quale
714 1094 748 1149 sit
773 1109 874 1164 corpus
901 1092 962 1163 ejus
989 1090 1112 1156 interius,
1141 1088 1185 1143 vel
1236 1085 1317 1143 beato
1343 1089 1422 1143 Petro
1452 1090 1635 1160 apostolerum
1661 1091 1790 1164 principi,
1820 1092 1866 1163 qui
1904 1090 2049 1146 Christum

381 1183 461 1254 quale
473 1183 616 1254 posterius,
631 1183 675 1238 vel
690 1182 773 1238 etiam
788 1180 931 1237 exterius?
955 1179 1025 1249 Quia
1048 1188 1140 1232 tamea
1155 1183 1183 1231 et
1237 1176 1358 1248 negavit,
1375 1176 1519 1250 abnegatio
1534 1196 1583 1235 sua
1597 1176 1639 1245 ‘'0,
1655 1178 1744 1236 beatae
1759 1178 1854 1235 blaviae
1868 1178 2048 1251 llagdeleaae

381 1288 409 1327 se
429 1279 455 1326 et
481 1272 536 1327 alia
563 1286 672 1343 quoquo
697 1271 781 1326 modo
809 1284 973 1342 cognoscere
999 1272 1100 1339 potest,
1129 1279 1184 1321 noo
1237 1272 1421 1335 pecorosus,
1439 1266 1757 1335 etmultisaliismulta,
1787 1282 1847 1339 quae
1875 1274 2046 1339 sequuntur,

380 1358 491 1414 omnino
506 1359 638 1431 insipieus
652 1368 701 1414 est.
719 1360 819 1415 Verum
834 1358 862 1413 in
877 1357 978 1422 futuro,
994 1363 1041 1411 aut
1063 1353 1184 1426 perfecte
1235 1352 1292 1421 jam
1306 1352 1601 1427 donatalorimiuasua.
1627 1356 1726 1410 Verum
1756 1370 1838 1426 super
1863 1356 1915 1411 hoc
1940 1354 2049 1429 agnitis

381 1445 489 1516 sapiens
502 1454 548 1502 aut
561 1447 672 1503 omuino
685 1446 736 1502 erit
751 1446 890 1517 insipiens.
917 1443 1059 1515 Sapientia
1090 1441 1183 1514 igitur,
1237 1438 1342 1495 delictis
1356 1442 1419 1507 tuis,
1435 1442 1511 1497 velut
1522 1440 1554 1473 ‘⁸¹
1570 1444 1597 1497 in
1612 1444 1716 1499 enormi
1733 1458 1767 1501 ec
1794 1444 1867 1499 foeda
1881 1443 2048 1499 infirmitate

380 1551 462 1605 quam
476 1551 571 1592 omnes
585 1536 614 1592 in
641 1536 692 1591 bac
719 1537 773 1590 vila
797 1550 852 1591 nou
879 1534 1009 1589 inutiliter
1037 1536 1127 1587 amant
1139 1527 1181 1590 ¹⁸⁸,
1238 1535 1284 1583 tua
1296 1526 1338 1597 Μ,
1354 1529 1450 1600 pietas,
1470 1532 1565 1598 virtus,
1582 1532 1716 1603 sapientia
1731 1532 2045 1605 mediciquitesaaavit,

382 1624 670 1679 tantainfuturarita
683 1623 871 1679 boniscritut
896 1637 991 1677 eorum
1024 1634 1087 1691 quae
1113 1617 1184 1673 scire
1238 1615 1527 1675 sublimiusacunctis
1541 1620 1728 1687 admirabitur,
1744 1621 1909 1689 laudabitur,
1929 1621 2045 1693 magni·

380 1711 497 1767 voluerit
511 1711 578 1767 nihil
594 1713 629 1767 sit
643 1712 717 1786 quod
732 1712 871 1783 ignorent.
888 1712 977 1766 Bonus
991 1708 1063 1763 enim
1090 1705 1153 1778 perf
1167 1734 1182 1746 ·
1237 1702 1372 1760 flectitur.
1389 1707 1463 1763 Laus
1477 1716 1565 1764 autem
1581 1716 1608 1764 at
1623 1708 1827 1783 magnificentia
1852 1709 1949 1781 gloriae
1979 1710 2044 1778 Dei,

381 1806 434 1866 cta,
463 1815 525 1872 quae
555 1802 624 1857 Deus
653 1808 693 1856 est
720 1800 853 1871 sapientia
879 1797 1039 1871 replebitur,
1067 1807 1184 1866 eamque
1237 1800 1294 1859 tua,
1312 1793 1420 1850 sibene
1444 1796 1571 1865 advertis,
1595 1796 1685 1869 gloria
1711 1806 1763 1853 est.
1793 1797 1850 1854 Sed
1878 1797 1980 1853 dices:
2008 1798 2046 1853 Et

381 1885 453 1941 facie
468 1886 612 1944 adfaciem
628 1888 784 1944 intuebitur.
800 1888 887 1958 Quam
915 1888 979 1941 dnm
1007 1884 1045 1939 ita
1071 1897 1184 1955 perape·
1238 1880 1346 1951 quidem
1361 1884 1621 1940 eonsentiolaudem
1637 1886 1686 1941 Dei
1702 1885 1820 1957 gloriam
1841 1900 1899 1941 esse
1928 1900 2044 1951 meam;

383 1976 464 2042 xerit,
481 1985 611 2033 creature
637 1976 719 2033 totius
742 1985 862 2032 natumm
888 1974 992 2031 ridebit
1010 1975 1052 2041 ⁴⁸⁴,
1068 1986 1129 2043 quae
1156 1970 1183 2025 iu
1238 1984 1343 2039 verum,
1359 1987 1424 2027 cum
1440 1973 1504 2028 laiuc
1518 1972 1581 2029 inda
1595 1980 1671 2029 tolet
1686 1972 1760 2042 tanti,
1779 1974 1813 2029 ad
1828 1975 1882 2029 mei
1896 1988 2047 2045 compara·

385 2061 555 2119 Deomelius
570 2081 651 2137 quam
681 2065 709 2120 iu
737 2065 830 2135 seipsa
856 2062 987 2120 consistit.
1016 2062 1091 2116 Tunc
1110 2058 1184 2114 enim
1237 2054 1351 2125 tionem,
1367 2060 1523 2116 innocentes
1537 2062 1680 2133 prodeant,
1696 2062 1753 2132 qui,
1769 2062 1949 2118 consideratis
1978 2061 2045 2118 vitae

379 2149 447 2220 justi
462 2161 557 2209 cuncta
571 2153 659 2208 scient
673 2170 734 2225 quae
748 2153 821 2208 Deus
835 2152 897 2209 fecit
920 2150 1040 2217 scienda,
1069 2156 1125 2205 tam
1152 2162 1184 2202 ea
1239 2160 1309 2201 mese
1323 2146 1543 2220 obscenitatibus,
1559 2166 1603 2205 me
1618 2152 1739 2220 omnino,
1755 2152 1824 2206 siaiu
1838 2166 1948 2222 aequum
1975 2152 2042 2218 erit,

384 2254 443 2308 que
458 2240 600 2309 preterita
615 2250 676 2297 sunt
690 2257 772 2313 quam
786 2257 819 2296 aa
833 2257 893 2312 quae
923 2237 1096 2311 postmodum
1123 2240 1186 2289 sunt
1240 2235 1343 2289 horrori
1367 2236 1522 2293 habendum
1548 2238 1683 2309 judicent,
1700 2240 1766 2313 quid
1794 2238 1907 2295 dicant
1930 2240 2044 2297 lustitia

380 2325 478 2383 futura.
496 2328 534 2383 lbi
548 2344 565 2383 a
580 2329 695 2402 singulis
709 2345 813 2395 omnes,
829 2329 867 2384 ibi
882 2329 917 2383 ab
932 2326 1060 2383 omnibus
1083 2322 1185 2397 singuli
1239 2338 1337 2394 nempe
1351 2341 1439 2392 sunm,
1454 2334 1481 2381 et
1495 2344 1572 2382 suum
1603 2328 1735 2399 injustitia
1763 2329 1905 2399 premium
1933 2329 2035 2401 exigit.

381 2421 590 2487 cognoscentur.
606 2420 664 2475 Nec
679 2434 843 2490 quemquam
867 2417 979 2473 omnino
1007 2414 1102 2470 latebit
1129 2423 1184 2485 qua
1238 2410 1268 2465 ln
1284 2412 1335 2481 bis,
1352 2413 1444 2483 frater,
1460 2416 1524 2471 nolo
1539 2416 1650 2479 timeas:
1674 2418 1752 2471 aliter
1778 2417 1849 2472 enim
1878 2418 1931 2473 erit
1959 2432 2044 2489 quarn

380 2504 477 2573 patria,
495 2522 547 2577 qua
562 2515 655 2580 gente,
671 2523 724 2578 qua
738 2510 822 2578 stirpe
833 2506 895 2579 quis
909 2504 998 2561 editus
1020 2500 1110 2570 fuerii,
1139 2516 1173 2556 vo
1239 2503 1391 2559 existimas.
1408 2503 1486 2559 illum
1500 2504 1636 2577 siquidem
1652 2503 1683 2533 “⁸
1695 2522 1776 2577 quem
1790 2514 1817 2561 ta
1832 2506 1882 2561 tibi
1893 2522 2043 2576 eompara-

382 2592 447 2662 quid
463 2593 545 2651 etiam
559 2596 588 2650 in
604 2595 656 2652 vita
671 2613 720 2652 sua
734 2594 839 2652 fecerit.
1238 2598 1294 2646 tam
1307 2592 1416 2661 judicas
1429 2592 1614 2659 innocentem,
1630 2596 1740 2666 penitus
1754 2610 1810 2649 non
1824 2594 1862 2649 ibi
1876 2596 1999 2665 reperies
2007 2595 2043 2651 de

662 2685 775 2741 CAPUT
793 2684 893 2739 LX‘'⁸.
1237 2688 1264 2736 te
1278 2681 1510 2751 quemadmodum
1534 2691 1613 2753 putas
1641 2683 1812 2741 sentientem.
1841 2684 1967 2755 Namque
1996 2683 2041 2738 vi-

436 2773 512 2842 Quod
525 2780 646 2846 peccatu
660 2774 839 2845 singulorum
853 2772 974 2844 singtilis
979 2773 1110 2843 puteant.
1237 2770 1305 2824 dens
1318 2767 1349 2797 ⁰⁴
1364 2770 1421 2839 ille,
1437 2770 1472 2827 de
1482 2786 1535 2841 quo
1551 2772 1621 2845 agis,
1636 2773 1717 2844 plane
1736 2772 1864 2846 intelligit
1878 2780 1905 2827 te
1933 2787 2040 2843 nequa-

415 2860 466 2917 llic
480 2861 606 2918 fortassis
620 2862 722 2933 aliquis
736 2863 774 2918 ait
789 2879 795 2914 :
826 2859 898 2930 Quid
913 2867 955 2915 est
969 2858 1043 2915 hocf
1070 2860 1181 2915 Peccata
1237 2874 1319 2929 quarn
1333 2858 1364 2889 ‘⁸⁸
1379 2875 1420 2927 se,
1435 2860 1484 2915 scd
1498 2860 1595 2927 Deum,
1612 2860 1720 2932 quando
1735 2862 1864 2932 peccasti,
1880 2858 2040 2917 offendisse.

383 2963 445 3019 quae
460 2950 522 3019 feci,
539 2952 624 3006 scient
637 2951 755 3007 omues?
777 2949 818 3005 dd
833 2951 885 3006 boc
899 2964 932 3003 ea
955 2947 1096 3005 confessus
1122 2963 1181 3003 sum
1236 2948 1303 3003 Cum
1316 2963 1382 3021 ergo
1399 2948 1496 3005 viderit
1511 2950 1597 3005 Deum
1612 2950 1659 3005 tibi
1673 2949 1764 3006 debita
1780 2948 1900 3005 funditus
1915 2949 2041 3005 dimisis-

381 3044 409 3089 ut
423 3037 579 3093 delerentur
597 3046 625 3093 ct
651 3038 885 3107 obliviscerentur,
914 3046 944 3092 ut
969 3036 1037 3093 nulli
1064 3035 1182 3108 amplius
1235 3052 1275 3104 se,
1302 3052 1355 3093 nac
1382 3036 1410 3093 in
1437 3054 1485 3093 cor
1512 3038 1641 3095 ascendet
1669 3048 1698 3094 ut
1726 3045 1753 3095 te
1781 3038 1844 3094 inde
1865 3038 2040 3109 aliquatenus

380 3122 572 3190 panderentur.
588 3126 671 3181 Bene.
692 3125 746 3181 Sed
758 3141 819 3181 cum
835 3134 862 3180 tu
886 3125 914 3179 in
941 3124 988 3179 illa
1014 3121 1115 3196 gloria,
1145 3123 1180 3178 ab
1231 3124 1348 3195 Judicet.
1369 3127 1399 3181 lo
1415 3127 1467 3182 boc
1481 3126 1553 3183 euim
1567 3124 1874 3199 ipso·l)eumoffeodere
1888 3142 1919 3182 se
1933 3142 2041 3201 cogno·

382 3212 456 3265 omni
471 3211 616 3267 criminum
630 3215 711 3269 sorde
726 3222 868 3284 purgatus,
882 3212 968 3269 vultui
980 3213 1031 3267 Dei
1056 3228 1180 3282 praeecas
1233 3222 1329 3282 sceret,
1344 3215 1368 3269 si
1384 3223 1419 3283 te,
1436 3216 1493 3271 Deo
1508 3232 1556 3288 per
1570 3216 1660 3271 omnia
1673 3215 1887 3281 reconciliatum,
1916 3230 1969 3286 pro
1996 3215 2041 3271 bis

381 3299 510 3369 astiteris,
526 3301 684 3374 ingratusne
698 3301 723 3357 ei
737 3300 841 3375 poteris
855 3317 915 3357 essa
928 3316 978 3374 pro
992 3306 1067 3356 tanta
1093 3301 1178 3357 mise·
1232 3319 1294 3377 que
1308 3302 1372 3359 olim
1387 3303 1493 3362 feceras
1507 3304 1640 3362 ullatenus
1654 3304 1880 3362 contemnendum
1890 3305 2037 3379 cogitaret.

380 3390 500 3446 ricordia
515 3407 595 3462 quam
611 3391 659 3446 tibi
673 3390 745 3460 fecit,
762 3390 949 3447 remissisillis
972 3395 1001 3447 et
1021 3389 1076 3446 illis
1105 3390 1175 3446 deli·
1226 3393 1422 3466 ,Magisautem
1437 3393 1583 3465 gratiosus,
1599 3393 1765 3451 ineffabilem
1789 3395 1838 3450 Dei
1863 3394 2039 3451 clementiam

380 3479 431 3534 ctis
441 3479 456 3534 ⁶?
468 3479 541 3548 Non,
557 3480 672 3554 inquies.
689 3482 724 3538 Et
738 3481 819 3547 unde,
836 3481 955 3552 inquam,
980 3480 1085 3553 gratias
1112 3455 1217 3552 agesC
1235 3479 1420 3548 admirabitur,
1435 3496 1490 3536 non
1505 3482 1593 3537 solum
1608 3482 1635 3536 iu
1650 3490 1677 3538 te
1691 3483 1734 3546 ¹⁸⁸,
1749 3481 1797 3538 sed
1826 3481 1912 3537 etiem
1936 3483 1965 3536 iu
1992 3499 2036 3538 se.

379 3565 422 3636 ¹¹⁴,
438 3567 460 3624 si
476 3567 547 3624 nibil
562 3585 656 3626 eorum
671 3570 744 3626 unde
755 3570 819 3641 J'ure
832 3570 934 3641 gratias
948 3568 1010 3625 illas
1024 3568 1127 3624 debeas
1154 3569 1182 3624 in
1236 3568 1266 3623 ln
1282 3575 1318 3636 te,
1334 3569 1398 3640 quia
1414 3577 1439 3626 te
1449 3569 1483 3626 de
1501 3577 1556 3624 lam
1581 3569 1717 3641 profundo
1745 3569 1894 3640 iniquilatis
1920 3569 2036 3642 eripuit3

381 3665 426 3711 tua
442 3658 574 3716 memoria
587 3658 717 3716 habeas?
744 3660 778 3716 Ut
792 3659 876 3732 igitur
901 3658 928 3714 in
956 3657 1083 3714 laudibus
1111 3657 1182 3712 illins
1235 3657 1263 3712 in
1277 3673 1317 3724 se,
1333 3659 1397 3728 quia
1412 3658 1471 3714 sola
1486 3658 1576 3732 gratia
1589 3659 1660 3728 ejus,
1673 3673 1706 3714 ue
1721 3658 1748 3713 ia
1773 3658 1845 3713 idem
1871 3657 2038 3729 profundum

381 3747 551 3805 aeternaliter
561 3747 728 3819 jucunderis,
743 3763 853 3818 semper
866 3746 900 3802 de
914 3756 1014 3818 quanta
1026 3746 1182 3802 miseriasis
1235 3752 1335 3814 rueret,
1351 3747 1436 3802 tonuit
1449 3763 1488 3802 se.
1505 3746 1651 3802 Laudando
1680 3747 1775 3820 igitur,
1792 3745 1982 3820 magnificabit
2010 3747 2038 3800 in

379 3843 480 3902 erutus,
497 3845 526 3891 ut
540 3845 615 3908 puto,
631 3851 724 3892 coram
738 3836 865 3891 habebis.
894 3836 961 3891 Cum
976 3835 1180 3908 argesingulo-
1236 3835 1556 3908 tapostgratieurbci,
1574 3835 1726 3907 timetque
1753 3835 1945 3904 constantiam,
1974 3834 2037 3906 qui·

379 3938 439 3978 rum
454 3924 627 3980 conscientia
642 3922 1106 3996 singulispateant,fateriaudeoea
1116 3939 1181 3994 quo-
1234 3921 1284 3978 bus
1299 3923 1404 3979 eaitens
1418 3924 1578 3997 voraginem
1595 3924 1660 3994 taqti
1680 3923 1745 3980 mali
1774 3923 1890 3981 viriliter
1915 3923 2036 3992 evasisti,

381 4026 435 4082 que
448 4009 480 4039 ‘⁸'
493 4019 608 4080 peccata
621 4011 727 4067 cunctis
741 4010 889 4067 electorum
904 4019 1056 4084 paterepre
1066 4027 1180 4084 quorum
1232 4013 1309 4084 juxte
1339 4027 1430 4083 quam,
1458 4013 1532 4086 quod
1548 4019 1576 4070 et
1588 4011 1622 4042 ‘⁹'
1633 4014 1695 4086 ipse
1719 4012 1914 4080 considerabit,
1942 4013 1995 4068 nisi
2022 4028 2038 4068 a

381 4097 522 4154 curatione
537 4106 564 4153 tu
580 4100 640 4154 lieo
655 4099 791 4172 gratiosus
805 4099 906 4155 existes
933 4100 1052 4170 assidue,
1065 4117 1120 4158 noo
1146 4102 1182 4159 ad
1234 4103 1293 4157 lieo
1321 4101 1431 4172 adjutus
1457 4102 1564 4168 fuisset,
1593 4117 1647 4158 non
1671 4102 1710 4158 ita
1735 4101 1849 4157 forsitan
1864 4101 2039 4172 iterjustitie

381 4194 455 4241 tuam
472 4186 669 4256 confusionem,
685 4187 733 4242 sed
748 4188 783 4242 ad
798 4203 927 4260 magum
952 4189 1003 4245 Dei
1025 4190 1182 4246 misericor-
1233 4189 1376 4246 tenuisset.
1394 4189 1477 4245 Vides
1491 4189 1574 4262 igitur
1587 4205 1668 4260 quam
1686 4189 1754 4246 nihil
1769 4189 1851 4246 habet
1877 4189 2039 4261 improperii

382 4274 467 4344 diam,
482 4275 600 4348 eiusque
613 4274 838 4350 glorificationem
855 4285 981 4350 tuamque
1003 4278 1181 4353 cougratula-
1235 4279 1346 4350 vulgata
1369 4278 1489 4350 cognitio
1516 4279 1621 4349 peccati
1650 4279 1698 4346 tui,
1726 4279 1782 4336 imo
1810 4293 1892 4350 quam
1923 4278 2037 4334 multum

383 4363 494 4420 tionem.
509 4365 571 4420 Non
586 4365 658 4421 enirn
673 4374 736 4421 tunc
750 4381 802 4437 pro
816 4366 937 4436 pcccatis
961 4369 1015 4423 tuis
1042 4379 1068 4425 te
1095 4368 1183 4440 major
1233 4367 1320 4423 laudis
1333 4375 1362 4422 et
1375 4367 1524 4439 gratiarum
1538 4368 1648 4440 cognita
1663 4367 1788 4425 remissio
1815 4367 1856 4423 sui
1880 4367 2034 4440 generabit.

382 4453 506 4525 augustia
520 4454 611 4510 cordis
626 4462 732 4525 premet
744 4454 915 4511 scelerumve
926 4465 1032 4512 tuorum
1046 4458 1137 4532 magis
1149 4453 1180 4486 ⁴⁸⁸
1517 4455 1628 4514 CAPUT
1638 4457 1697 4512 LXI
1706 4455 1748 4511 ⁴⁹¹.

383 4541 496 4613 pudebit
510 4559 593 4616 quam
606 4542 740 4614 aliquem,
754 4542 818 4599 olim
833 4545 941 4617 magnis
954 4545 1180 4603 vulneribussau·
1280 4545 1435 4602 Altercatlo
1445 4545 1673 4602 interlocutorum
1679 4547 1793 4619 jartam
1803 4551 1831 4603 et
1846 4549 1991 4619 caustum.

381 4631 486 4688 ciatum
498 4633 613 4704 iamque
627 4647 663 4687 ex
680 4630 755 4688 omni
771 4641 849 4705 parte
863 4641 996 4702 sanatum,
1012 4634 1104 4691 aboliti
1119 4637 1180 4692 lan·
1271 4634 1324 4706 ipsi
1337 4633 1417 4690 etiem
1430 4633 1531 4706 angeli,
1546 4633 1570 4688 ai
1580 4641 1605 4689 te
1620 4634 1749 4691 socictate
1762 4633 1803 4690 sui
1814 4643 2036 4709 propterpecea-

382 4720 476 4793 gaoris
489 4721 616 4777 molestia
631 4721 739 4793 premit.
756 4721 806 4777 Vel
821 4721 943 4793 nunquid
954 4738 1047 4778 eorum
1068 4741 1130 4797 quae
1154 4725 1182 4781 in
1238 4731 1267 4780 te
1282 4731 1327 4779 tua
1341 4722 1483 4796 indignum
1497 4721 1597 4780 vellent
1613 4723 1750 4795 judicare,
1778 4724 1895 4781 haberes
1923 4725 2037 4798 qualiter

381 4809 458 4865 cunia
469 4811 575 4880 positus
588 4809 678 4866 infans
688 4818 785 4882 egerat
796 4825 869 4867 nunc
883 4810 1060 4884 grandevum
1074 4814 1181 4885 pudett
1196 4787 1223 4850 D
1238 4821 1331 4871 contra
1345 4826 1393 4868 eos
1404 4813 1462 4880 jure
1477 4819 1503 4867 te
1517 4825 1611 4881 posses
1639 4811 1794 4869 defensare.
1823 4811 1962 4884 Quonam,
1989 4815 2035 4870 in-

380 4899 453 4955 Tnnc
468 4899 578 4971 quippe,
595 4915 657 4955 cum
673 4898 779 4971 integra
792 4899 903 4967 sanitas,
919 4899 1040 4971 perfecta
1068 4902 1180 4959 mundi-
1235 4903 1305 4974 quis,
1321 4899 1426 4958 medei
1440 4899 1519 4955 dudi.
1536 4899 1660 4972 Propone
1671 4901 1799 4973 angelum
1813 4901 1932 4974 aliquem
1960 4903 2035 4976 quasi

1031 5107 1146 5165 ltalia
1165 5103 1371 5165 LECTIONES.

414 5257 446 5288 ‘⁸⁸
462 5259 523 5314 Vita
533 5273 587 5315 nou
602 5258 732 5314 inutiliter
744 5268 834 5315 amant
846 5275 901 5315 ms.
919 5256 992 5316 vtae.
1017 5264 1050 5317 1³
1073 5262 1238 5318 viteamaut
1267 5259 1339 5316 auat.
1364 5259 1421 5317 Col.
1451 5260 1507 5316 vita
1533 5275 1588 5317 nou
1619 5261 1725 5317 utiliter
1756 5271 1839 5319 amet.
1873 5261 1905 5293 ‘⁸‘
1926 5261 2032 5322 Nature

385 5328 477 5384 videbi
490 5345 544 5385 mr.
561 5333 591 5385 l.
607 5334 636 5384 l.
663 5327 739 5387 Vtut.
757 5335 786 5386 et
795 5331 869 5386 Edit.
887 5330 944 5388 Col.
961 5338 1083 5388 naturam
1098 5331 1214 5388 videbit.
1229 5327 1261 5360 ‘⁸⁸
1275 5332 1320 5388 lde.
1334 5333 1365 5388 d.
1384 5334 1412 5385 t.
1431 5332 1576 5402 latueram
1590 5332 1640 5390 bac
1651 5336 1739 5405 ceput
1752 5334 1871 5390 omittit.
1887 5333 1917 5366 ‘⁸'
1928 5335 2036 5391 Gratias

385 5416 469 5472 ageos
482 5416 536 5456 ma.
549 5400 662 5456 etlldit.
684 5399 744 5457 Col.
762 5401 866 5473 gratias
879 5416 956 5474 ages.
971 5398 1003 5430 “⁷
1015 5403 1109 5459 Audeo
1124 5418 1158 5459 eo
1172 5417 1281 5474 quoquc
1296 5418 1364 5458 maa.
1381 5405 1410 5456 et
1422 5401 1499 5457 Edit.
1516 5403 1573 5458 cal.
1585 5403 1671 5459 audeo
1696 5419 1730 5459 ea
1758 5419 1878 5474 quoque.
1896 5401 1928 5434 ‘⁸⁸
1944 5405 2035 5462 Scele-

378 5485 493 5542 rumque
508 5470 596 5542 magis
611 5487 677 5526 mer.
695 5477 724 5526 et
740 5472 814 5528 Edit.
832 5471 889 5528 dol.
905 5473 1073 5530 scelerumve
1087 5482 1193 5531 tuorum
1210 5474 1312 5536 magis.
1327 5471 1359 5501 “²
1373 5472 1431 5528 Tibi
1442 5479 1516 5528 recto
1531 5472 1608 5528 orris.
1624 5490 1692 5530 msa.
1704 5475 1814 5531 staats.
1825 5473 1881 5532 Col.
1900 5476 1948 5531 tibi
1959 5485 2035 5533 carto

379 5542 510 5599 arriserit.
528 5539 560 5570 ⁴”
575 5541 730 5612 Abnegatio
745 5558 794 5597 sua
808 5558 860 5598 aaa.
884 5541 960 5599 vaca.
978 5545 1011 5600 13
1027 5544 1163 5614 abjuratio
1178 5561 1237 5600 sua.
1253 5542 1284 5574 “¹
1301 5543 1410 5599 Deliciis
1424 5543 1476 5598 tuis
1487 5543 1560 5599 velut
1573 5561 1627 5600 ma
1648 5546 1714 5600 l'iet.
1732 5549 1760 5602 ef
1788 5545 1862 5602 Edit.
1895 5547 1952 5604 Col.
1983 5547 2035 5603 de·

376 5614 449 5670 lictis
463 5612 547 5668 velut.
563 5609 596 5640 ‘⁰¹
610 5611 769 5667 Infirmitate
784 5619 828 5668 tua
843 5628 912 5669 msa.
930 5614 996 5670 fiet.
1013 5620 1041 5671 et
1052 5616 1125 5672 Edit.
1144 5615 1203 5671 Cot.
1224 5613 1378 5669 infirmitate
1393 5629 1451 5668 sua.
1467 5611 1497 5642 ‘⁹'
1513 5615 1583 5671 lllud
1598 5614 1710 5714 quidem
1725 5631 1780 5672 aaa.
1808 5622 1838 5673 et
1867 5616 1943 5674 Edit.
1972 5617 2033 5674 Col.

380 5685 456 5740 illum
471 5683 618 5755 siquidem.
633 5681 665 5712 “⁴
678 5683 748 5738 Nam
769 5699 804 5739 ue
817 5683 912 5739 videas
925 5701 981 5740 ma.
998 5687 1067 5755 Vtut,
1081 5692 1109 5743 et
1128 5687 1204 5742 Edit.
1233 5685 1290 5741 Col.
1317 5700 1433 5754 nemque
1461 5684 1569 5740 ridens.
1583 5683 1604 5716 ‘'
1631 5686 1713 5742 Plane
1727 5686 1853 5759 iutelligit
1880 5695 1916 5754 te,
1947 5703 2034 5759 aeque

379 5769 446 5811 mat.
468 5757 536 5812 Vicf.
553 5759 581 5836 et
596 5753 678 5811 Edit.
692 5701 835 5812 fofffilane
850 5771 1023 5828 nequaquam
1037 5757 1171 5829 intelliget
1185 5765 1223 5820 te,
1235 5771 1415 5884 nequaquam.
1429 5756 1655 5812 ⁴⁸·Necsolumia
1664 5764 1690 5812 te
1704 5774 1757 5814 ms.
1767 5756 1842 5816 Vici.
1855 5759 2031 5816 13111άί1001.

380 5841 436 5882 uon
449 5827 537 5883 solum
552 5843 580 5882 ro
595 5823 917 5899 te.⁴”lu1taquam,et
934 5843 991 5884 ma.
1013 5830 1081 5885 l'tct.
1095 5833 1124 5886 et
1134 5829 1214 5886 aute.
1237 5829 1271 5885 Co
1286 5869 1293 5885 .
1307 5835 1387 5898 Juxta
1403 5839 1493 5898 quam,
1510 5828 1582 5900 quod
1597 5835 1632 5884 et.
1648 5825 1680 5857 ‘⁹⁸
1696 5830 1743 5885 lfa.
1761 5830 1795 5886 A.
1812 5830 1838 5885 l.
1869 5831 1929 5889 fica
1954 5823 2035 5888 babet

383 5897 443 5955 uta
455 5898 561 5956 altimo
569 5899 653 5957 aerbo
667 5899 751 5970 bajus
762 5897 879 5970 cepittr.
