4750 6725
317 515 354 571 18
943 559 945 562 -
994 522 1061 581 ula.
1081 522 1129 594 hl,
1151 524 1260 585 El'lST.
1281 528 1318 587 ll.

1946 542 1980 599 ll

317 640 391 711 ptiri
416 641 454 697 ad
474 641 641 710 libertatem,
661 644 783 713 oppressi
803 644 947 701 dirissimis
970 657 1127 705 exactorum
1142 653 1169 714 Α
1184 652 1233 723 ipsi
1249 652 1488 727 flagitiosissimum
1500 660 1678 733 corruptionis
1706 664 1844 737 negotium
1859 666 1981 723 meditati

1183 750 1257 797 srrnt.
1277 744 1398 817 Cumque
1413 746 1469 813 illa,
1486 764 1540 803 non
1555 749 1979 829 immemorquemlueritmagno

354 820 464 875 Omnia
479 820 540 876 baec
555 829 582 876 te
596 820 758 889 loquuntur,
765 821 813 876 tibi
823 822 1000 889 famulantur,
1010 826 1064 882 tuis
1075 843 1131 883 me·
1183 832 1326 901 acquisita,
1340 849 1420 905 quam
1434 834 1728 909 legibusconvincta¹¹,
1738 858 1819 913 quem
1833 841 1979 915 denique¹⁸

319 907 383 962 ritis
398 904 1131 979 ascribuntur.Quodsiornnesbsecdirinaeblanditiae
1185 920 1344 975 muneribus
1371 922 1474 989 dotata,
1499 926 1658 983 reluctando
1695 931 1899 1001 succlamasset,
1928 930 1979 1001 illi,

320 998 357 1053 ad
374 998 1130 1072 consentiendumrenonexcitaverint,protecronova-
1182 1007 1303 1079 abreptis
1324 1018 1542 1067 ornamentorum
1570 1030 1682 1070 suorum
1705 1018 1836 1083 vestibus.
1866 1019 1978 1089 nudum,

320 1088 365 1141 ris
376 1086 505 1143 districta
516 1086 756 1143 animadversione
763 1090 946 1160 aequissimum
954 1092 1075 1163 judicem
1084 1099 1127 1147 te·
1181 1095 1306 1151 venalem
1322 1104 1348 1151 et
1362 1098 1521 1155 confusione
1536 1101 1643 1171 plenam
1658 1103 1784 1160 eamdem
1800 1106 1980 1179 reliquerunt.

321 1190 390 1229 cum
406 1182 539 1241 acturum,
555 1175 698 1246 taliterque
714 1176 793 1231 indie
804 1178 915 1233 extremi
925 1177 1021 1248 judicii
1039 1178 1061 1210 ¹¹
1075 1179 1127 1236 ed·
1181 1182 1323 1239 Exclamat
1337 1184 1427 1257 itaque
1441 1188 1579 1259 multiplex
1594 1188 1709 1247 liliorum
1730 1200 1850 1261 caterva,
1866 1212 1936 1264 quos
1950 1196 1979 1251 in

318 730 466 787 furoribus
480 732 613 787 redierint
629 732 663 788 ad
677 733 856 789 erectionem.

324 1278 435 1319 versure
463 1271 490 1317 te
510 1263 713 1335 propositurum
730 1282 738 1319 ε
754 1264 778 1321 0
793 1264 876 1321 bomo
905 1267 974 1321 meis
995 1267 1127 1323 uberibus
1182 1270 1429 1331 lavacroseeunrlae
1447 1276 1591 1331 nativitatis
1607 1279 1658 1345 ipsi
1688 1280 1753 1335 mibi
1779 1292 1923 1354 genuerat,
1949 1288 1979 1339 et

320 1352 434 1417 nutrite,
451 1352 523 1407 meis
540 1354 687 1408 uirtutibus
708 1352 802 1419 ditate,
822 1357 891 1410 mois
914 1355 1047 1411 doctrinis
1060 1356 1126 1411 illu·
1180 1358 1251 1415 intra
1262 1362 1396 1433 gremium
1412 1373 1513 1419 sanctae
1531 1365 1687 1423 dilectionis
1701 1370 1820 1425 tenerius
1835 1372 1976 1440 nutrierat,

318 1440 435 1505 minate,
451 1440 522 1495 meis
538 1441 688 1497 honoribus
701 1441 856 1506 sublimate,
874 1459 956 1515 quarn
971 1443 1020 1499 tibi
1037 1445 1125 1499 mole·
1179 1458 1309 1505 meternae
1323 1452 1437 1522 cupiens
1451 1454 1623 1509 verecundiae
1638 1456 1752 1519 mederi,
1766 1459 1880 1530 ejusque
1894 1459 1977 1515 nudi-

319 1528 403 1582 stiam
413 1529 623 1601 ingessi,utme
633 1538 828 1600 praeceptorem
840 1530 954 1603 ingeris,
964 1532 1124 1588 monitorem
1179 1543 1261 1593 tatem
1290 1554 1413 1610 oppanso
1439 1540 1572 1597 velamine
1601 1543 1679 1598 tueri.
1709 1544 1781 1601 Ecce
1802 1546 1846 1616 qui
1863 1552 1977 1604 matrem

318 1618 536 1688 muternpserls,
553 1617 718 1689 imponentis
734 1618 786 1673 mei
798 1618 895 1690 jugum
911 1628 1004 1677 erecte
1018 1621 1124 1677 cervice
1177 1624 1338 1693 afflixerant,
1353 1628 1524 1700 gravioribus
1539 1630 1566 1683 in
1583 1630 1656 1686 lilios
1671 1632 1803 1688 molestiis
1813 1633 1975 1700 desaeviunt,

319 1701 1123 1773 abjeceris‘iNonnesatiuseratnihilmihidetuocon·
1177 1714 1242 1769 dum
1275 1716 1345 1771 tinne
1373 1716 1410 1771 ab
1438 1716 1567 1773 uberibus
1587 1725 1692 1790 raptum
1722 1720 1876 1778 miseranda
1901 1722 1976 1779 caede

319 1793 426 1858 tulisse,
442 1807 527 1864 quarn
542 1808 604 1863 quae
618 1809 678 1849 mea
693 1792 772 1850 luere
785 1793 931 1850 crudeliter
946 1794 1093 1851 abstulisse
1108 1797 1123 1850 ⁴?
1175 1802 1341 1874 discerpunt,
1354 1803 1428 1858 illum
1446 1803 1624 1877 ferrugiendo
1634 1808 1749 1863 stridore
1759 1811 1975 1879 premunt,alter

318 1884 418 1936 Annon
433 1882 579 1938 constabat
599 1898 649 1953 per
663 1891 736 1937 tuam
765 1882 960 1956 negligentiam
989 1884 1119 1952 ablatum,
1174 1905 1249 1947 caeca
1263 1891 1373 1947 latibula
1389 1892 1523 1948 inhabitat
1538 1907 1546 1963 ;
1562 1894 1826 1969 aliuslongaexsilia
1840 1896 1973 1969 deplorat.

319 1969 392 2039 quod
401 1986 451 2040 per
465 1980 538 2024 tuam
555 1970 796 2043 mibidiligentium
810 1981 914 2027 nonest
924 1971 1121 2028 allatumicm·
1136 2001 1161 2063 Β
1176 1978 1309 2051 Quodque
1324 1980 1358 2035 od
1374 1980 1465 2037 scelus
1475 1982 1634 2051 praecipium
1651 1983 1750 2053 luerat,
1767 1986 1830 2039 dum
1846 2000 1877 2041 se
1891 1986 1972 2041 adul-

318 2074 374 2115 non
402 2059 547 2131 cogitabas
562 2057 582 2087 ¹⁸
600 2056 705 2114 infinita
733 2059 876 2115 bominum
896 2060 980 2115 millia
1009 2068 1035 2115 le
1050 2061 1120 2117 occi-
1176 2068 1227 2123 teri
1242 2068 1365 2123 homines
1380 2068 1973 2144 sceleratacslliditeteinnocentesprodere

318 2146 400 2212 disse,
416 2146 481 2203 dnm
493 2162 640 2218 paucorum
656 2147 766 2203 volebas
779 2148 860 2203 saluti
868 2147 1032 2205 consuleret
1046 2149 1120 2206 Ecce
1174 2156 1284 2223 vellent,
1312 2156 1339 2211 in
1368 2164 1470 2213 tentum
1486 2159 1557 2231 apud
1574 2166 1698 2216 terrenas
1711 2169 1859 2232 potestates
1879 2162 1972 2219 odium

317 2236 419 2290 etenim
434 2251 540 2307 sponsa
558 2250 630 2303 mea,
646 2243 740 2291 sancta
761 2236 966 2292 Cantuariensie
985 2237 1119 2305 Ecclesia,

318 2323 435 2395 apostoli
451 2323 506 2378 mei
524 2324 593 2379 Petri
609 2323 798 2381 benedictione
812 2339 829 2380 a
843 2324 979 2395 principio
995 2324 1118 2382 sanctifi·

318 2420 390 2481 cata,
405 2412 530 2483 piissimo
543 2411 658 2484 piissimi
673 2412 800 2483 Gregorii
814 2412 902 2469 studio
917 2413 1045 2469 nobiliter
1057 2414 1118 2469 lun-

319 2502 394 2565 data,
413 2500 464 2556 SS.
494 2498 637 2564 bonifacii,
653 2500 797 2567 Honorati,
827 2501 962 2568 vitaliani,
991 2503 1117 2575 Agatho·

321 2589 364 2643 nis
378 2590 408 2657 1',
422 2597 450 2644 et
462 2596 623 2643 caeterorurn
634 2588 847 2644 orthodoxorum
864 2589 974 2644 Petrum
988 2589 1118 2663 singulari

325 2692 431 2747 semper
443 2676 585 2748 privilegio
598 2676 697 2731 donata
713 2695 721 2743 ;
736 2676 877 2748 adquam,
893 2678 967 2733 salve
988 2679 1118 2735 Romanae

322 2773 350 2820 et
367 2764 525 2836 apostolicae
538 2764 611 2820 sedis
622 2765 792 2832 auctoritate,
807 2767 927 2821 omnium
938 2767 1008 2822 cirea
1020 2770 1117 2839 regio·

318 2868 386 2908 num
414 2853 546 2909 Ecclesiae
568 2852 595 2907 in
624 2853 682 2908 suis
715 2853 939 2924 oppressionibus
957 2856 1115 2935 confugere,

1173 2253 1363 2301 metremcum
1378 2246 1455 2315 prole
1482 2247 1662 2315 adduxerunt,
1688 2257 1717 2305 ut
1741 2250 1896 2322 quicunque
1923 2265 1972 2308 ens

1172 2331 1345 2399 interficeret,
1361 2330 1524 2406 obsequium
1539 2350 1569 2389 se
1583 2337 1969 2407 praestareDeoerbitraretur.

1172 2420 1300 2477 Ultimum
1317 2436 1381 2477 vero
1395 2429 1422 2478 et
1436 2422 1513 2495 quasi
1529 2422 1649 2494 palmare
1661 2425 1743 2481 totius
1756 2426 1820 2481 mali
1837 2426 1969 2500 flagitium

1171 2509 1284 2578 exstitit,
1300 2510 1375 2579 cnjus
1387 2510 1461 2565 radix
1490 2511 1512 2567 si
1528 2510 1554 2566 in
1571 2512 1657 2569 luceru
1681 2514 1746 2570 solie
1775 2516 1854 2584 huius
1867 2515 1971 2586 perlata

1170 2596 1276 2667 inisset,
1298 2613 1351 2654 nou
1379 2599 1469 2655 solum
1499 2600 1569 2657 hanc
1593 2602 1747 2659 exhorreret
1790 2603 1967 2672 Christianus,

1170 2702 1266 2742 rerum
1282 2687 1360 2741 etiam
1371 2688 1460 2742 omnis
1473 2698 1667 2746 exsecraretur
1691 2705 1822 2764 paganus,
1847 2690 1967 2762 ludens,

1169 2781 1252 2847 atque
1268 2774 1427 2831 hereticus.
1446 2775 1509 2847 Ego
1520 2777 1686 2835 antemultra
1701 2778 1855 2835 nonlerens
1867 2788 1968 2837 tantem

1170 2878 1278 2934 sponsa
1294 2878 1363 2919 meae
1378 2864 1561 2919 calamitatem
1576 2882 1607 2921 ex
1624 2873 1677 2921 tota
1691 2872 1712 2902 ¹⁴
1727 2868 1864 2924 hominem
1875 2867 1968 2940 pleni·

316 2950 396 3015 atque
409 2942 446 2996 ab
459 2958 493 2997 ea
516 2942 625 2998 tuende
640 2938 660 2969 ¹⁸
675 2942 807 2998 libertatis
833 2943 960 3014 presidia
988 2952 1116 3015 expetere
1169 2950 1263 3007 tudine
1278 2960 1314 3023 tr,
1330 2942 1472 3022 anselme,
1487 2952 1569 3026 elegi,
1586 2964 1667 3024 atque
1681 2954 1717 3010 ad
1743 2956 1885 3011 zelandum
1914 2971 1966 3029 pro

316 3030 394 3085 simul
409 3046 445 3087 ac
454 3029 599 3102 suscipere
612 3030 739 3086 solebant
752 3049 760 3097 ς
775 3046 841 3087 ecce
854 3030 900 3086 itla
915 3031 976 3086 tatis
994 3032 1114 3088 omnium
1169 3042 1253 3107 364
1270 3054 1315 3096 mo
1329 3040 1443 3096 emicum
1456 3042 1552 3111 sponsi
1563 3042 1965 3112 exhibui,doctrinamcontuli,

315 3119 472 3190 peripsema
488 3117 594 3186 ellectu,
602 3120 727 3174 oninium
733 3120 982 3191 pertranseuntium
997 3120 1116 3191 pedibus
1168 3128 1294 3183 virtutem
1311 3128 1422 3201 largitus
1436 3144 1506 3185 sum.
1523 3130 1732 3187 Praemonstravi
1747 3130 1871 3201 oraculis,
1889 3148 1967 3190 com·

314 3208 484 3279 conculcata,
526 3223 581 3263 non
617 3207 704 3263 solum
732 3207 806 3264 nulle
829 3208 943 3279 perdita
970 3208 1113 3277 libertatis.
1167 3216 1280 3288 probari
1296 3218 1455 3280 miraculis:
1473 3234 1567 3274 verum
1591 3226 1618 3274 tu
1642 3218 1711 3274 mihi
1726 3220 1865 3291 protulisti
1892 3220 1965 3277 Nor-

310 3298 370 3366 jnra
383 3294 405 3326 '¹
420 3296 527 3353 caeteris
541 3297 692 3366 restituere,
709 3296 817 3352 sednec
835 3313 884 3352 sua
895 3297 1113 3370 multotempore
1167 3305 1284 3362 mnnnlae
1295 3306 1432 3374 comitem,
1455 3307 1512 3364 Deo
1526 3322 1657 3374 vermem,
1679 3306 1782 3366 virenti
1810 3310 1966 3381 mortalem,

311 3387 397 3442 saluit
411 3387 519 3442 illibata
532 3385 684 3443 custodire.
703 3386 836 3442 Homines
845 3395 946 3458 eutem,
958 3403 1027 3459 quos
1044 3387 1113 3444 eiad
1168 3395 1302 3451 latitudini
1319 3397 1486 3470 Angelorum
1502 3405 1625 3470 angustae
1640 3397 1793 3454 solitudinis
1806 3399 1969 3455 nidumlix·

311 3475 465 3532 custodium
479 3474 756 3545 castitatisdeputari,
767 3476 1112 3547 aquibueeerteudaelnle·
1166 3485 1250 3542 cessit
1265 3499 1300 3540 ue
1316 3486 1406 3541 animo
1423 3487 1527 3542 l’etmm
1543 3485 1696 3556 apostolum
1712 3488 1861 3544 hnhoobiae
1876 3488 1967 3545 intro-

311 3566 417 3636 gritatis
428 3563 590 3619 illiuslidem
605 3564 708 3635 accepi,
725 3564 867 3620 nonmodo
879 3564 931 3636 ipsi
941 3564 1110 3620 nihildoien·
1163 3570 1283 3624 uisatum
1299 3583 1350 3626 nec
1365 3578 1455 3625 tamen
1465 3570 1586 3626 ullorum
1602 3569 1965 3643 ringnlrtbesnettomrnos

311 3652 623 3710 sionisadrerausalios
636 3653 742 3710 incasti
755 3653 871 3725 cupidos
898 3668 1040 3726 paravere,
1054 3654 1109 3712 iuro
1167 3653 1340 3726 experiretur
1367 3655 1407 3726 (t)
1423 3654 1538 3722 fluores,
1553 3653 1760 3724 prepeditum?
1775 3655 1829 3712 Cur
1854 3662 1882 3711 te
1895 3655 1965 3727 sugit

961 3768 1077 3825 velena
1096 3767 1303 3826 LECTIONES.

338 3861 520 3934 ''Diejudicii
535 3862 774 3921 mr.rtteerrreml
800 3863 907 3935 judicii.
930 3865 1098 3938 ”cinglense
1113 3882 1165 3922 ms.
1181 3864 1330 3922 coritabis.
1360 3861 1431 3920 1’SS.
1461 3863 1548 3921 Bonil.
1578 3865 1683 3922 Honor.
1712 3863 1868 3938 agathonis
1895 3883 1957 3924 ms.

309 3935 359 3993 SS.
394 3934 536 4001 bonifacii,
567 3935 720 4004 honorarii,
749 3935 885 4002 vitaliani,
901 3938 1064 4009 agathonis.
1101 3911 1259 3994 ”tenenda
1281 3953 1334 3992 ms.
1350 3936 1466 3992 tuendae.
1494 3933 1592 3992 ¹¹Cure
1617 3935 1754 4007 majera.
1792 3935 1963 3995 ”conruere

306 4023 357 4064 err.
376 4010 533 4078 conjuncta.
551 4005 717 4079 ”Quamque
731 4005 849 4079 denique
863 4023 916 4063 rna.
930 4023 1012 4079 quem
1026 4008 1154 4081 deniqne.
1174 4008 1235 4063 “Ex
1251 4014 1308 4064 toto
1321 4023 1374 4063 mx.
1391 4023 1425 4063 ex
1439 4014 1504 4063 tota.

979 4121 1126 4180 torulus
1146 4121 1285 4179 rlctltbl

687 4221 819 4278 &cleric
837 4221 866 4280 S.
890 4220 1005 4278 l'lcloris
1023 4220 1194 4277 Poririensir
1213 4219 1417 4294 lupertinlarrl
1435 4218 1569 4276 cononici

1073 4335 1179 4394 NO'l'AE

337 4432 381 4505 (t)
400 4433 540 4491 Romanoa
555 4433 750 4506 experiretur.
773 4433 808 4488 b.
830 4431 950 4490 anselm.
974 4433 1059 4506 epist.
1077 4436 1106 4497 7,
1161 4449 1270 4506 nusqne
1284 4431 1356 4504 apud
1372 4431 1526 4516 Germanos
1541 4433 1581 4503 (ut
1607 4429 1750 4516 gloriatur,
1766 4433 1891 4515 beneque
1918 4433 1954 4492 cb

308 4501 390 4566 intra,
404 4510 499 4574 aperte
513 4503 577 4559 dicit
603 4503 638 4558 D.
656 4504 761 4558 Petrum
784 4503 898 4558 llomarn
921 4503 1062 4576 migrasse.
1075 4505 1106 4561 ld
1160 4521 1271 4562 causam
1285 4505 1427 4560 Germanis
1438 4504 1952 4577 theologastnsameconJunctuslpro

307 4583 400 4630 temen
411 4576 501 4630 adhuc
515 4574 636 4630 tremitur
651 4588 668 4628 a
684 4575 784 4630 nostris
803 4585 830 4630 et
845 4574 992 4631 Germanis
1006 4586 1033 4631 et
1046 4581 1105 4632 An·
1160 4577 1258 4658 Christi
1272 4577 1322 4644 (sic
1337 4575 1531 4658 antichristum
1554 4575 1679 4646 specioso
1701 4575 1799 4630 Christi
1821 4577 1950 4632 mentitur

305 4647 361 4712 glis
389 4645 537 4701 Gnosticis.
564 4644 717 4700 Dolendum
744 4647 867 4716 prolecto
894 4646 1029 4714 homines,
1053 4646 1105 4702 sibi
1159 4653 1280 4714 nomme)
1293 4645 1471 4728 professione.
1552 4715 1558 4726 ¹
1824 4714 1830 4727 .
1896 4715 1902 4728 ⁸

303 4719 376 4786 argo
405 4717 584 4779 oculatiores,
598 4717 624 4769 in
648 4716 706 4771 bec
734 4730 864 4772 cariores
885 4719 920 4771 tat
959 4719 1144 4814 ,nondumD
1195 4719 1278 4774 Porro
1292 4717 1430 4787 ipsissima
1445 4719 1507 4772 sunt
1533 4731 1594 4798 elus
1606 4715 1699 4798 verba,
1726 4722 1849 4771 centuria
1864 4731 1948 4788 prima

302 4786 487 4858 ridisseapud
502 4790 573 4843 lren.
589 4787 636 4840 lib.
654 4802 713 4854 rm,
728 4803 788 4854 cap.
807 4791 817 4841 l
836 4795 863 4843 et
877 4787 904 4842 3.
921 4733 1034 4843 lzrtull.
1052 4789 1098 4844 tib.
1158 4787 1256 4860 Script.
1273 4789 1396 4843 Britann.
1413 4804 1474 4858 pag.
1492 4787 1697 4851 ltt.edrt.llasrl.
1715 4787 1783 4841 last
1799 4787 1946 4868 :ell‘etrus

301 4856 339 4912 lle
356 4859 443 4928 bapt..
461 4857 831 4930 Depraescription.;lgnat.
851 4859 885 4913 ed
901 4858 1022 4919 aedem.
1033 4859 1099 4914 Cas·
1150 4876 1212 4915 cum
1224 4877 1257 4914 ex
1271 4859 1370 4914 Christi
1387 4857 1494 4913 Dorrrini
1509 4857 1587 4927 jussu
1615 4873 1647 4913 ac
1662 4865 1799 4928 praecepto
1822 4873 1943 4914 orreum-

302 4929 383 4992 aiod..
398 4929 502 4984 Ruseb.
519 4929 626 4983 Cesar.
644 4928 693 4982 lib.
709 4943 740 4992 ιι,
760 4929 828 4984 llist.
858 4930 974 4993 Erotes..
992 4929 1097 4986 Rudino
1149 4930 1260 4987 cisionis
1274 4931 1411 5000 apostolus
1425 4929 1514 4990 luerit,
1545 4927 1652 4988 Gal.rr,
1680 4943 1787 5000 aequum
1818 4929 1942 5010 prolecto

305 4997 461 5066 interprete,
478 5016 539 5071 cap.
557 5000 600 5061 tl,
622 4999 888 5069 t5et25;lipi1-b.
918 5001 1015 5056 heres.
1044 5001 1095 5064 am
1149 5003 1432 5065 noneretut,relicto
1456 4999 1722 5071 ludaeorumgrege,
1749 5001 1877 5054 serenis
1901 5002 1942 5072 (ut

301 5071 425 5126 imbros.
443 5071 492 5126 tib.
509 5084 539 5124 nr
555 5068 683 5134 hasne,
700 5084 761 5140 cap.
774 5071 800 5123 l.
819 5071 928 5127 theron.
945 5070 971 5124 in
987 5073 1093 5135 citat:
1147 5075 1287 5128 somniant
1301 5073 1424 5141 panistae)
1440 5073 1512 5141 apud
1527 5078 1623 5142 gentes
1638 5069 1942 5128 incircumcisesttonrae

301 5137 387 5210 Optat.
404 5141 507 5196 Niterit
532 5140 582 5196 lib.
598 5153 618 5193 rr
633 5157 641 5205 ;
657 5141 776 5221 August.
797 5141 943 5220 [leharea.
958 5142 990 5195 ad
1001 5142 1096 5209 Quod·
1147 5143 1266 5210 sederet,
1280 5148 1327 5196 ant
1341 5142 1392 5196 illis
1406 5140 1547 5224 gentilium
1561 5156 1662 5222 regum,
1678 5156 1755 5196 more
1782 5143 1938 5222 imperaret.

300 5213 436 5267 rultdeurn
452 5212 520 5266 beer.
536 5211 562 5270 l,
591 5209 675 5266 Cont.
692 5212 732 5266 lrt.
755 5211 830 5266 Petit.
856 5210 904 5276 lib.
916 5226 946 5278 rr,
961 5228 1025 5282 cap.
1048 5214 1092 5281 bl,
1146 5213 1176 5267 ln
1187 5215 1281 5269 tudae
1296 5227 1363 5282 ergo
1378 5228 1410 5267 ac
1425 5212 1546 5266 finitimus
1557 5214 1726 5282 regionibus,
1743 5211 1841 5266 Christi
1858 5227 1938 5268 man-

300 5282 409 5337 etalios
424 5283 609 5352 quamplures,
621 5297 691 5351 qnos
704 5283 801 5337 lubens
814 5281 893 5350 sileo,
925 5284 1093 5340 nemanile-
1145 5283 1369 5340 detoobstriotus
1389 5283 1544 5351 permensit,
1574 5285 1726 5350 praedicans
1752 5284 1780 5362 iu
1795 5283 1939 5341 maritimis

298 5353 417 5407 atiortiat
427 5369 523 5408 eorum
537 5350 655 5407 eseliae.
1144 5357 1256 5410 urbibus
1272 5354 1451 5426 Evangelium
1467 5354 1543 5424 regni
1560 5353 1619 5414 Dei,
1635 5353 1708 5426 quod
1720 5362 1746 5408 et
1761 5369 1821 5423 ipsu
1833 5358 1936 5409 testan-

329 5423 397 5492 Quis
411 5423 560 5496 igiturnon
575 5421 658 5476 faciat
676 5422 766 5476 risum
782 5423 926 5496 plusquam
949 5422 1092 5480 Democri·
1142 5426 1551 5495 turmiraculaquaeperillum
1581 5425 1652 5504 Deus
1675 5424 1846 5505 operabatur.
1862 5425 1934 5481 Nam

297 5493 375 5573 ticum
389 5493 428 5622 fle
451 5495 499 5549 illa
524 5494 859 5620 ridlfflhrllfflgaglrul
890 5495 1087 5624 aRGermenie,
1141 5495 1707 5622 ὲξὲἀω[ἔπιΙέιαιοῐιιιῑῐὲιΐωίἐιὲεοιὶιέὴέῧῗιιιιῐξι
1724 5504 1845 5620 qeggqqqq
1856 5495 1934 5621 :ng-

296 5567 634 5719 qsqqemqtffiqqqsqsqqq
650 5587 746 5718 sochol.
761 5569 1087 5721 nmalgllllaboltlbsslllrl
1140 5583 1243 5720 nlelillss
1265 5583 1455 5720 (lelllurionem
1484 5606 1649 5719 baptizarit..
1670 5646 1750 5706 atquc
1778 5638 1832 5717 alia
1856 5637 1934 5707 plura

294 5703 1079 5852 ltlt‘t‘.wallahtllttlttlattlttl
1131 5705 1931 5850 {tlhlltttttlttltttsltltlhlttttttlitt

294 5847 361 5906 ielao
372 5851 497 5909 loannes
510 5849 611 5906 Balcia
624 5848 729 5922 anglus
738 5849 933 5922 Sudolrogius,
950 5850 1078 5924 peregri-
1133 5849 1206 5907 Fast.
1219 5852 1304 5908 libro.
