4750 6725
332 553 384 606 stt
650 596 654 601 .
1119 547 1216 604 utta.
1937 539 1989 596 918

368 673 412 731 te.
429 672 533 731 Eadem
548 688 657 744 queque
671 683 761 742 nocte,
777 690 833 747 qua
846 674 928 729 Pater
951 672 1048 729 beetur
1062 672 1128 729 dor·
1142 684 1172 749 Α
1186 672 1227 731 De
1253 670 1398 729 abbatibus
1426 668 1653 727 Cluniaceesibns
1680 667 1801 739 aprime
1822 665 1857 721 ed
1881 662 1990 721 beatum

330 761 409 820 mivit
423 760 452 818 in
464 761 595 833 Domino,
610 761 678 818 vidit
691 761 779 819 abbas
793 760 905 834 quidam
919 760 989 817 duos
1012 768 1130 831 sanctos,
1185 776 1271 835 usque
1280 760 1423 835 liugonem
1438 758 1501 816 iacti
1517 753 1579 815 sunt
1593 758 1621 813 bi
1636 770 1733 813 versus
1747 772 1754 809 :

331 853 360 908 ie
387 849 494 908 visione
516 850 645 908 decenter
671 859 789 922 ornatos,
818 850 980 923 angelornm
1006 850 1133 906 menibus
1260 848 1361 905 Ordine
1374 848 1472 919 Bemo,
1489 848 1564 919 prius
1577 849 1630 902 stat
1643 848 1746 902 honore
1759 838 1954 899 beatiorOdo:

332 940 368 997 ed
383 948 457 997 astra
471 939 588 1009 sustolli,
604 947 630 996 et
644 940 747 996 audivit
761 956 844 998 voces
857 939 885 995 in
907 938 1018 995 sublimi
1037 937 1134 995 dicen·
1225 935 1318 1012 Surgit
1330 936 1366 993 ub
1380 936 1423 992 his
1441 944 1549 993 sanctus
1567 935 1683 1005 llajolue
1697 934 1788 990 forme
1800 932 1935 998 virorum,

333 1028 420 1086 bum:
435 1028 492 1085 ilos
505 1028 632 1100 geminos
645 1028 688 1085 aui
705 1036 873 1087 correctores
892 1034 919 1086 et
932 1028 1034 1097 serub,
1044 1026 1135 1083 stratis
1267 1028 1368 1101 igneus
1381 1024 1519 1082 ardentem
1535 1022 1579 1081 vix
1592 1023 1725 1081 cohibens
1739 1020 1880 1089 enimam3

330 1133 397 1173 auro
411 1103 592 1185 radiantibus,
607 1116 672 1174 vitre
686 1116 784 1173 merito
792 1116 996 1186 collocabimus,
1007 1115 1134 1174 videlicet
1224 1114 1288 1173 Post
1301 1112 1352 1169 luit
1364 1114 1494 1171 Arvernis
1508 1128 1587 1170 sacer
1601 1112 1682 1170 Odilo
1695 1110 1795 1166 missus
1809 1108 1844 1165 ab
1858 1107 1926 1176 oris,

331 1205 556 1261 Centuariensem
575 1202 807 1277 arehiepiscopum
823 1213 850 1261 et
869 1205 1072 1261 cluniacensem
1087 1204 1134 1261 ab·
1259 1202 1353 1259 Mitior
1366 1202 1475 1277 ingenio
1491 1216 1573 1274 quern
1589 1202 1663 1257 ierus
1677 1198 1792 1272 imperio
1808 1214 1817 1255 t

330 1294 433 1362 batem,
449 1293 494 1365 qui
510 1292 656 1350 multorum
675 1302 739 1351 suet
753 1302 843 1365 patres
856 1293 975 1350 filiomm
989 1292 1017 1349 in
1033 1293 1131 1366 gloria.
1225 1290 1369 1349 Proximus
1383 1291 1557 1363 Hugovenis,
1574 1289 1697 1345 discretis
1711 1303 1777 1344 usus
1805 1284 1932 1353 habenis,

330 1382 377 1440 lsti
391 1380 503 1456 quidem
518 1382 573 1439 duo
586 1397 657 1457 pene
674 1382 726 1441 sub
741 1399 795 1441 uno
810 1390 932 1454 tempore
945 1382 1131 1440 decessemnt.
1259 1378 1361 1439 Ordine
1376 1379 1520 1455 posterior,
1535 1379 1649 1436 utilitate
1662 1377 1747 1450 prior.

956 1611 1363 1768 interere.

797 1858 853 1933 (aa
868 1839 982 1917 erre're
995 1857 1164 1918 trituram
1180 1856 1363 1917 creauere
1375 1855 1527 1930 errrore.)

646 2203 760 2263 CAPUT
777 2207 800 2260 l.
1136 2202 1271 2265 Betitate
1293 2204 1466 2277 perspicuus.
1480 2204 1552 2261 Dum
1571 2202 1665 2275 itaque
1691 2201 1789 2259 beatus
1812 2201 1892 2273 liupo
1912 2214 1986 2269 pre-

327 2292 373 2347 ex
386 2292 507 2362 eubulo
517 2294 642 2363 Hupoeis
657 2294 1128 2353 monacbiedl’oetiumebbetsm.
1184 2292 1256 2351 senti
1269 2293 1329 2349 vita
1346 2293 1515 2367 defungitur,
1530 2300 1632 2351 aeterna
1651 2291 1777 2359 donetur,
1793 2287 1861 2345 vidit
1874 2286 1986 2359 episco-

362 2381 389 2435 1.
405 2380 479 2436 Patri
491 2381 676 2448 serenissimo,
697 2382 871 2439 cluniacensi
892 2383 985 2441 olibeti
1010 2385 1129 2453 Ponere,
1182 2397 1236 2452 pus
1256 2382 1291 2439 ad
1307 2382 1512 2453 procedendum
1526 2386 1674 2438 conventus
1685 2378 1809 2454 {eximios
1822 2372 1987 2459 praepareri-

326 2466 439 2524 demino
453 2483 514 2540 suc,
543 2486 637 2527 servus
665 2472 756 2527 ano.
784 2473 856 2527 Dum
878 2480 965 2539 tuam,
980 2474 1072 2542 Pater,
1083 2488 1131 2530 ex·
1182 2485 1244 2527 cum
1259 2469 1440 2528 luminaribus
1454 2478 1482 2527 et
1501 2470 1684 2541 caeterisquae
1702 2468 1731 2525 in
1748 2465 1923 2540 processione
1936 2478 1985 2521 so-

325 2555 481 2613 retlentianr
507 2572 604 2630 penso,
619 2559 739 2629 injustus
761 2576 855 2617 coram
875 2568 903 2619 te
922 2560 1064 2633 loquiano
1078 2576 1130 2617 au·
1182 2556 1308 2617 lamniter
1329 2560 1422 2617 solent
1444 2557 1577 2615 exhiberi.
1602 2557 1740 2633 Episcopo
1761 2553 1907 2626 inquirenti
1926 2553 1986 2625 quis

329 2642 392 2701 deo.
409 2644 465 2701 Sed
478 2646 607 2717 qnoniam
621 2649 942 2719 memorandaquedam
964 2651 1000 2706 de
1027 2664 1130 2723 nragm
1183 2655 1263 2717 esset,
1284 2664 1365 2720 quem
1393 2655 1473 2705 tante
1498 2647 1651 2718 triumphus
1669 2645 1766 2721 gloria
1793 2648 1984 2715 exspectaret;

328 2733 457 2806 lingone,
471 2742 565 2791 sancto
575 2750 742 2807 precessore
756 2744 814 2808 teo,
828 2738 911 2794 tacite
925 2738 1015 2805 video,
1039 2738 1062 2794 si
1085 2746 1129 2795 tua
1182 2750 1345 2808 responsum
1359 2746 1410 2807 est,
1427 2736 1493 2810 quia
1514 2736 1550 2792 ad
1571 2735 1761 2796 deducendum
1775 2732 1916 2790 domiuum
1929 2732 1986 2787 llu-

321 2821 419 2891 jubeat
435 2837 481 2879 me
508 2823 558 2878 tari
581 2824 714 2897 dignatio,
726 2840 817 2896 pauca
839 2826 874 2883 de
892 2826 1028 2897 plurimis,
1043 2841 1129 2898 parva
1181 2840 1293 2898 genem,
1310 2824 1520 2883 Cluniacensem
1541 2824 1678 2893 abbatem,
1693 2821 1742 2879 ille
1762 2828 1919 2879 sanutcrum
1935 2820 1985 2877 de·

323 2908 359 2967 de
386 2911 526 2980 maximis,
542 2912 618 2970 brevi
647 2914 774 2985 expedio.
794 2916 852 2971 lata
879 2916 989 2988 quidem
1015 2915 1128 2973 diffusos
1181 2914 1367 2995 votioiestiva
1379 2914 1553 2987 procederet.
1568 2913 1647 2983 Quod
1661 2928 1722 2971 cum
1737 2912 1881 2989 episcopus
1895 2908 1985 2967 eomi-

324 2998 469 3072 scriptores
490 2999 553 3058 illos
577 3002 661 3057 mirer
687 3002 843 3073 obmisisse,
859 3005 905 3076 qui
928 3006 964 3061 de
990 3020 1025 3062 eo
1052 3014 1127 3062 taeta
1181 3020 1248 3063 rens
1261 3004 1345 3062 sociis
1363 3002 1507 3073 revelaret,
1524 3010 1686 3074 tempusque
1701 3018 1756 3073 quc
1770 2999 1798 3057 id
1812 2999 1918 3057 viderat
1931 2996 1985 3056 ad·

323 3086 465 3145 volumine
491 3090 695 3163 aoemmpsere.
728 3090 797 3161 Quo
822 3094 925 3163 refero,
949 3095 1128 3166 presentibus
1181 3101 1299 3161 deerat,
1314 3091 1451 3151 inGalliis
1465 3106 1609 3159 reversus3
1633 3090 1731 3149 eodem
1745 3088 1985 3159 invenittempore

325 3175 469 3233 nodmime
492 3179 631 3247 suntsed
652 3186 824 3252 posterorum
839 3183 982 3254 memorie,
995 3184 1124 3259 utiubes
1179 3190 1208 3247 in
1224 3181 1353 3241 cluniaco
1368 3188 1495 3241 sanctum
1508 3180 1652 3253 migrasse,
1663 3194 1718 3255 quo
1732 3178 1788 3235 sibi
1802 3178 1890 3237 tuerat
1903 3191 1980 3232 mce-

323 3265 455 3323 msndete
468 3275 540 3323 sunt
1178 3278 1293 3329 stratum
1311 3270 1413 3342 Pepim.

356 3357 385 3412 2.
401 3355 500 3412 Beatus
522 3358 603 3432 liugn
626 3357 660 3415 ad
682 3358 877 3435 Francigenas,
891 3378 941 3418 eos
956 3361 1123 3433 visitatums,
1215 3366 1242 3420 ³.
1265 3362 1410 3434 Postquam
1439 3375 1503 3418 uero
1523 3361 1633 3418 sauctm
1656 3356 1781 3429 decessit,
1809 3367 1838 3415 tu
1865 3354 1981 3415 feliciter

321 3443 388 3500 olim
417 3445 547 3503 exiverat.
560 3447 680 3504 Veniens
700 3457 791 3507 entem
813 3451 986 3508 Beliuecensa
1010 3452 1124 3509 territo·
1178 3451 1290 3520 electus,
1308 3459 1335 3508 et
1348 3450 1377 3506 in
1392 3447 1514 3507 osticium
1529 3449 1594 3506 muti
1609 3448 1697 3506 Petris
1710 3447 1794 3522 digne
1806 3447 1980 3520 subrogatus,
2091 3449 2093 3453 ’

320 3531 1121 3610 mum,intravitGomacumtttltsuperironamflumem.
1138 3539 1295 3624 cllemieo
1323 3538 1438 3594 ducente
1465 3536 1501 3593 ed
1522 3536 1694 3609 supradictas
1728 3535 1849 3594 aranee
1890 3543 1982 3608 partes

319 3621 362 3676 lbi
387 3637 450 3678 eum
477 3623 602 3680 alienus
615 3625 659 3682 vir
676 3625 789 3683 illustris
813 3627 963 3686 nocentes
990 3629 1120 3699 suscepit.
1176 3625 1353 3694 descendisti,
1368 3625 1415 3681 ubi
1439 3639 1489 3697 pro
1517 3633 1561 3682 tua
1587 3624 1636 3681 ille
1655 3623 1742 3681 nobili
1769 3622 1978 3682 consuetudine.

320 3709 397 3767 Uxor
411 3710 471 3780 riri,
482 3713 595 3769 nomine
608 3713 812 3787 llrmengardis,
821 3725 848 3772 et
860 3716 922 3788 ipsa
932 3723 1007 3774 tanto
1019 3715 1120 3788 hospiti
1174 3714 1330 3788 quibrnque
1343 3714 1417 3772 bone
1434 3711 1600 3786 predicens,
1624 3713 1716 3782 istum,
1731 3712 1767 3770 de
1792 3729 1847 3786 quo
1869 3719 1979 3770 sanctus

320 3807 481 3856 reverenter
489 3801 622 3858 occurrit.
641 3801 729 3872 Quam
744 3813 855 3861 sanctus
868 3812 898 3860 ut
911 3805 989 3871 vidit,
1002 3806 1120 3876 propbe-
1173 3803 1346 3875 predixerat,
1373 3802 1506 3874 juvenem
1530 3800 1667 3872 invenisti,
1695 3802 1834 3860 inventum
1863 3801 1978 3874 vocasti,

319 3886 374 3944 tice
387 3887 493 3946 ablatus
505 3891 614 3962 spiritu,
629 3891 720 3947 dixit:
739 3915 751 3943 ι
768 3893 892 3961 Domine,
908 3902 937 3951 tu
951 3895 1065 3969 gravide
1079 3910 1119 3964 es,
1173 3899 1301 3950 vocaturn
1328 3890 1459 3948 eduxisti.
1483 3893 1576 3963 ipsum
1595 3891 1625 3948 iu
1649 3890 1781 3949 Cluniaco
1802 3893 1977 3962 monachum,

319 3975 404 4032 ilium
428 3978 529 4048 penes,
545 3979 601 4052 qni,
626 3980 695 4037 siem
721 3982 780 4038 Deo
802 3982 943 4056 placuerit,
972 3984 1121 4040 moeeebus
1173 3980 1285 4039 nomiae
1312 3979 1486 4048 landricum,
1501 3979 1625 4049 plurimis
1649 3980 1727 4036 annis
1750 3979 1870 4038 vidimus
1896 3981 1978 4042 beris

318 4064 381 4121 erit.
397 4089 410 4115 ι
427 4067 547 4124 Audiens
561 4069 734 4141 mulierque
747 4070 823 4128 dese
837 4079 901 4128 anm
923 4087 978 4127 non
994 4074 1121 4140 noverat,
1172 4069 1321 4142 pollentem
1336 4069 1457 4126 moribus
1467 4070 1552 4139 (titt).
1565 4068 1923 4144 Sic,Peterbenignissima,
1933 4075 1978 4134 sic

319 4153 484 4219 mimbatur;
513 4165 673 4228 presentes,
702 4158 810 4214 audita.
828 4161 970 4233 signantes
997 4160 1119 4229 oracula,
1172 4175 1328 4231 praecessor
1340 4167 1402 4216 tuna
1417 4158 1503 4214 abbas
1516 4158 1597 4232 lingo
1611 4159 1809 4230 sanctissimus,
1817 4177 1896 4232 quem
1910 4163 1975 4236 pln-

318 4242 494 4300 letabuntur.
519 4246 708 4316 Postmodum,
721 4247 800 4317 juxta
821 4249 892 4305 servi
919 4249 971 4306 Dei
992 4249 1119 4320 verbum,
1172 4247 1272 4306 dmum
1295 4247 1423 4316 dilexisti,
1445 4246 1501 4304 imo
1525 4263 1607 4321 quem
1628 4246 1735 4321 diligis,
1752 4247 1792 4305 sic
1818 4249 1888 4308 inter
1908 4252 1975 4309 alias

317 4331 435 4403 gravida
462 4333 511 4390 iila
536 4335 644 4407 peperit
664 4335 760 4393 titium.
783 4337 874 4394 Crevit
893 4353 969 4409 puer,
984 4346 1012 4394 et
1025 4353 1119 4395 erma-
1172 4336 1286 4394 virtutes
1301 4352 1364 4392 sues
1385 4336 1469 4392 etiam
1491 4335 1650 4407 prophetice
1672 4335 1801 4393 clamisse
1827 4338 1972 4409 probatum

317 4428 406 4476 torem
431 4421 575 4493 deputatus
600 4423 701 4495 officio,
730 4425 856 4481 militiam
883 4427 1008 4499 adeptus,
1034 4434 1064 4483 ut
1091 4428 1121 4484 id
1173 4425 1214 4482 sic
1228 4425 1257 4480 in
1276 4425 1318 4480 sui
1333 4423 1509 4480 dissolutione
1531 4423 1664 4494 corporis,
1678 4423 1800 4494 pontitici
1826 4425 1972 4499 relevatus,

316 4505 455 4562 hominum
470 4523 561 4580 genus
581 4509 652 4568 male
675 4512 826 4582 consuevit,
842 4513 1011 4584 pemiciosua
1025 4512 1119 4572 evasit.
1172 4511 1405 4588 supercoelestium
1423 4511 1544 4570 concivis
1558 4527 1619 4568 esse
1632 4511 1811 4585 dignoscitur.
1836 4513 1891 4572 Sed
1910 4529 1973 4574 mea

315 4595 425 4652 interea
445 4606 566 4668 sanctus,
581 4599 683 4669 plenus
703 4599 807 4657 diemm
822 4601 927 4673 pariter
940 4610 967 4658 et
981 4601 1118 4660 virtutum,
1173 4603 1255 4660 modo
1270 4603 1351 4660 sileat
1363 4603 1491 4675 parvitas,
1508 4609 1553 4658 tue
1567 4601 1657 4674 magis
1669 4601 1732 4670 ista,
1747 4617 1829 4676 quam
1841 4603 1896 4661 alta
1907 4604 1971 4677 sint,

314 4685 387 4741 diem
414 4685 443 4741 in
457 4685 579 4744 Domine
602 4688 702 4745 clausit
721 4697 883 4746 extremum.
913 4692 979 4746 Erat
1001 4697 1064 4748 tunc
1091 4691 1120 4748 in
1173 4691 1325 4766 perpendat
1345 4690 1472 4748 charius.
1497 4692 1539 4748 De
1563 4691 1614 4746 bac
1635 4689 1708 4746 enim
1730 4689 1871 4750 altitudine
1886 4692 1970 4766 loqui,

314 4769 393 4829 italie
406 4775 481 4846 apud
507 4776 618 4849 Papiam
646 4777 733 4834 decus
761 4778 921 4851 pontificum
947 4779 1121 4838 Gadeiredes
1173 4787 1298 4856 egotam
1315 4779 1426 4837 iniimus
1441 4779 1538 4836 timere
1550 4777 1647 4836 debui.

316 4861 879 4941 ambianensisepiscopustittl,doctrine
891 4867 1155 4985 praeclarus,san·D
1211 4871 1238 4927 1.
1250 4872 1331 4928 Anno
1346 4869 1464 4943 denique
1475 4869 1557 4928 Verbi
1572 4870 1608 4926 de
1622 4867 1735 4944 Virgine
1760 4869 1818 4928 nati
1839 4871 1918 4944 trra,
1934 4873 1970 4932 de

350 5039 425 5110 (111)
436 5040 601 5112 Gomacum,
611 5043 696 5115 vulgo
705 5043 1115 5174 Goumff·sur·flpts,‡uinqne
1170 5047 1338 5105 revelatione
1352 5046 1380 5104 S.
1398 5045 1549 5103 Godeirido
1559 5045 1630 5104 iacta
1642 5052 1705 5119 post
1714 5045 1881 5106 nativitatem
1891 5051 1970 5122 pueri

316 5109 401 5168 leucia
421 5112 565 5170 Bellovaco
588 5114 669 5170 distat
696 5123 773 5170 trans
844 5117 970 5189 temoni
1019 5135 1116 5176 raneos
1171 5123 1201 5176 et
1226 5117 1448 5190 depravationem
1475 5115 1570 5184 adulti,
1591 5117 1721 5176 continuo
1747 5119 1885 5178 subnectit
1911 5123 1970 5194 ejus

316 5182 490 5240 strictissime
516 5184 615 5252 dictes,
641 5185 670 5240 id
693 5193 735 5242 est
754 5186 898 5243 Perierensi
911 5188 1039 5262 regimini
1052 5190 1117 5247 sub·
1171 5188 1381 5247 conversionem
1403 5189 1456 5246 boo
1478 5187 1560 5246 modo
1576 5205 1582 5242 :
1601 5187 1738 5246 -tnterr‘n
1755 5192 1784 5246 B.
1801 5191 1882 5264 lingo
1896 5207 1969 5262 prae-

316 5253 400 5320 ditos,
415 5255 619 5312 disterminata
633 5256 842 5321 Nortbmunnis;
864 5266 951 5314 utrum
965 5275 1032 5316 vero
1046 5263 1117 5331 lipte
1170 5261 1256 5318 sentis
1279 5259 1344 5316 viter
1357 5274 1466 5315 cursum
1488 5259 1635 5342 complevit
1650 5273 1657 5314 :
1674 5259 1717 5316 eui
1730 5261 1795 5318 dum
1809 5263 1869 5334 ejus
1883 5264 1969 5322 Patris

316 5325 418 5381 tiuvius
437 5326 520 5381 etiam
543 5326 648 5382 dicotur
668 5330 777 5391 Arcam
799 5345 835 5384 an
848 5330 994 5387 occasione
1007 5331 1117 5388 eltedtrs
1171 5331 1231 5404 pios
1257 5329 1329 5386 lilius
1350 5330 1469 5386 domnus
1486 5333 1605 5398 Ponttus,
1623 5331 1764 5400 successit,
1781 5332 1970 5394 Cluniacensis

317 5397 447 5465 tiemari,
472 5397 544 5454 inter
571 5397 687 5455 Parisios
710 5408 736 5456 et
763 5399 939 5456 lielodunum
962 5401 1017 5468 siti,
1033 5403 1117 5476 vulgo
1169 5401 1256 5460 abbas
1265 5409 1429 5472 assumptus,
1438 5401 1677 5474 etipseFraneiatn
1686 5403 1968 5466 visitaturusintratit.

318 5466 653 5541 Gmmcp·wr·Marne,
668 5472 832 5526 exerraverit
845 5472 935 5543 liupo,
951 5481 979 5528 et
992 5473 1117 5532 librario·
1171 5473 1222 5532 Ubi
1238 5488 1287 5556 pro
1307 5488 1358 5529 sue
1377 5471 1463 5528 nobili
1481 5473 1676 5530 consuetudine
1691 5483 1813 5532 errantes
1827 5491 1967 5546 revocans,

316 5553 375 5593 rum
389 5538 470 5610 culpe
482 5538 623 5611 irrepserit
646 5541 740 5598 Arcera
759 5557 810 5612 pm
825 5540 975 5612 Matrona,
991 5559 1046 5600 non
1065 5545 1116 5602 de·
1170 5545 1307 5616 plurimos
1321 5559 1413 5600 secum
1427 5543 1540 5602 adduxit
1564 5545 1634 5602 inter
1648 5561 1716 5616 quoa
1730 5553 1758 5602 et
1781 5561 1824 5604 me
1838 5555 1968 5619 peceato-

317 5608 394 5664 llnie.
1170 5631 1239 5684 rem,
1268 5623 1295 5671 et
1319 5615 1390 5671 hunc
1410 5613 1445 5670 de
1466 5632 1520 5688 quo
1540 5585 1677 5688 loquimur
1692 5617 1824 5688 juvenem
1851 5617 1968 5686 invenit,

353 5681 428 5750 (tta)
447 5680 477 5737 S.
493 5679 659 5738 Godelridus
672 5681 758 5753 episc.
774 5683 904 5740 Arabiam
919 5684 1019 5742 colitur
1032 5690 1048 5742 8
1061 5687 1118 5744 No·
1171 5686 1289 5756 vocavit,
1305 5691 1333 5742 et
1359 5693 1510 5746 utsanctus
1542 5687 1686 5746 rasdixamt
1706 5688 1877 5744 monachum
1897 5685 1968 5744 eiia-

317 5749 448 5879 lrffibris,
463 5751 535 5808 rexit
557 5751 708 5810 Ecclesiam
733 5770 811 5812 suam
837 5756 874 5811 ab
898 5769 971 5812 anno
1000 5758 1067 5815 rtot
1081 5758 1117 5814 ad
1169 5757 1232 5888 31tho
1234 5828 1239 5838 Ι
1248 5759 1369 5816 Praeseua
1395 5758 1478 5818 estin
1501 5705 1641 5829 CRtuiace,
1657 5757 1819 5820 sacerdotati
1846 5757 1969 5838 fungitur

391 5863 398 5877 .
1232 5845 1300 5888 to.-

353 5892 474 5968 (tltiln
487 5893 548 5953 ilita
568 5901 665 5972 postea
691 5896 791 5973 scripta
813 5898 887 5957 idem
912 5900 1002 5978 lingo,
1015 5898 1116 5960 omissa
