4750 6725
314 638 368 699 517
869 635 1031 700 HISTORIA
1044 635 1273 702 NOVORUM.-
1292 644 1355 705 nin.
1371 645 1416 707 VI.
1914 672 1966 731 51⁸

312 797 445 862 gematur
457 789 485 846 in
504 787 605 857 Scotia,
626 785 756 858 quiddam
776 787 878 842 uostris
902 785 1008 842 sacculis
1031 786 1113 841 inan·
1128 771 1155 834 Α
1170 789 1315 847 multomm
1329 802 1435 850 mentes
1448 799 1586 868 exterruit,
1615 811 1696 872 atque
1724 810 1842 869 turbavit
1881 824 1909 872 ep
1933 818 1950 872 d

312 882 400 938 ditum
417 877 549 951 contingit
563 879 592 932 in
606 876 716 948 anglia.
741 875 916 932 Willbelmus
943 875 1016 930 enim
1043 873 1116 930 filius
1169 877 1284 934 occultis
1295 880 1360 957 justi
1376 882 1425 938 Dei
1437 884 1549 954 judiciis
1560 886 1589 942 in
1603 890 1809 954 admirationem
1823 836 1968 964 ebnoussire

312 976 389 1050 regis
402 969 522 1038 ilenrici,
548 969 625 1039 cujus
651 967 680 1020 in
700 964 885 1037 superioribus
912 964 996 1036 hujus
1024 963 1117 1034 operis
1168 963 1210 1020 lio
1225 973 1328 1024 tarnem
1343 970 1422 1026 citius
1448 974 1544 1030 sedata
1562 984 1604 1033 est
1631 978 1659 1034 in
1672 983 1851 1050 plurimorum
1870 949 1969 1054 animis

314 1062 454 1123 nonnullis
481 1057 666 1122 meminimus,
682 1056 788 1110 Patrem
819 1069 899 1110 sunm
914 1068 931 1108 a
945 1053 1114 1109 Nortbrucn-
1169 1053 1249 1123 hujus
1277 1059 1435 1116 turbationis
1460 1063 1624 1136 immanitas,
1653 1071 1717 1139 quia
1744 1075 1863 1134 animam
1882 1098 1913 1138 re
1935 1084 1955 1141 's

311 1156 361 1212 nia
374 1154 403 1210 in
427 1149 553 1223 angliam
576 1161 729 1218 regressum
757 1143 835 1215 sequi
865 1141 994 1214 gestiens,
1019 1155 1114 1196 navem
1170 1157 1251 1212 quem
1280 1148 1397 1205 maxime
1425 1150 1478 1207 hoc
1506 1153 1682 1213 infortunium
1696 1164 1860 1233 respiciebat
1885 1101 1965 1230 mgb-⁹

312 1243 480 1318 ingreditur,
494 1237 606 1310 copiosa
620 1232 771 1302 nobilliunx,
788 1231 915 1298 militum,
932 1245 1074 1302 puerorum
1085 1243 1116 1283 ac
1167 1228 1234 1286 bant
1248 1234 1319 1289 virili
1332 1239 1425 1294 animo
1439 1257 1468 1295 sc
1493 1252 1632 1314 agentem,
1661 1257 1688 1303 et
1700 1252 1819 1323 aequitati
1843 1211 1965 1326 jbdicjo.

314 1335 478 1392 feminarum
507 1323 679 1382 multitudine
706 1320 860 1378 comitatus.
884 1318 957 1389 Quid
972 1333 1034 1374 mox
1048 1333 1115 1389 por·
1171 1335 1230 1376 rum
1245 1323 1305 1393 Dei,
1322 1327 1365 1381 cui
1380 1343 1460 1385 nemo
1487 1332 1614 1389 resistere
1638 1345 1736 1407 potest,
1761 1341 1966 1408 haecsnbmisso

313 1437 370 1485 tum
398 1421 483 1478 mens·
506 1415 591 1474 evecti
617 1413 741 1483 miraque
767 1409 839 1466 aeris
867 1408 1012 1464 serenitate
1041 1405 1115 1476 freti,
1169 1419 1249 1483 gestu
1264 1420 1371 1470 atroce
1385 1418 1583 1480 attribuentem.
1614 1425 1644 1478 ln
1658 1427 1700 1480 bis
1717 1444 1836 1504 namque
1852 1451 1883 1492 aa
1897 1453 1965 1494 con-

314 1519 383 1573 lreto
398 1509 492 1584 elapsi,
509 1509 538 1562 in
559 1501 667 1560 modica
685 1499 762 1556 neris
790 1511 841 1569 qua
870 1496 1048 1564 vehebantur,
1064 1511 1115 1550 ru·
1169 1501 1271 1570 solans,
1300 1504 1396 1560 humili
1424 1508 1520 1577 spiritu
1543 1517 1569 1565 et
1583 1528 1646 1568 ores
1659 1516 1727 1571 dixit
1740 1522 1813 1589 quod
1841 1528 1966 1586 omnibus

313 1623 377 1679 pern
406 1603 555 1664 incurrens,
585 1607 678 1650 eversa
704 1595 752 1655 cst,
783 1595 810 1644 ct
836 1601 931 1642 omnes
959 1585 1004 1655 qui
1030 1583 1059 1639 in
1082 1599 1116 1639 eu
1169 1589 1329 1647 Christianis
1340 1593 1367 1649 in
1382 1597 1484 1652 cunctis
1509 1601 1655 1658 eventibus
1676 1606 1892 1669 snisdicendum
1907 1617 1965 1676 fore

311 1694 476 1757 residebant,
492 1691 606 1785 excepto
620 1680 719 1780 rustico
733 1691 797 1776 uno,
813 1684 839 1774 et
853 1676 924 1774 ipso,
950 1683 979 1729 ut
1001 1672 1116 1773 ‘ierem-
1169 1677 1310 1748 intellexit,
1326 1682 1460 1754 videlicet,
1475 1689 1638 1748 Sttaomam
1654 1694 1768 1754 contat
1785 1699 1964 1763 benedictam

313 1796 368 1852 tur,
398 1797 449 1838 nec
475 1787 586 1834 nomine
613 1769 697 1842 digno
724 1783 770 1838 qur
785 1779 853 1820 mna
877 1765 925 1819 ner
940 1769 1025 1834 graba
1039 1775 1116 1816 vivus
1168 1769 1321 1826 insaecula.
1335 1773 1432 1828 amem
1446 1774 1534 1846 (tobi,
1550 1779 1606 1848 tt).

312 1874 410 1942 erasit,
440 1865 554 1924 marinis
581 1858 708 1916 fluctibus
736 1861 798 1911 sunt
825 1851 955 1922 absorpti.
986 1849 1053 1920 Qum
1071 1865 1116 1906 res

312 2001 1957 2052 “ff—*Q-

937 2198 1101 2293 LlBER
1116 2194 1359 2292 SEXTUS.

1060 2379 1197 2394 m

346 2538 408 2608 Qua
420 2529 589 2607 jocunditate
602 2533 628 2582 et
642 2521 820 2581 exsultatione
834 2529 948 2589 regnunt
957 2511 1064 2584 tngtie
1078 2509 1105 2564 in
1117 2509 1145 2569 B
1159 2505 1308 2579 praemissa
1322 2503 1436 2560 intentio
1456 2519 1546 2576 poenae
1560 2521 1653 2578 regem
1668 2507 1712 2564 rel
1724 2509 1879 2580 pontificem
1912 2516 1961 2572 ali.

308 2629 403 2686 redita
418 2622 490 2696 regis
504 2617 684 2676 exhilaratum
700 2609 792 2676 luerit,
807 2607 855 2679 qui
883 2602 1014 2675 temporis
1037 2598 1108 2653 illius
1162 2604 1296 2669 qnatenus
1310 2593 1493 2662 conturbaret,
1509 2609 1543 2649 cx
1557 2596 1695 2651 communi
1708 2599 1821 2656 consilio
1842 2605 1962 2672 permis-

309 2715 477 2780 recordatnr,
493 2716 577 2765 etms
591 2708 706 2770 tacente,
732 2698 874 2755 advertere
901 2691 1010 2764 poterit.
1038 2688 1108 2757 Spes
1162 2701 1209 2740 sus
1222 2682 1347 2739 estidem
1360 2682 1530 2738 'thurstanus
1543 2683 1668 2756 angliam
1686 2686 1787 2757 redire,
1802 2693 1830 2744 et
1852 2691 1961 2750 Ebora·

310 2805 412 2864 etenim
427 2814 528 2872 magna
543 2793 636 2868 magni
663 2789 726 2846 honi
753 2786 899 2843 multorum
914 2777 1051 2836 mentibus
1066 2777 1108 2832 est
1162 2788 1223 2828 cum
1239 2771 1315 2844 regia
1329 2770 1383 2840 ria,
1399 2770 1504 2827 venire.
1521 2768 1602 2839 Quod
1617 2779 1643 2828 et
1657 2771 1758 2830 factam
1772 2783 1814 2832 est
1828 2780 1959 2855 eadispa

308 2896 376 2952 inde
402 2889 533 2964 proiecta,
563 2899 624 2956 quae
652 2878 703 2935 sibi
730 2875 897 2949 promitteret
931 2869 1055 2924 levamen
1082 2871 1109 2919 et
1162 2861 1259 2918 sitione
1273 2865 1304 2914 ut
1317 2860 1469 2914 nullatcnus
1483 2867 1559 2915 extra
1572 2862 1732 2932 parochiam
1760 2864 1959 2927 Eboraeansem

309 2983 440 3043 auxilinm
454 2994 471 3035 a
484 2974 591 3048 magnis
606 2969 695 3038 melis,
710 2979 827 3038 quorum
842 2960 922 3016 taedio
936 2956 1049 3012 nimium
1064 2967 1110 3008 an·
1162 2949 1283 3010 ditinum
1298 2947 1415 3006 officium
1435 2948 1593 3015 celebraret,
1622 2950 1708 3007 donec
1732 2953 1861 3012 Ecclesia)
1887 2959 1960 3014 cm.

309 3075 392 3132 tebac
405 3067 568 3127 videbantur
586 3061 697 3116 iniecta.
713 3055 812 3112 Verum
827 3051 892 3106 dum
907 3047 980 3102 fama
994 3042 1109 3099 intonuit
1162 3037 1290 3095 suanensi
1315 3038 1350 3093 de
1377 3036 1485 3108 injuria,
1513 3053 1594 3108 qnam
1624 3038 1649 3094 ai
1663 3039 1800 3112 intulerat,
1836 3043 1961 3115 abjum,

308 3159 511 3225 willhelmum,
524 3153 583 3224 Jam
602 3149 668 3205 olim
682 3143 759 3218 regni
772 3139 908 3197 baeredem
923 3133 1106 3207 designatum,
1162 3127 1253 3186 cordis
1266 3125 1307 3183 sni
1321 3124 1512 3195 obstinatione,
1528 3125 1709 3187 satisfaceret.

308 3248 447 3308 demedio
462 3239 678 3306 essesnblatum,
690 3249 743 3290 non
758 3245 844 3303 parra
857 3227 937 3283 bonae
952 3219 1107 3295 speiportin
1196 3216 1262 3271 llaec
1276 3215 1345 3270 inter
1359 3216 1395 3270 dc
1414 3213 1516 3288 reginae
1537 3215 1716 3282 maritatione,
1744 3234 1830 3276 necne
1857 3222 1885 3278 in
1912 3239 1959 3280 re-

310 3339 405 3413 periit,
421 3329 599 3395 consideratis
612 3323 762 3397 injustitiis,
792 3333 851 3392 quae
877 3311 993 3372 inomni
1008 3323 1107 3383 genere
1160 3319 1246 3379 gnum
1256 3304 1427 3377 pmmotione
1445 3306 1535 3361 actum
1549 3312 1589 3361 eat
1602 3303 1672 3363 inter
1686 3307 1763 3381 regni
1777 3308 1960 3385 sublimiores,

305 3428 447 3487 bominum
461 3422 516 3478 illis
529 3417 625 3475 diebus
636 3411 826 3485 emergebant.
844 3407 968 3461 Attamen
990 3415 1037 3455 rex
1064 3398 1106 3453 le·
1160 3403 1187 3453 et
1201 3395 1232 3451 in
1247 3395 1405 3451 vindlesora
1421 3395 1511 3466 ipsum
1527 3394 1858 3466 negotiumadministrari
1872 3400 1963 3473 dispo,

304 3518 376 3593 palis
387 3510 498 3585 conjugi
514 3524 595 3574 nexu,
611 3504 677 3561 olim
692 3486 1106 3567 solutus,nequidulte1insin·
1160 3484 1246 3541 sitnm
1272 3490 1321 3540 est.
1348 3482 1401 3539 libi
1429 3498 1490 3540 cum
1515 3482 1662 3553 episcopus
1688 3484 1881 3557 serberiensis,
1896 3492 1962 3561 quia

303 3608 451 3663 honestum
465 3596 654 3659 committeret,
671 3587 784 3647 consilio
810 3580 917 3640 Radulfi
945 3576 1105 3635 cantuario·
1159 3580 1277 3629 castrum
1305 3571 1393 3645 ipsum
1418 3570 1446 3625 in
1465 3570 1578 3626 dioecesi
1604 3586 1654 3626 sua
1679 3574 1811 3644 consistit,
1839 3576 1958 3635 officium

305 3711 364 3751 rum
380 3689 521 3765 pontificis
536 3694 561 3743 et
576 3681 729 3756 principum
756 3673 844 3747 regni,
874 3684 942 3744 quos
957 3682 1051 3723 carnes
1077 3664 1105 3719 in
1160 3661 1250 3733 ipsius
1263 3661 1369 3733 copulae
1383 3658 1513 3714 niteretur
1527 3658 1915 3729 administrari,contradictum
1930 3676 1958 3723 et

304 3780 463 3856 Epiphania
478 3774 589 3834 Domini
604 3771 655 3827 sub
683 3781 741 3823 uno
755 3759 902 3819 lundonie
915 3752 1104 3830 congregarit,
1159 3748 1367 3821 comprobatum
1382 3746 1418 3803 ah
1432 3747 1492 3803 aliis
1507 3754 1558 3817 est,
1571 3748 1659 3819 magis
1672 3748 1708 3803 ad
1721 3751 1955 3827 archiepiscopum

306 3870 428 3929 decrerit
442 3866 495 3923 sibi
509 3865 537 3920 in
550 3875 666 3918 uxorem
679 3851 849 3911 atheleidem
863 3846 949 3903 filiam
972 3838 1105 3900 tiodtredi
1121 3865 1146 3931 C
1161 3836 1380 3893 cantuariensem
1394 3836 1424 3891 id
1437 3836 1584 3907 pertinere,
1614 3852 1646 3891 ea
1661 3836 1764 3893 ratione
1779 3840 1855 3910 quod
1867 3856 1916 3897 rex
1931 3851 1959 3899 et

307 3960 384 4015 ducis
398 3952 592 4026 Lotbarinqias‚
607 3945 726 4021 puellam
741 3940 886 4011 virginem,
914 3932 994 3989 bonis
1022 3928 1108 3985 mori-
1162 3926 1258 3999 regina
1270 3924 1403 3996 speciales
1416 3940 1448 3980 ac
1463 3924 1605 3981 domestici
1618 3926 1776 3996 parochiani
1789 3936 1851 3984 sant
1862 3929 1959 4002 ipsius,

306 4048 360 4104 bns
375 4049 402 4105 et
416 4044 516 4102 decore
532 4036 648 4095 modesti
669 4032 760 4091 vultus
783 4027 914 4083 decenter
935 4020 1105 4094 insignitam.
1163 4031 1214 4071 nec
1228 4014 1374 4070 dioecesem
1401 4012 1522 4083 cujusvis
1549 4012 1672 4085 episcopi
1685 4013 1711 4069 ei
1726 4029 1806 4087 possa
1820 4018 1960 4092 preripere

307 4135 349 4193 cd
365 4136 446 4208 hujus
460 4132 545 4205 igitur
558 4125 664 4198 copulae
678 4117 874 4195 perlectionem
899 4110 994 4168 directi
1023 4104 1109 4163 nuntii
1164 4097 1238 4171 qnod
1253 4097 1295 4153 sni
1320 4097 1391 4168 juris
1419 4095 1586 4170 dignoscitur
1618 4112 1688 4166 esse,
1714 4113 1777 4155 cam
1792 4107 1849 4157 tota
1875 4110 1958 4174 terra,

307 4234 380 4295 sunt,
395 4223 439 4295 qui
455 4236 517 4279 cum
533 4218 572 4274 hia
591 4229 656 4286 ‘pros
670 4212 730 4267 dux
744 4212 908 4263 memoratus
920 4198 1046 4273 Angliam
1058 4211 1108 4266 pro
1163 4186 1225 4261 lege
1238 4188 1385 4259 primatus,
1402 4185 1555 4241 cantuariae
1566 4186 1700 4255 parochia
1712 4202 1761 4243 sua
1788 4188 1833 4260 sit,
1862 4198 1961 4249 etant-

306 4316 361 4373 hoc
384 4314 445 4384 ipso
460 4308 652 4371 destinaverat,
669 4296 840 4355 festinantius
855 4293 935 4357 irent,
949 4296 975 4344 et
987 4288 1107 4341 suturam
1163 4292 1213 4333 nos
1228 4275 1349 4346 episcopi
1377 4274 1460 4329 totius
1487 4274 1584 4330 insulae
1609 4276 1752 4345 parochias
1765 4293 1833 4347 qaas
1859 4278 1961 4337 babent

305 4404 388 4477 requi
404 4400 552 4465 dominam,
570 4402 598 4451 nt
611 4390 736 4457 decebat,
753 4398 858 4442 summo
875 4396 936 4437 cam
952 4378 1053 4433 bonore
1062 4372 1107 4429 ad·
1163 4381 1217 4420 non
1231 4364 1284 4419 nisi
1298 4362 1335 4419 ab
1349 4363 1407 4435 ipso
1420 4368 1447 4417 et
1459 4378 1510 4432 per
1522 4363 1614 4433 ipsum
1629 4362 1755 4422 babeant.
1767 4364 1867 4423 Sedala
1880 4368 1962 4440 igitur

305 4493 449 4551 ducerent.
465 4483 596 4543 Venienti
620 4492 689 4552 ergo
704 4474 743 4531 illi
765 4488 891 4531 occursus
915 4467 1106 4537 episcopomm
1160 4452 1191 4508 in
1206 4452 1248 4508 bis
1267 4453 1451 4508 controversia
1477 4457 1528 4507 est.
1554 4452 1647 4523 ltaque
1670 4452 1800 4522 quoniam
1827 4454 1960 4512 Raduliua

304 4587 333 4635 et
360 4588 506 4650 proceram
535 4565 615 4640 regni
641 4560 742 4630 lichia,
770 4557 816 4613 ubi
845 4552 958 4627 appulit,
995 4548 1106 4623 grandis
1160 4540 1391 4613 archiepiscopus,
1408 4538 1530 4611 corporis
1555 4538 1694 4596 debilitate
1714 4550 1852 4613 paratus,
1876 4542 1961 4600 mini-

308 4667 399 4725 tactus
413 4671 464 4733 est,
480 4657 584 4717 atinde
599 4655 631 4710 ad
656 4650 758 4709 cumam
784 4644 859 4719 regis
886 4656 972 4715 nsque
998 4639 1104 4710 perdu-
1160 4631 1271 4687 sterium
1287 4630 1374 4700 ipsum
1389 4636 1543 4700 opportune
1557 4629 1669 4701 exsequi
1683 4629 1822 4702 nequibat,
1852 4632 1958 4706 injunxi

351 4798 359 4814 .
1161 4719 1228 4776 illud
1244 4720 1372 4791 episcopo
1385 4717 1571 4774 Wintoniensi
1584 4733 1628 4784 ne,
1649 4716 1672 4773 si
1700 4718 1843 4791 episcopus
1857 4719 1958 4778 Serbe-

345 4846 413 4902 Cnm
431 4842 493 4898 hanc
507 4838 545 4895 ita
559 4832 780 4891 administmntur
794 4830 929 4883 conventu
949 4819 1104 4891 principum
1159 4810 1257 4866 riensis
1271 4807 1338 4863 illud
1352 4808 1561 4875 administraret,
1587 4807 1696 4878 insuper
1708 4808 1828 4863 venturis
1841 4816 1951 4883 tempo.

305 4934 353 5009 qui
368 4948 420 5005 pro
434 4944 547 4987 occursu
561 4923 668 4996 reginae
677 4920 764 4974 lactus
778 4914 865 4971 luerat
874 4911 993 4967 noudum
1004 4908 1102 4977 soluto,
1158 4900 1237 4957 ribus
1251 4898 1350 4970 aliquis
1362 4897 1416 4952 tale
1429 4896 1493 4967 qnid
1508 4913 1542 4951 ex
1565 4910 1622 4950 snae
1647 4896 1786 4952 Perochiae
1801 4898 1957 4957 anctoritate

304 5036 422 5095 magnus
434 5031 526 5075 sermo
541 5012 649 5070 babitus
663 5005 752 5065 estde
766 5001 881 5059 discidio
895 4998 1103 5072 quodeousqne
1159 5002 1242 5060 qnam
1270 5002 1303 5043 ex
1337 4984 1538 5041 cantuariensis
1564 4983 1684 5055 episcopi
1711 4984 1877 5054 obedientia,
1905 4988 1957 5045 sibi

305 5109 468 5169 versabatur
482 5107 554 5161 inter
567 5096 712 5157 Radullum
726 5090 961 5163 archiepiscopum
984 5086 1102 5141 Cantus·
1157 5076 1318 5133 vindicaret.
1335 5075 1367 5130 ln
1381 5073 1499 5129 crastino
1514 5080 1606 5127 autem
1621 5072 1783 5143 expletionis
1796 5074 1877 5132 officii
1906 5078 1958 5133 hu·

305 5197 434 5261 rienscm,
459 5198 486 5248 et
511 5188 691 5243 Thurstannm
719 5178 931 5233 Eboracensem.
963 5169 1103 5241 Siquidem
1157 5168 1214 5238 jus,
1231 5166 1294 5220 dnm
1310 5166 1340 5219 in
1354 5162 1476 5236 reginam
1491 5161 1551 5232 ipss
1566 5160 1656 5232 puella
1669 5160 1795 5219 benedici
1807 5164 1956 5238 debuisset,

305 5283 365 5354 ipse
379 5280 555 5344 Thnrstanns,
570 5275 652 5343 prout
667 5282 748 5337 supra
762 5259 965 5332 descripsimus,
977 5256 1102 5314 aCalixto
1160 5254 1252 5325 etjam
1268 5253 1341 5309 dicto
1355 5251 1464 5307 introitu
1480 5250 1571 5305 missa
1597 5249 1679 5306 Pater
1705 5252 1836 5309 liedulfus
1863 5253 1955 5326 ipsum

304 5370 452 5443 episcopus
468 5364 617 5429 ordinatus,
633 5360 734 5414 litteras
748 5354 782 5411 ab
809 5354 867 5425 ipso
883 5350 1001 5414 Calisto,
1026 5362 1103 5403 more
1158 5343 1278 5401 officium
1295 5341 1477 5398 celebraturus
1492 5339 1575 5395 sacris
1588 5338 1721 5396 altaribus
1749 5342 1885 5410 astitisset,
1901 5344 1954 5400 ad.

304 5474 359 5531 quo
374 5450 783 5519 cunctaltomaeimpetrantnr,
798 5442 912 5512 adeptus
927 5437 1031 5499 luerat;
1046 5434 1103 5507 qni·
1157 5433 1241 5491 vertit
1266 5446 1358 5504 regem
1384 5430 1413 5485 in
1440 5428 1507 5485 solio
1536 5443 1585 5484 suo
1613 5427 1709 5485 sedere
1734 5439 1904 5502 coronatum,
1928 5439 1956 5490 ct

305 5552 358 5605 bus
369 5544 517 5621 jubebatur
531 5550 559 5599 nt
586 5540 646 5611 ipsa
673 5534 840 5591 Thnrstanus
866 5530 1026 5600 episcopatu
1053 5540 1103 5581 suo
1158 5521 1307 5577 admiratus
1322 5523 1365 5575 est
1379 5518 1469 5574 sciens
1492 5516 1569 5589 regni
1583 5532 1712 5574 coronam
1727 5534 1757 5574 se
1770 5519 1809 5575 illi
1833 5536 1888 5576 non
1899 5520 1955 5577 irn-

300 5636 441 5710 potiretnr,
455 5642 501 5689 eut
514 5648 562 5687 rex
576 5626 759 5689 anathemate,
776 5629 804 5676 et
824 5618 956 5675 liadullus
984 5630 1103 5686 suspen·
1157 5609 1293 5685 posuisse,
1321 5624 1372 5664 nec
1399 5606 1475 5662 illam
1489 5605 1523 5662 ab
1551 5606 1608 5662 alio
1623 5606 1748 5678 positam,
1765 5624 1794 5664 sc
1809 5613 1951 5680 prasente,

300 5718 556 5796 sionepontificalis
570 5715 649 5774 officii
671 5713 844 5787 plecteretur.
866 5706 910 5761 hd
929 5704 1003 5776 qnod
1028 5702 1101 5759 reci·
1156 5700 1218 5772 jure
1231 5698 1301 5754 lerre
1316 5695 1452 5753 debuisse.
1477 5694 1593 5751 Divertit
1618 5695 1701 5768 igitur
1713 5695 1855 5763 infulatus,
1868 5704 1896 5753 et
1909 5696 1954 5753 sni

300 5822 364 5871 tatae
388 5818 451 5869 sunt
479 5807 620 5865 sententiae
647 5799 854 5875 privilegiorum
881 5810 942 5868 qnae
969 5792 1101 5863 superiori
1158 5788 1358 5864 patriarchatus
1372 5786 1441 5842 stola
1455 5784 1603 5852 redimitus,
1619 5787 1654 5842 ab
1667 5783 1754 5854 altari,
1770 5784 1846 5841 etad
1861 5800 1954 5858 regem

298 5896 370 5958 libro
385 5896 544 5963 indidimus,
560 5900 587 5950 et
602 5907 680 5964 quam
696 5889 780 5961 digne
794 5887 851 5941 Deo
868 5884 926 5939 bec
954 5881 1103 5953 apostolica
1160 5880 1302 5946 accedens,
1317 5892 1350 5934 eo
1364 5875 1416 5931 sibi
1430 5874 1592 5947 suppliciter
1605 5881 1772 5947 assurgente,
1800 5873 1954 5933 sciscitatus

297 5992 522 6065 disponerentur,
533 5982 699 6041 intellectum
711 5974 796 6035 estab
811 5973 948 6033 omnibus.
962 5972 1104 6029 Tamesae
1160 5976 1202 6028 etl
1216 5966 1341 6044 quisnffl
1353 5964 1435 6041 ⁰1¹1)sti
1458 5964 1518 6037 ⁰5⁰³
1543 5978 1674 6022 ⁰⁰¹0¹¹ffl¹¹
1697 5961 1890 6035 imP⁰⁸¹¹i⁸⁵⁰²3
1916 5964 1953 6027 ⁸4
