4750 6725
433 606 484 662 827

985 602 1164 661 GUNDULFI
1179 599 1375 661 ROFFENSIS
1389 602 1547 660 EPlSCOPl

2044 604 2099 659 828

433 745 485 801 per
497 744 639 802 snpemam
655 730 825 787 clementiam
837 728 940 801 junctis
954 704 1153 801 episcopatibus
1166 732 1232 800 suis,
1247 729 1275 787 A
1289 724 1402 796 speciali
1418 728 1535 799 quodam
1557 727 1690 802 diligebat
1709 744 1813 798 amore,
1833 728 1915 800 hujus
1928 726 2100 783 memoriam

431 835 489 877 uon
504 826 567 876 sunt
586 820 720 891 separati.
739 820 937 876 decedentibus
961 822 1033 877 enim
1048 820 1109 876 aliis
1123 822 1233 893 episco-

434 911 478 981 pis
492 926 508 965 a
521 908 711 965 communione
724 910 843 978 dnsetmi
854 920 966 983 propter
979 912 1111 982 quasdam
1126 912 1233 966 discor·

437 999 543 1052 diamm
567 997 732 1065 occasiones,
756 1013 816 1070 qum
830 998 1001 1070 interipsum
1021 1008 1046 1055 et
1061 1002 1139 1073 regui
1154 1000 1233 1071 prin'-

435 1086 510 1155 cipes
529 1093 597 1140 ortas
621 1085 736 1153 fuerant,
761 1085 917 1143 Gundullus
938 1088 1011 1146 dulci
1032 1090 1163 1162 obsequio
1194 1090 1234 1145 illi

435 1189 544 1243 semper
572 1181 599 1229 et
626 1172 740 1230 tinnites
767 1185 794 1231 et
820 1175 938 1232 fideliter
964 1178 1087 1244 adhaesit,
1112 1188 1140 1235 et
1162 1181 1235 1235 inter

432 1274 560 1333 auosque
582 1264 730 1333 pmdenter
751 1280 783 1319 se
802 1266 959 1333 moderans,
984 1268 1011 1323 in
1025 1270 1114 1324 cauda
1128 1284 1233 1337 comm,

432 1359 464 1407 et·
482 1352 689 1423 archiepiscopo
705 1354 820 1409 omnino
839 1354 921 1411 tidem
944 1360 1071 1426 servarit.
1088 1368 1116 1417 et
1129 1361 1232 1417 adrer-

433 1440 519 1495 sam’os
533 1441 592 1510 ejus
605 1457 779 1513 ueqrraquam
793 1443 918 1500 offendit.
936 1446 1127 1505 Consolatione
1142 1450 1233 1521 itaque

434 1528 729 1601 autiquaedilectronis
749 1539 887 1604 percepta,
912 1536 955 1589 isti
986 1554 1110 1607 supemra
1137 1540 1234 1611 patrie

434 1626 584 1701 amatores,
600 1634 669 1688 quos
687 1622 772 1677 multo
787 1630 910 1693 tempore
925 1632 1002 1681 terrm
1016 1628 1152 1698 marisque
1167 1646 1233 1700 spa-

434 1706 474 1761 tia
498 1718 703 1778 separaverant,
720 1710 747 1764 in
761 1728 843 1767 anum
868 1715 1013 1782 conjuncti,
1030 1717 1156 1773 dulcibus
1170 1720 1234 1777 nitae

435 1802 546 1850 aeterum
565 1796 721 1867 colloquiis,
743 1800 842 1871 quibus
853 1818 883 1858 sa
906 1804 977 1860 soliti
992 1805 1097 1862 lucrant
1110 1810 1234 1865 refovere

434 1882 525 1938 adlruc
538 1884 566 1938 in
589 1885 709 1942 claustro
727 1890 863 1960 monachi,
878 1892 976 1948 iisdem
991 1912 1020 1951 se
1039 1898 1162 1954 relevere
1178 1911 1234 1954 uon

429 1970 599 2027 distulerunt
616 1974 673 2043 jam
695 1974 722 2029 in
746 1978 842 2050 anglia
861 1984 1008 2039 venerandi
1023 1988 1154 2057 episcopi.
1171 1989 1234 2045 Sae-

1289 822 1316 870 ct
1338 816 1496 885 quotidiana
1527 818 1788 874 commemoratione
1811 822 1839 872 et
1867 832 1958 875 annua
1986 833 2099 887 semper

1289 904 1382 961 lacere
1405 906 1548 979 satagebat
1572 907 1757 966 solemnitate.
1782 906 1852 977 Quia
1874 906 1948 964 enim
1977 909 2099 963 multum

1288 1003 1457 1065 peccatorem
1474 1012 1503 1054 se
1518 1012 1578 1053 esse
1592 997 1731 1065 credebat,
1748 1012 1807 1052 eam
1823 1013 1885 1069 quae
1900 996 2018 1051 multum
2034 1015 2099 1067 pec-

1288 1086 1375 1141 catrix
1391 1086 1489 1149 luerat.
1514 1087 1580 1157 quid
1603 1087 1717 1142 multum
1735 1087 1873 1159 peccatori
1889 1086 1979 1158 magis
1994 1102 2098 1141 ncces·

1288 1174 1388 1229 san'um
1408 1182 1491 1241 esset,
1510 1176 1598 1247 magis
1619 1192 1702 1231 nosse
1725 1176 1846 1237 dicebat,
1863 1183 1891 1233 et
1914 1176 2007 1247 magis
2023 1176 2097 1230 reite

1288 1262 1409 1319 misereri
1431 1264 1569 1320 credebat.
1587 1265 1662 1319 lianc
1682 1264 1765 1337 igitur
1775 1264 1935 1319 assiduabat
1950 1264 2095 1334 precibus,

1287 1351 1480 1423 interpellabat
1504 1353 1621 1417 tletibus,
1645 1354 1752 1411 caeteris
1764 1353 1932 1425 sequendam
1948 1368 2094 1423 propone-

1287 1442 1331 1497 bat
1359 1451 1487 1514 quautum
1516 1444 1656 1515 sequenda
1676 1451 1745 1497 esset
1766 1443 1796 1497 in
1821 1444 1970 1511 semetipso
1987 1442 2094 1515 pralo-

1287 1530 1374 1586 rebat.
1398 1529 1421 1587 0
1444 1533 1584 1588 doctorem
1607 1530 1787 1603 mouendum,
1810 1531 1856 1603 qui
1876 1530 1950 1601 quod
1975 1540 2094 1587 caeteros

1288 1618 1442 1675 laciendum
1457 1620 1583 1687 docebat,
1596 1622 1670 1691 prius
1684 1622 1753 1691 ipse,
1766 1629 1794 1675 ut
1808 1620 1901 1677 caeteri
1912 1636 1976 1681 cum
1988 1636 2093 1691 senue-

1288 1717 1391 1776 rantur,
1408 1708 1525 1765 iaciebat
1535 1708 1574 1765 ΞΟ
1589 1710 1747 1781 episcopum
1761 1710 1884 1783 dignum,
1898 1724 1954 1763 non
1970 1710 2095 1781 pecuniis

1287 1798 1336 1853 sed
1351 1798 1482 1869 lacrymis
1497 1798 1683 1871 episcopatum
1708 1800 1853 1871 adeptum!
1872 1798 1955 1853 Fiunt
1970 1797 2094 1870 episcopi

1288 1887 1397 1959 quidam
1421 1886 1620 1943 simulationem
1645 1886 1695 1942 sub
1711 1888 1846 1943 velamine
1862 1886 2006 1959 religionis
2021 1902 2093 1942 uon-

1287 1992 1425 2046 nunquam
1446 1976 1533 2033 minus
1551 1984 1629 2031 caute
1645 1976 1813 2032 ostendendo
1833 1995 1840 2041 ;
1863 1976 2013 2032 {natusest
2042 1976 2091 2030 iste

435 2058 497 2128 pius
517 2060 632 2115 enimin
647 2062 762 2119 dirersis
785 2068 854 2123 locis
872 2075 1073 2143 convenientes,
1089 2079 1188 2133 mutuis
1203 2096 1232 2135 sc
1246 2080 1273 2143 B
1287 2066 1431 2137 elll⁵⁰⁰llus
1449 2066 1583 2136 laffl'i'fflas
1603 2068 1702 2120 fflflstlls
1730 2080 1766 2120 ²¹
1781 2064 1863 2121 effide
1885 2065 2091 2135 llmfufldffldll·

436 2148 529 2202 uerbis
542 2149 569 2203 in
587 2150 633 2205 bei
653 2156 853 2212 succendebant
866 2174 1005 2218 amorem:
1026 2167 1232 2238 archiepiscopo

436 2243 527 2291 tamen
543 2238 744 2297 diviniamon's
770 2245 861 2317 ignem
887 2249 1053 2320 frequentius
1068 2260 1235 2315 accendente

436 2323 583 2395 loquendo,
608 2328 738 2401 episcopo
754 2348 819 2389 sero
840 2351 869 2391 se
883 2337 917 2392 ad
933 2342 1026 2411 ignem
1042 2343 1117 2398 illum
1133 2362 1235 2403 aeren-

436 2426 497 2467 sum
518 2416 630 2486 propius
650 2419 829 2479 calefaciente
853 2428 977 2483 tacendo.
1000 2430 1236 2498 Quaesivittamcu

436 2502 579 2585 episcopua
593 2506 737 2577 aliquando
760 2520 849 2567 utrum
863 2516 989 2573 omnibus
1004 2536 1065 2589 qum
1078 2523 1106 2576 iu
1121 2524 1238 2582 ecclesia

437 2588 590 2648 dicerentur
610 2596 730 2653 animum
747 2602 969 2674 archiepiscopus
990 2611 1132 2679 aqualiter
1146 2614 1236 2670 inten-

438 2678 516 2735 deret
543 2686 719 2752 aqualiterne
742 2690 879 2747 retineret.
903 2697 938 2749 at
961 2696 1025 2751 ille:
1055 2702 1119 2771 Epo,
1140 2702 1237 2773 inquit,

438 2770 569 2826 amatim
582 2774 769 2847 patremque
784 2781 932 2838 oudiotroc
946 2788 1071 2843 retinere
1086 2792 1184 2846 volens
1199 2795 1240 2847 in-

439 2858 826 2939 tcadorsedsoeptnsfeoiuat
839 2876 964 2928 meatem
973 2879 1241 2945 meom‚damsimat

438 2948 536 3003 omnio
549 2966 650 3022 copore
665 2956 725 3010 uolo
753 2957 800 3011 Cui
816 2960 959 3031 episeopus
972 2978 978 3017 :
990 2964 1061 3021 dure
1076 2954 1183 3041 atiniae,
1202 2972 1241 3026 in-

441 3035 1241 3126 quittaeomittiromoteqoiomntoconcupiscendam-

439 3124 591 3193 plectitur.
601 3128 658 3183 lloc
669 3134 745 3201 quusi
756 3134 881 3190 alludens
894 3140 1011 3195 dicebat.
1028 3144 1133 3200 Deinde
1150 3150 1244 3205 subin-

441 3210 563 3303 terebat:
581 3217 636 3285 Epo
652 3224 747 3275 autem
763 3238 821 3276 non
836 3228 965 3282 omnibus
978 3246 1039 3302 que
1051 3236 1135 3290 audio
1150 3254 1242 3308 oqua-

441 3299 1242 3398 literiateodp‚·sedeeomnidasunumquodmibimonis

1288 2154 1345 2208 lloa
1368 2160 1457 2208 tamen
1482 2154 1570 2230 ipsum
1593 2155 1733 2211 materiam
1758 2154 1941 2233 lacrymarum
1964 2153 2019 2208 sibi
2043 2154 2092 2223 ipsi

1289 2243 1469 2315 proponebat,
1509 2242 1583 2316 quod
1611 2244 1737 2299 uidelicet
1760 2242 1912 2315 ,quandam
1948 2242 2092 2313 religionis

1291 2332 1411 2409 speciem
1440 2331 1613 2387 ostendendo
1635 2330 1720 2387 iactus
1743 2332 1888 2402 episcopus
1910 2330 2010 2387 iuerat.
2041 2333 2091 2397 l'o’,

1292 2420 1426 2493 inquiens,
1446 2421 1519 2477 mitri
1539 2423 1691 2493 peccatori,
1712 2426 1779 2494 puin
1798 2420 1875 2489 ¹siccat
1890 2420 2006 2493 quidam
2033 2409 2096 2493 cpi-

1291 2516 1437 2582 scopotum
1449 2514 1547 2565 emant
1555 2508 1948 2581 pecunioramdistrcctione‚
1957 2511 1998 2564 stc
2007 2511 2035 2563 et
2048 2526 2095 2579 epo

1291 2600 1457 2657 sanctitatis
1470 2598 1619 2670 cujusdam
1635 2600 1731 2656 minas
1746 2600 1832 2653 cauta
1847 2599 2043 2653 ostentatione
2056 2598 2067 2649 i
2079 2596 2096 2651 0

1291 2688 1494 2763 olorioioonis,
1510 2688 1576 2759 quid
1585 2688 1694 2763 mtlriet
1709 2687 1759 2749 tibi
1772 2686 1786 2739 ?
1800 2684 1884 2753 Quia,
1895 2684 1969 2756 quood
1984 2702 2043 2741 nort
2055 2689 2095 2739 cst

1292 2794 1397 2837 meum,
1408 2794 1451 2834 mc
1462 2781 1606 2841 ostentare
1614 2775 1828 2847 supperirquosi
1840 2773 2018 2841 merrmPImo
2027 2775 2097 2847 quod

1295 2863 2098 2935 estnibilrurmilrisuodesatostcndomqpesiotiqaid?

1298 2956 1369 3025 Quid
1385 2960 1427 3012 est
1445 2956 1515 3031 quiid
1533 2957 1562 3009 in
1577 2971 1621 3009 me
1634 2954 1763 3016 invenire
1781 2968 1878 3024 queas,
1902 2968 1956 3022 qao
1975 2968 2023 3007 me
2033 2954 2099 3022 jure

1296 3042 2097 3105 attollererolens?tltimotortomottoteodinoninorata,

1296 3150 1398 3191 carme
1411 3136 1543 3191 attollere
1555 3135 1657 3203 perenis
1667 3131 1681 3183 7
1693 3128 1893 3197 Lansroacam
1908 3130 2099 3199 archiepisco-

1293 3218 2098 3293 perardumuitreretodir·epotaisti,etuleosaureorumme

1294 3308 2096 3386 probitatiscircumlationesarisirroeaircdionosottollr'.

440 3393 483 3445 eol
489 3391 566 3447 cordi
574 3395 655 3467 clleo,
664 3399 905 3470 etorrestcdtose'ns
914 3407 1056 3466 intorem
1072 3413 1195 3486 aliquam
1204 3434 1242 3479 eo:
1257 3429 1282 3493 C
1294 3407 1339 3480 ,tor
1348 3406 1516 3476 sapientiam
1525 3418 1587 3457 cunr
1597 3400 1729 3462 scientia,
1740 3398 1778 3454 iti
1788 3399 1903 3453 dieitios
1914 3399 2027 3454 tarenis
2036 3415 2098 3453 curn

438 3486 1244 3571 eotopermtamortrmibidotcedtnemettotopupmadmo,
1293 3502 1434 3574 potentio.
1453 3495 1490 3550 lbi
1506 3492 1615 3550 tarenis
1631 3489 1704 3546 viros
1718 3488 1919 3544 instrumentis
1931 3491 2099 3542 sanctorum

441 3568 506 3645 dum
524 3573 548 3626 oi
557 3574 602 3627 ευτ’
612 3582 715 3644 oerore
723 3581 806 3646 pluro
819 3583 946 3640 ciborum
958 3605 1061 3656 ponera
1074 3594 1242 3666 offerantur·
1294 3590 1437 3644 uirtutum
1446 3582 1646 3652 nrattiplicitrr
1656 3580 1781 3644 orontes,
1793 3587 1819 3631 et
1828 3577 1885 3632 tuis
1894 3576 2099 3646 beneolentia

439 3659 1245 3756 ilieoutemaonomnioredexommbmnum,ops-mapa
1292 3666 2099 3748 plenisinterminationibusrobustissimeresistereonteo·

439 3753 555 3817 protam
568 3755 656 3839 aelati
664 3773 777 3826 pomam
789 3761 962 3834 atlanteum
972 3747 1245 3838 depasturrdoreme-
1295 3761 1600 3834 leolltt’ffl'ssssllifssmll
1608 3755 1685 3814 ''llil'‘
1695 3754 1950 3822 ''Olllllih‘llinlssm
1959 3755 2098 3824 retiaque,

441 3838 518 3891 dium
528 3841 717 3912 otipuodsuce
726 3847 908 3917 infirmitatis
919 3870 1018 3927 copore
1026 3861 1131 3916 voleat.
1142 3862 1176 3918 Et
1187 3835 1244 3920 lime
1294 3857 1324 3916 io
1333 3869 1385 3923 4¹¹⁰
1395 3849 1510 3908 ”mmm
1519 3847 1752 3919 peccaloml’tllff
1759 3843 2063 3928 iuvenile-Afldl'bsslei
2073 3859 2100 3896 ὅθ

441 3925 551 3994 quidem
564 3929 623 3999 lille.
640 3932 697 3986 Nos
712 3943 802 3990 autem
813 3939 859 4009 qui
875 3941 933 4006 ejus
947 3943 1031 3999 uitam
1047 3963 1095 4000 usu
1111 3956 1137 4005 ct
1152 3953 1244 4011 auditu
1293 3941 1441 4000 admodum
1465 3936 1550 3992 verosi
1571 3950 1603 3989 oo
1619 3933 1645 3987 ol
1668 3931 1790 3988 eveniret
1806 3930 1877 4002 quod
1905 3929 2016 4002 quidam
2033 3947 2101 3986 erc-

443 4014 508 4066 satis
521 4019 711 4086 cognorimus,
728 4022 798 4099 bano
816 4022 855 4080 illi
871 4043 981 4099 semper
1001 4033 1082 4088 luisse
1097 4047 1245 4094 consuetu·
1294 4031 1368 4088 nisso
1384 4027 1519 4095 adiberet,
1541 4024 1585 4102 qui
1602 4021 1635 4078 ad
1653 4029 1806 4083 extremum
1825 4020 1947 4089 veniens,
1964 4037 2028 4106 cum
2042 4020 2099 4088 jam

440 4099 532 4156 dinem
557 4105 714 4176 frequenter
737 4113 840 4179 experti
865 4133 971 4174 sumus.
995 4121 1150 4191 Aliquando
1170 4130 1243 4183 enim
1293 4117 1417 4184 ‚Ultimum
1438 4115 1532 4170 ⁰fflsss⁰
1554 4111 1684 4182 5Ρἰιίιιιῐῃ
1714 4107 1936 4174 ᾱθῧθΐθῑυάῑῑῑῑῑ
1968 4107 2100 4180 olimst

440 4203 502 4243 cum
526 4191 553 4246 in
575 4193 697 4251 Ecclesia
720 4199 786 4254 illud
822 4204 960 4261 (lecantari
983 4211 1107 4267 audiret:
1130 4216 1245 4287 Afflicti
1295 4207 1524 4273 anonomastos
1537 4199 1829 4274 peramaraqooram
1846 4189 1895 4270 ‘lt'
1913 4214 1990 4257 “W
2013 4215 2076 4254 sam
2090 4198 2100 4250 ·'

437 4283 621 4352 propeccatis
634 4291 740 4344 nostris
756 4294 940 4351 ossrdoecom
951 4298 1244 4376 larrymtreespcrtc·
1294 4295 1415 4354 Glotloffl
1431 4307 1496 4368 8ἶὲξο
1508 4291 1615 4348 inanem
1630 4297 1656 4342 θῑ
1680 4287 1801 4344 olodioso
1822 4287 1936 4352 vitabat,
1959 4293 1985 4342 et
2009 4287 2098 4374 minus

437 4371 592 4440 masfinem
603 4379 750 4438 nostram:
767 4380 810 4434 rel
822 4383 887 4438 iilud
898 4400 904 4438 :
914 4385 1169 4454 diesilto,diesiroe
1179 4415 1189 4462 ,-
1200 4395 1244 4450 uel
1296 4384 1417 4440 studioso
1427 4397 1486 4450 lim
1502 4395 1532 4450 ⁵ss
1548 4377 1634 4432 lilasi
1650 4375 1772 4432 lifflebssl·
1798 4375 1987 4432 Allerfflbalul
2007 4377 2098 4447 illiue

438 4459 511 4514 aliud
536 4463 625 4519 simile
655 4471 857 4540 compunctioni
878 4475 1006 4547 amicum,
1041 4480 1115 4536 illico
1139 4484 1245 4541 eaetens
1293 4467 1742 4549 oofflllloSfflllfliflldlllum⁰³¹»
1770 4465 1918 4520 “lullum
1942 4464 2097 4524 ldlffissl'lll

436 4550 566 4627 'omnibus
587 4554 696 4610 omissis
711 4557 746 4626 ei,
764 4538 836 4630 duod
857 4562 910 4616 sibi
926 4565 1015 4636 magis
1038 4577 1177 4640 acceptum
1194 4587 1246 4626 aa·
1295 4561 1423 4636 quodam,
1439 4567 1468 4614 ut
1480 4575 1495 4614 a
1509 4573 1539 4612 sa
1554 4571 1620 4626 eam,
1636 4555 1790 4626 repelleret,
1805 4569 1838 4609 ne
1851 4569 1922 4640 cum
1935 4569 1987 4624 pro
2003 4555 2098 4611 merito

438 4637 537 4712 dierat,
554 4641 726 4701 solummodo
743 4645 919 4714 intendebat:
946 4654 1087 4726 oculisque
1103 4657 1130 4710 in
1144 4659 1244 4726 emtum
1293 4643 1438 4719 laudabilis
1453 4647 1514 4702 vitae
1529 4644 1564 4700 ab
1579 4643 1706 4698 omuibus
1719 4641 1891 4711 laudabatur,
1909 4643 1934 4698 ci
1955 4644 2097 4698 undecun-

437 4728 547 4807 ercctis,
557 4730 600 4785 bis
611 4731 678 4787 illud
696 4741 771 4790 teme
785 4735 827 4792 rel
851 4748 946 4810 quater
959 4743 1118 4828 suspirando
1129 4732 1237 4818 repete-

436 4815 501 4879 bat;
525 4824 664 4890 totumque
678 4837 710 4878 se
731 4823 757 4878 in
773 4825 891 4897 gemitus
914 4844 1050 4900 uocesque
1069 4834 1236 4908 lacrymosas

435 4906 602 4962 resolvebat.
625 4904 799 4983 Videbamus,
824 4923 851 4979 et
865 4916 892 4971 in
914 4915 1045 4989 iacrymas
1059 4921 1101 4998 pel
1121 4925 1239 4993 gemitus

435 4995 528 5050 saltem
545 4996 616 5052 solvi
630 5007 657 5053 et
673 4999 723 5070 ipsi
739 5003 919 5073 cogebamur.
936 5005 1007 5076 Quid
1024 5023 1087 5064 cum
1103 5010 1136 5063 ad
1152 5026 1239 5084 popu-

435 5079 490 5160 lum
507 5101 660 5143 sermonem
671 5088 794 5146 iaceret‘i
807 5094 959 5164 Aliquando
973 5096 1237 5168 interrumpentibus

434 5167 562 5244 lacrymis
592 5175 669 5253 impii⁴
685 5186 711 5233 et
734 5179 792 5249 ipse
819 5198 873 5238 uon
897 5193 1014 5254 poterat,
1040 5201 1091 5244 nec
1121 5189 1239 5259 populus

437 5259 585 5345 quidqpam
601 5263 673 5319 aliud
689 5284 770 5338 quam
792 5269 858 5326 llere.
875 5273 915 5342 vel
930 5290 1042 5351 gemere
1059 5274 1133 5330 illum
1146 5281 1237 5332 atten-

435 5345 502 5420 dens
517 5356 635 5415 poterat.
656 5353 807 5413 Cessabant
822 5361 916 5428 rerba,
939 5352 1238 5436 larrpmaescrmonrm

436 5433 592 5509 explebant.
609 5439 664 5513 lluc
678 5451 767 5502 autem
791 5447 909 5503 maxime
931 5449 1023 5516 tiebat,
1038 5468 1098 5506 eum
1115 5453 1142 5505 iu
1158 5453 1237 5508 festi-

434 5519 517 5574 vitate
543 5521 571 5576 tt.
589 5523 678 5578 Mada
701 5527 872 5599 blagdalenae
897 5532 935 5603 de
945 5534 1005 5613 ejus
1018 5533 1176 5604 paenitentia
1192 5535 1235 5610 rel

434 5609 561 5694 lacrymis
587 5625 739 5695 sermonem
762 5616 795 5670 nd
818 5621 948 5689 populum
965 5621 1091 5678 iaciebat.
1108 5625 1235 5696 Loquens

438 5698 539 5770 quippe
549 5698 587 5782 'de
602 5700 660 5770 ejus
672 5704 841 5774 poenitentia,
853 5709 984 5777 populum
999 5713 1033 5766 ad
1049 5713 1235 5782 paenitentiam

428 5783 604 5863 provocabat.
632 5791 758 5875 Rcritans
780 5794 852 5851 iilius
867 5797 1012 5868 lacrymas,
1037 5799 1188 5872 lacrymans
1211 5808 1238 5858 et

430 5880 488 5948 ipse
505 5888 619 5937 caeteros
634 5883 668 5938 ad
684 5881 818 5957 lacrymas
833 5887 1027 5944 succendebat.
1038 5889 1113 5946 Hanc
1132 5890 1237 5962 qnippe

1296 4753 1349 4810 que
1364 4735 1511 4808 subrepere
1534 4739 1638 4804 posset.
1667 4731 1754 4802 Quem
1770 4733 1843 4788 euim
1868 4731 2030 4800 extollentia
2044 4747 2099 4788 uon

1292 4832 1418 4898 pangeret
1441 4823 1542 4892 aliqua,
1559 4835 1628 4904 curut
1646 4835 1775 4891 proceres
1790 4819 1869 4892 regui
1884 4819 1945 4876 aliis
1960 4820 2098 4892 episcopis

1291 4917 1378 4994 ipspm
1400 4911 1586 4983 proterentes,
1613 4909 1700 4992 ipsum,
1715 4909 1858 4976 adeuntes,
1876 4909 1961 4978 ipsius
1975 4909 2097 4964 tamilla-

1292 5004 1399 5060 ritatem
1429 5005 1599 5072 appotercnt,
1623 4998 1734 5069 propria
1758 4996 1782 5053 el
1803 5005 1912 5068 peccata
1935 4997 2097 5063 familiarius

1294 5072 1474 5158 denudantes,
1493 5103 1525 5144 se
1540 5103 1587 5162 per
1604 5102 1665 5141 eum
1681 5085 1858 5142 absolutiores
1870 5083 1929 5141 fieri
1942 5102 1999 5158 ,nou
2015 5086 2096 5143 dubi-

1294 5171 1390 5246 tarent',
1407 5178 1518 5233 tutiores
1531 5175 1648 5246 (tetrique
1663 5190 1698 5232 eo
1713 5190 1743 5230 se
1757 5175 1898 5231 crederent
1912 5173 1966 5248 die,
1983 5161 2038 5246 ouo
2053 5179 2096 5234 rel

1292 5269 1352 5339 ejus
1368 5265 1483 5325 osculari
1499 5263 1646 5320 mouuauel
1662 5263 1758 5338 saltem
1774 5280 1834 5343 eum
1849 5263 2096 5320 viderevalerent'?

1291 5359 1326 5412 Et
1345 5365 1416 5412 rorte
1434 5354 1555 5410 audivia
1579 5351 1697 5428 quodam
1712 5351 1776 5432 boni
1796 5353 1939 5408 testimonii
1965 5355 2095 5426 episcopo

1293 5454 1317 5500 et
1332 5447 1453 5502 ueritatis
1468 5451 1590 5500 curatore
1601 5444 1706 5516 reterri,
1722 5461 1760 5512 se,
1773 5459 1832 5501 curn
1848 5441 2020 5518 grauissimis
2030 5460 2094 5498 rar-

1291 5535 1334 5588 nis
1357 5551 1412 5592 suae
1438 5519 1556 5608 stirpuirs
1590 5545 1617 5592 et
1640 5533 1840 5602 tentationibus¹
1855 5533 1883 5588 iu
1910 5531 2095 5602 adolescentia

1290 5637 1349 5692 stin,
1374 5631 1403 5680 ut
1431 5623 1567 5680 interdum
1595 5627 1706 5682 euenire
1734 5623 1813 5688 solet,
1836 5613 1994 5696 urgeretur,
2014 5619 2093 5706 Guu7

1291 5707 1366 5765 (lullo
1395 5711 1552 5782 passionum
1584 5729 1692 5768 suarum
1709 5711 1833 5787 ,nebulas
1859 5710 1942 5792 corde
1960 5724 2031 5782 puro
2060 5725 2094 5780 es

1291 5798 1399 5872 integro
1415 5802 1646 5868 manifestassem
1661 5801 1733 5858 omui
1744 5808 1804 5872 post
1814 5807 1936 5868 tempore
1951 5798 1985 5852 ab
2000 5797 2095 5870 bunius-

1292 5889 1366 5946 modi
1381 5888 1524 5947 criminum
1550 5889 1757 5963 impedimentis
1777 5879 1894 5946 consitio
1909 5895 1937 5947 et
1957 5887 2091 5944 orationi-
