4750 6725
290 683 340 741 tta
825 679 990 740 HISTORIA
1009 681 1197 742 Novontttt.
1219 714 1254 727 -
1272 683 1336 742 ΗΒ.
1356 685 1394 742 11.
1884 689 1935 747 ttt

290 811 342 866 bus
357 809 530 881 apparuisse,
542 811 726 868 stomachatus
738 809 825 867 taliter
840 810 924 866 fertur
937 809 1093 880 respondis·
1106 811 1136 872 Α
1150 811 1255 880 horum,
1272 813 1356 870 altero
1370 812 1508 884 inviolato,
1524 829 1607 886 posse
1634 830 1742 870 serrare
1762 815 1948 888 (quandoqui-

287 915 338 955 se:
359 923 369 948 r
385 899 456 969 Quid
464 907 505 956 est
528 899 738 956 lroc‘fDeusest
756 901 934 972 justusjuderi
951 901 965 952 ‘f
984 899 1090 966 Pereat,

289 988 334 1060 qui
350 987 479 1059 deinceps
492 991 543 1044 hoc
558 989 710 1045 crediderit.
727 989 815 1058 Quare
844 1005 894 1059 per·
907 990 959 1044 hoc
986 995 1012 1043 et
1041 988 1093 1043 boe

290 1092 350 1132 meo
361 1075 515 1148 (a)judicio
529 1077 628 1133 amodo
644 1078 865 1148 respondebitur.
884 1079 945 1133 Non
959 1075 1010 1132 Dei
1020 1075 1093 1148 quod

288 1181 342 1236 pro
357 1171 423 1222 voto
439 1166 571 1238 cujusque
586 1166 725 1222 hincinde
747 1166 873 1240 plicatur.
892 1187 904 1217 ι
921 1167 984 1221 llaec
1000 1175 1025 1222 et
1040 1169 1093 1222 hu-

289 1254 411 1324 jusmodi
426 1254 505 1325 plura
520 1256 561 1309 bis
575 1255 709 1311 atrociora
720 1270 807 1326 quaea
822 1254 934 1310 diversis
949 1271 1004 1309 non
1018 1255 1094 1328 igno·

287 1341 352 1398 bilis
367 1343 448 1398 famae
463 1343 617 1398 hominibus
629 1341 832 1400 deWillbelmo
843 1343 891 1398 illo
906 1351 969 1400 tunc
984 1352 1091 1416 tempo-

284 1431 322 1486 ris
352 1431 555 1501 cornabantur,
589 1447 700 1504 magno,
729 1437 760 1488 ut
788 1432 915 1498 diximus,
931 1433 1092 1489 Anselmum

288 1519 479 1576 accendebant
492 1518 661 1592 pontificatui
672 1519 776 1592 angliae
784 1520 981 1591 abrenuntiare,
1000 1523 1092 1578 scien-

285 1615 339 1663 tem
356 1608 482 1664 videlicet
498 1624 588 1666 mores
600 1625 664 1665 snos
679 1609 800 1665 moribus
828 1609 911 1683 ipsius
920 1611 993 1666 nulla
1012 1627 1092 1684 posse

285 1698 395 1752 ratione
409 1698 526 1770 amplius
541 1698 720 1755 concordare.

324 1787 518 1842 Postulatnrus
533 1786 616 1860 igitur
630 1803 646 1843 a
661 1804 769 1846 summo
783 1787 911 1862 pontifice
931 1789 1016 1860 ipsius
1029 1789 1091 1846 sin-

288 1875 341 1930 culi
373 1891 426 1946 quo
448 1891 478 1932 se
503 1876 585 1931 nimis
601 1877 714 1949 astringi
729 1878 856 1950 gemebat
880 1879 1089 1951 relaxationem,

285 1979 350 2018 eum
364 1963 441 2030 adiit,
457 1971 483 2020 et
499 1965 540 2020 sui
555 1966 646 2022 cordis
655 1967 817 2022 anxietatem
833 1966 957 2038 innotuit,
968 1967 1090 2025 misereri

285 2051 340 2106 sibi
358 2053 492 2124 poposcit,
508 2053 536 2109 id
555 2061 594 2109 est
607 2061 636 2109 ut
663 2055 699 2110 ab
728 2071 809 2110 onere
834 2071 908 2111 curae
936 2059 1089 2129 pastoralis,

1147 901 1209 957 dem
1221 902 1352 957 Dominus
1356 903 1461 972 jubeat,
1471 920 1533 976 quoe
1543 905 1660 960 Caesares
1670 905 1783 970 Caesari,
1791 907 1820 960 ct
1829 921 1889 976 qaae
1896 906 1948 960 Dei

1146 995 1216 1046 aunt
1242 993 1297 1046 Deo
1323 991 1401 1046 reddi
1416 990 1528 1063 [linttlr.
1556 1007 1627 1060 xxn,
1639 991 1714 1064 til),
1733 993 1880 1061 objiciebat
1895 995 1948 1048 hoc

1147 1079 1219 1150 apud
1235 1095 1263 1133 sc
1278 1079 1307 1132 in
1321 1095 1370 1134 usu
1385 1079 1550 1148 nonhaberi,
1567 1096 1617 1135 uec
1630 1082 1701 1136 velle
1716 1081 1750 1136 de
1774 1080 1883 1135 domino
1897 1095 1945 1136 suo

1146 1169 1216 1223 banc
1230 1167 1355 1237 injuriam
1379 1169 1520 1234 sustinere,
1549 1177 1579 1222 ut
1605 1168 1702 1240 aliquis
1725 1168 1753 1222 in
1781 1184 1867 1242 regno
1890 1169 1947 1237 ejus

1146 1257 1257 1312 cuilibet
1271 1257 1432 1324 intenderet,
1446 1257 1496 1312 nisi
1512 1258 1536 1313 ei
1551 1258 1594 1313 vel
1608 1275 1657 1329 per
1672 1274 1747 1313 eum.
1766 1259 1801 1312 Et
1815 1273 1877 1330 ego,
1893 1258 1943 1312 Pa·

1146 1355 1196 1412 ter,
1223 1346 1294 1401 inter
1312 1346 1379 1400 tales
1393 1346 1459 1417 quid
1474 1345 1591 1400 facerem
1606 1347 1621 1400 ‘f
1638 1370 1649 1394 ι
1665 1345 1815 1417 Respondit
1831 1364 1838 1399 z
1856 1368 1867 1392 u
1885 1347 1942 1403 Ra-

1145 1435 1218 1492 tione
1233 1435 1349 1492 duceris.
1366 1435 1425 1507 Ego
1440 1451 1547 1508 qnoque
1560 1451 1595 1490 ne
1610 1436 1645 1490 de
1659 1435 1701 1489 bis
1721 1443 1801 1506 atque
1816 1434 1877 1490 aliis
1892 1434 1942 1489 tibi

1144 1540 1200 1580 non
1212 1525 1275 1595 jure
1289 1523 1372 1580 illatis
1387 1524 1482 1579 videar
1496 1539 1551 1578 non
1562 1538 1666 1592 curare,
1679 1539 1764 1592 eaque
1774 1523 1868 1596 gladio
1877 1540 1942 1578 sau-

1144 1615 1178 1671 cti
1196 1614 1266 1669 Petri
1279 1614 1352 1669 nolle
1366 1613 1515 1680 vindicare,
1539 1628 1638 1668 moneo
1666 1621 1797 1683 quatenus
1824 1611 1942 1668 concilio

1146 1704 1219 1774 quod
1237 1703 1311 1775 apud
1321 1703 1418 1758 Barnm
1433 1710 1495 1757 ante
1507 1717 1607 1772 corpus
1617 1702 1689 1757 beati
1706 1701 1822 1771 Nicolai,
1838 1701 1942 1756 Kalen-

1145 1792 1187 1848 dis
1216 1791 1317 1848 Octob.
1337 1792 1473 1846 celebrare
1499 1790 1635 1858 constitui,
1661 1789 1830 1861 praesentiam
1868 1797 1943 1844 tuam

1144 1880 1285 1948 exhibeas,
1301 1887 1331 1935 ut
1345 1881 1417 1951 quod
1433 1880 1467 1935 de
1482 1880 1542 1950 ipso
1558 1895 1622 1952 rege
1636 1879 1760 1950 Anglico,
1777 1878 1899 1949 suisque,
1910 1893 1943 1934 ac

1144 1971 1185 2026 sui
1200 1971 1334 2025 similibus
1350 1969 1394 2041 qni
1410 1976 1502 2025 contra
1512 1969 1665 2025 libertatem
1680 1966 1808 2024 Ecclesiae
1836 1966 1887 2022 Dei
1913 1983 1943 2022 se

1144 2067 1300 2128 erexerunt,
1316 2059 1455 2114 mediante
1468 2057 1604 2131 aequitatis
1626 2073 1752 2125 censura,
1781 2071 1825 2111 me
1852 2055 1943 2112 factu·
1997 2069 2007 2078 ’

285 2141 363 2214 quod
378 2141 548 2213 importabile
560 2142 612 2198 sibi
628 2144 690 2216 quia
705 2143 899 2200 infructuosum
927 2143 1046 2217 videbat,
1058 2163 1087 2204 se
1100 2165 1128 2229 Β
1144 2166 1204 2204 rum
1232 2148 1364 2220 disposui,
1380 2148 1472 2203 auditu
1483 2147 1598 2217 visuque
1626 2145 1768 2217 percipias.
1801 2167 1812 2193 ι
1837 2143 1942 2200 Dehinc

285 2229 429 2300 relevaret,
445 2229 675 2305 obnixerogarit.
691 2233 772 2288 Audit
790 2249 859 2305 papa
875 2235 947 2305 quod
975 2236 1021 2292 ille
1035 2255 1089 2308 pc·
1142 2240 1177 2294 ad
1199 2237 1382 2293 babitaculum
1411 2252 1489 2291 suurn
1517 2234 1652 2291 sclaviam
1682 2232 1823 2290 anselmus
1848 2247 1944 2290 rever-

285 2319 377 2386 stnlat,
394 2317 511 2376 stillico
532 2320 644 2376 miratus
664 2322 819 2379 exclamat:
839 2344 849 2370 a
868 2321 1062 2397 Oepiscopum
1081 2329 1087 2382 l
1142 2327 1217 2395 titur,
1234 2326 1351 2400 quietem
1379 2333 1405 2381 et
1415 2331 1603 2396 paupertatem
1631 2323 1728 2379 oblatis
1742 2321 1847 2378 divitiis
1863 2329 1942 2376 aute-

285 2405 464 2478 operatorem
482 2407 488 2462 f
505 2408 631 2464 Nondum
645 2409 747 2481 caedes,
764 2410 884 2466 nondum
898 2413 1008 2469 vulnera
1024 2431 1088 2486 per·
1140 2432 1255 2488 ponens.

282 2496 534 2566 pesenaes,et1am
543 2497 677 2555 Dominici
691 2514 784 2555 curam
803 2500 882 2556 ovilis
903 2501 1089 2577 subterfugere
1176 2507 1298 2560 lustaute
1312 2512 1401 2560 entem
1415 2501 1529 2559 termino
1554 2500 1672 2568 concilii,
1695 2501 1732 2556 ad
1760 2497 1940 2571 apostolicum

284 2583 388 2656 quaeris
403 2585 418 2639 ⁴?
433 2583 556 2641 Christus
567 2585 595 2640 ia
609 2603 673 2643 cura
684 2587 775 2644 osium
790 2604 899 2644 suarum
916 2592 1088 2662 probatPetrf
1141 2609 1267 2648 reversus
1281 2597 1332 2661 est,
1348 2601 1375 2648 et
1389 2607 1449 2648 cum
1461 2607 1493 2647 eo
1508 2592 1604 2645 Buram
1628 2605 1715 2661 usque
1741 2587 1891 2660 profectus.
1910 2588 1940 2641 ln

283 2687 407 2728 amorem
422 2689 489 2748 erge
502 2690 542 2742 se,
557 2683 583 2730 et
604 2676 755 2747 anselmus,
785 2679 940 2746 nnselmus,
965 2680 1087 2753 inquam,
1140 2681 1202 2753 ipso
1215 2698 1281 2738 vero
1296 2679 1470 2752 concilio(b),
1486 2679 1549 2734 dum
1565 2677 1683 2750 plurime
1697 2676 1731 2733 de
1742 2676 1797 2732 fide
1808 2675 1940 2732 catholica

282 2760 329 2816 ille
344 2769 464 2833 sanctus,
478 2762 524 2819 ille
537 2763 597 2819 talis
613 2779 645 2820 ac
660 2773 747 2821 tantus
761 2766 813 2834 vir,
830 2767 1004 2824 solummodo
1015 2769 1089 2840 quie·
1140 2786 1263 2825 summus
1290 2768 1423 2842 pontifex,
1462 2768 1580 2824 facunda
1603 2766 1706 2822 rabone
1731 2765 1939 2836 rationabilique

285 2865 365 2906 scere
394 2851 499 2922 volens,
529 2867 596 2909 oves
615 2853 712 2909 Christi
741 2861 767 2909 et
795 2855 1087 2928 antepngnamlnpo-
1141 2859 1269 2914 facundia
1284 2857 1465 2926 disseruisset,
1477 2864 1550 2912 mota
1565 2863 1606 2911 est
1620 2855 1749 2928 quaedam
1770 2853 1882 2926 quaestio
1905 2869 1940 2909 cx

280 2953 345 2992 rum
360 2939 497 2995 morsibus
510 2941 683 2997 dilaniandus
706 2958 760 2998 non
789 2950 897 2999 veretur
923 2947 1088 3015 exponcre‘f
1140 2955 1216 3019 parte
1230 2947 1388 3003 Graecorum
1405 2945 1565 3018 evangelica
1579 2943 1737 2999 auctoritate
1759 2942 1876 3014 probare
1891 2958 1940 2997 vo·

283 3028 324 3082 Ab
345 3028 531 3100 lquiddicam
547 3030 561 3083 ‘f
576 3028 1088 3104 eroamoresperatltominocopulari
1138 3035 1252 3092 lentium
1271 3059 1282 3084 ·
1301 3034 1430 3106 Spiritum
1444 3041 1566 3089 sanetum
1578 3032 1781 3104 processionem
1806 3047 1861 3085 non
1888 3032 1939 3085 ba-

281 3116 327 3186 qni
343 3115 396 3172 boc
413 3117 483 3190 fugit
498 3133 552 3189 quo
567 3117 626 3189 ipse
649 3120 784 3176 Dominus
812 3137 843 3177 se
866 3128 933 3178 teste
959 3122 1088 3194 probatur
1139 3125 1203 3182 bere
1215 3125 1267 3180 uisi
1283 3133 1386 3180 tantum
1401 3140 1417 3180 a
1432 3123 1523 3178 Pane.
1542 3143 1554 3173 ι
1570 3122 1638 3179 Huic
1652 3121 1738 3177 errori
1764 3129 1821 3175 tum
1849 3119 1940 3174 multis

283 3204 500 3261 amariflbsint
512 3207 598 3263 haece
613 3215 648 3274 te,
659 3209 750 3264 absint
765 3226 781 3264 a
795 3217 840 3266 tna
858 3210 999 3283 religione,
1016 3212 1087 3268 dile·
1139 3214 1320 3286 argumentis,
1336 3221 1390 3267 tum
1405 3211 1536 3285 plurimus
1550 3209 1700 3266 rationibus
1709 3224 1781 3279 papa
1803 3207 1940 3262 contraire

279 3293 401 3349 ctissime
409 3293 624 3353 fraterdnselme
640 3297 782 3354 tPotiusne
803 3315 847 3354 me
863 3299 888 3353 in
903 3299 962 3354 istis
974 3300 1087 3356 ulterius
1138 3302 1221 3369 nisus,
1238 3301 1369 3358 lateralia
1380 3300 1437 3375 (ii)
1452 3298 1579 3373 quiddam
1602 3298 1635 3355 de
1649 3297 1762 3371 epistola
1790 3296 1842 3351 sibi
1869 3295 1935 3351 olim

280 3382 427 3456 inquietes,
444 3384 774 3457 sciasquodnonsolum
803 3404 856 3444 non
886 3389 1007 3446 concedo
1035 3390 1084 3448 tibi
1137 3391 1171 3446 ab
1185 3391 1358 3447 Anselmodc
1371 3392 1574 3448 incarnatione
1599 3387 1765 3445 Verbiedita
1782 3385 1935 3454 ctdirecta,

279 3471 371 3528 facere
387 3472 458 3544 qnod
475 3474 555 3544 petis,
571 3475 627 3531 imo
655 3492 688 3531 ex
712 3483 791 3547 parte
818 3476 869 3532 Dei
889 3477 1082 3549 omnipotentis
1137 3480 1256 3551 exempli
1271 3480 1368 3553 gratia,
1389 3478 1488 3546 intulit,
1503 3478 1576 3550 qnod
1604 3493 1660 3531 suae
1681 3472 1855 3545 disputationi
1884 3489 1939 3529 non

279 3561 341 3617 rice
355 3560 507 3617 beatissimi
533 3564 602 3619 Petri
617 3565 800 3636 apostolorum
812 3565 942 3638 principis
956 3567 1004 3622 tibi
1031 3583 1083 3637 per
1135 3585 1232 3641 parum
1247 3568 1376 3625 claritatis
1390 3582 1423 3623 ac
1432 3566 1601 3621 firmitudinis
1625 3564 1723 3619 attufit.
1747 3564 1848 3619 Verum
1876 3576 1938 3617 cum

279 3658 402 3705 sanctam
415 3650 597 3707 obedientiam
613 3652 742 3725 precipio
757 3661 888 3724 quatenus
907 3671 998 3711 curam
1026 3658 1083 3711 An·
1136 3658 1267 3713 nonnulla
1281 3656 1473 3725 objicerentur,
1495 3662 1521 3709 et
1549 3653 1663 3709 redditae
1684 3652 1812 3719 rationes,
1843 3665 1937 3720 quem·

282 3739 351 3813 glici
365 3738 442 3813 regni
452 3739 499 3795 tibi
515 3742 745 3812 commendatam,
768 3743 886 3814 qnandiu
913 3744 1028 3799 retinere
1054 3753 1083 3801 ut
1136 3746 1283 3801 admodum
1294 3744 1464 3799 instabilibus
1476 3758 1537 3798 mos
1551 3740 1755 3812 est,disquisitae
1763 3737 1932 3794 enucleatius

282 3829 413 3883 hactenns
426 3830 539 3899 poteria,
556 3844 610 3885 non
625 3829 751 3900 abjicias.
769 3830 849 3900 Quod
862 3832 884 3885 si
912 3839 1023 3904 propter
1037 3836 1082 3905 ty·

280 3918 424 3972 renuidem
437 3917 578 3989 principis,
595 3918 639 3990 qui
654 3936 725 3975 nunc
739 3919 776 3975 ibi
801 3920 967 3992 dominatur,
984 3922 1011 3977 in
1026 3930 1082 3977 ter-

280 4021 339 4061 ram
355 4006 430 4061 illam
446 4006 534 4063 redire
548 4022 602 4063 non
615 4009 790 4080 permitteris,
811 4010 872 4080 jure
885 4017 974 4066 tamen
1002 4010 1082 4066 Chri-

279 4094 423 4150 stianitatis
448 4111 558 4168 semper
585 4096 659 4152 illius
686 4099 909 4171 archiepiscopus
936 4108 1003 4165 esto,
1028 4115 1083 4172 po-

283 4190 409 4239 testatem
434 4183 537 4257 ligandi
565 4193 647 4257 atque
662 4185 786 4243 soluendi
812 4204 894 4259 super
918 4204 989 4258 eam,
1018 4190 1082 4244 dum

280 4272 392 4343 vixeris,
408 4271 537 4329 obtineris
551 4280 578 4330 et
599 4274 753 4348 insignibus
782 4276 983 4349 pontificalibus
1010 4293 1084 4335 more

282 4363 385 4417 summi
400 4362 536 4433 pontificis
549 4372 628 4419 utens
645 4364 798 4435 ubicunque
824 4364 922 4421 inens.
943 4366 1011 4422 »nd
1026 4368 1083 4423 baec

283 4448 329 4506 ille
345 4468 351 4505 :
373 4448 598 4519 «obedientiam,
614 4452 702 4521 Pater,
723 4468 777 4507 non
792 4454 901 4525 abjicio,
918 4456 965 4509 sed
992 4454 1015 4509 si
1030 4470 1084 4510 non

283 4539 421 4609 displicet,
438 4540 503 4611 quid
517 4542 609 4597 animo
624 4556 716 4614 geram
732 4542 826 4613 paucis
841 4558 997 4615 suggeram.
1014 4542 1083 4599 Cre-

283 4628 341 4695 dat,
356 4628 379 4683 sf
395 4628 492 4700 placet,
508 4631 669 4687 excellentia
679 4638 767 4687 vestre
791 4632 918 4704 quoniam
945 4633 967 4687 si
983 4633 1082 4700 caedes,

282 4716 304 4771 si
319 4718 442 4788 vulnera,
458 4719 481 4773 si
498 4735 573 4775 mors
587 4720 719 4791 ipsamihi
734 4736 783 4791 pro
797 4721 877 4776 tutela
891 4719 1085 4777 etdefensioue

282 4806 376 4863 orium
390 4807 492 4863 Christi
507 4808 698 4875 intenderetur,
716 4824 808 4880 spero,
820 4826 874 4865 ιιοιι
889 4808 1085 4882 aufugerem,si

1136 3834 1235 3907 exponi
1251 3840 1417 3905 peterentur,
1434 3832 1594 3903 imperatum
1609 3828 1746 3884 silentium
1762 3826 1864 3899 primus
1878 3824 1937 3896 ipse

1135 3923 1259 3996 pontifex
1273 3922 1345 3994 rupit
1360 3922 1414 3976 alta
1428 3936 1495 3977 voce
1511 3919 1604 3975 dicens
1620 3934 1627 3972 ι
1646 3941 1657 3967 ι
1676 3919 1789 3973 Pateret
1811 3914 1938 3987 magister

1136 4014 1274 4079 nnselme,
1291 4011 1439 4084 anglorum
1453 4008 1667 4080 archiepiscope,
1682 4006 1728 4063 ubi
1743 4007 1800 4062 es‘l
1818 4029 1829 4054 ι
1847 4003 1935 4061 Sede-

1136 4102 1184 4157 bat
1211 4100 1284 4156 enim
1310 4100 1383 4155 idem
1405 4100 1485 4156 Pater
1504 4098 1531 4153 in
1563 4097 1658 4153 ordine
1681 4104 1840 4153 ceterorum
1867 4092 1937 4148 inter

1137 4189 1361 4262 primosconcilii
1389 4189 1489 4257 Patres,
1505 4194 1532 4243 et
1545 4201 1597 4259 ego
1625 4186 1659 4240 ad
1682 4184 1765 4257 pedes
1790 4183 1859 4255 ejus.
1884 4181 1939 4239 Ubi

1139 4270 1205 4350 ergo
1232 4294 1262 4333 se
1276 4277 1372 4349 requiri
1396 4276 1509 4343 audivit,
1528 4274 1647 4331 surrexit
1674 4273 1810 4341 contiuuo,
1841 4279 1868 4326 et
1894 4285 1936 4325 re·

1138 4367 1247 4437 spondit
1262 4384 1268 4420 :
1288 4389 1300 4413 a
1317 4365 1432 4421 Domine
1443 4366 1529 4430 Pater,
1541 4362 1759 4435 quidpraecipis‘?
1773 4362 1845 4416 Ecce
1855 4374 1934 4414 me.-

1139 4454 1225 4510 ntille
1242 4472 1247 4509 :
1267 4476 1278 4504 ι
1295 4453 1376 4523 Quid,
1386 4468 1487 4523 quaeso,
1499 4452 1591 4507 facist
1607 4453 1660 4507 Cur
1674 4452 1701 4505 in
1725 4449 1838 4505 aliorum
1854 4446 1936 4502 silen-

1140 4544 1177 4598 tio
1191 4542 1268 4615 degis
1280 4544 1295 4598 ‘f
1308 4542 1385 4611 Veni,
1402 4542 1474 4607 veni,
1496 4540 1609 4596 obsecro
1625 4558 1632 4603 ;
1648 4538 1765 4594 ascende
1789 4551 1874 4606 usque
1901 4533 1936 4590 ad

1139 4648 1188 4687 uos
1203 4639 1229 4687 et
1243 4647 1367 4705 pugnans
1385 4647 1433 4703 pro
1449 4631 1530 4685 lintre
1545 4634 1592 4685 tua
1606 4633 1633 4683 et
1647 4634 1748 4693 nostra,
1760 4625 1860 4695 adjuva
1873 4638 1933 4691 nos,

1139 4722 1181 4779 cui
1206 4736 1281 4776 suam
1310 4720 1490 4793 iutegritatem
1516 4718 1596 4773 eides
1624 4714 1817 4773 Graecosistos
1844 4710 1935 4768 conari

1139 4809 1270 4879 adimere,
1286 4817 1312 4865 et
1326 4809 1410 4864 nosin
1423 4807 1538 4878 idipsum
1554 4806 1639 4875 nefas,
1653 4805 1676 4859 si
1690 4804 1806 4859 facultas
1821 4801 1860 4858 eis
1888 4800 1935 4855 tri-

280 4910 325 4951 me
340 4896 507 4953 conscientia
520 4912 580 4953 mea
595 4913 650 4953 non
666 4898 743 4953 fallit.
761 4901 793 4953 Λι
808 4906 871 4953 tnnc
898 4906 927 4954 ut
954 4902 988 4953 de
1015 4915 1080 4971 rege
1095 4878 1124 4943 D
1137 4898 1237 4966 buitur,
1253 4896 1434 4968 praecipitare.
1447 4896 1578 4951 Succurre
1592 4894 1674 4967 igitur
1697 4891 1775 4963 quasi
1788 4906 1855 4946 vere
1882 4903 1933 4960 pro

281 4984 353 5057 ipso,
370 4985 415 5057 qui
430 5002 483 5053 me,
500 4986 569 5041 aiant
582 4996 674 5042 uotum
690 4995 741 5056 est,
759 4988 792 5043 de
808 5002 893 5059 regno
907 5002 955 5043 sno
970 4989 1083 5059 expulit,

282 5082 399 5143 ιιιεειιιιι,
415 5074 544 5145 ipsiquos
554 5082 661 5143 cesset
671 5076 794 5147 episcopi
806 5092 874 5147 quos
890 5076 1084 5147 adjutoresbc·

284 5162 350 5219 bere
365 5162 512 5230 debebam,
541 5173 568 5220 et
596 5165 641 5237 qui
667 5164 734 5219 mibi
762 5164 943 5221 obedientiam
969 5165 1083 5236 professi

283 5259 358 5321 suot,
370 5266 465 5308 ornnes
485 5252 513 5307 io
529 5268 671 5308 commune
686 5252 789 5309 adhoc
804 5270 846 5309 me
875 5254 975 5310 ducere
997 5268 1083 5310 cona-

282 5341 393 5407 bantur,
409 5347 539 5411 quatenus
550 5341 601 5396 sub
624 5340 735 5397 obtentu
748 5340 859 5412 justitiae
884 5350 976 5398 contre
1001 5342 1084 5413 justi·

283 5430 346 5485 tiam
364 5428 492 5499 facerem,
508 5430 588 5485 idest
601 5430 763 5486 obedientiae
776 5429 850 5485 beati
866 5432 935 5486 Petri
945 5430 1082 5486 abrenun-

287 5518 396 5587 tiarem,
411 5533 446 5573 ne
458 5516 539 5573 fidem
557 5534 638 5591 quam
654 5517 787 5575 debebam
799 5519 856 5591 regi
885 5518 1083 5575 terrenoviola·

280 5623 349 5663 rem.
371 5604 477 5676 Quibus
492 5606 556 5662 dnm
571 5608 675 5663 niterer
690 5608 856 5678 persuadere
871 5623 914 5663 me
942 5616 1084 5681 utrumque

1138 4989 1189 5043 troc
1205 5001 1221 5041 a
1236 4988 1292 5041 Deo
1306 4984 1402 5039 missus
1417 4984 1480 5039 huc.
1500 5007 1512 5033 a
1528 4984 1640 5039 Videres
1654 4984 1745 5054 itaque
1754 4978 1933 5038 circasolium

1138 5090 1217 5146 papae
1231 5088 1351 5145 quosque
1360 5082 1541 5142 perstrepere,
1561 5072 1640 5127 sedes
1650 5079 1763 5138 mutare,
1778 5071 1869 5127 locum
1885 5084 1933 5124 se·

1136 5163 1222 5219 dendi
1232 5162 1290 5217 viro
1305 5176 1410 5234 parare,
1427 5169 1454 5216 et
1467 5160 1508 5215 sic
1518 5160 1626 5215 demum
1641 5159 1791 5216 honorifice
1814 5158 1932 5217 levatum

1137 5252 1172 5307 ad
1192 5267 1221 5307 se
1236 5264 1319 5322 pmpe
1332 5265 1431 5321 papam
1446 5249 1588 5317 collocare,
1613 5248 1729 5306 concilio
1752 5255 1879 5320 stupente
1899 5247 1934 5302 ad

1136 5341 1206 5409 baeo,
1235 5346 1261 5395 et
1281 5345 1474 5409 percunctante
1498 5337 1559 5408 quis
1584 5344 1656 5392 esset
1684 5345 1730 5393 ant
1756 5338 1837 5392 uode.
1862 5336 1931 5392 Tum

1136 5442 1297 5500 compresso
1311 5426 1435 5496 tumultu,
1451 5426 1577 5481 omnibus
1590 5426 1617 5480 in
1631 5440 1775 5481 commune
1797 5424 1847 5482 viri
1871 5427 1934 5480 sau-

1136 5520 1256 5576 ctitatem
1280 5524 1360 5587 atque
1386 5514 1544 5570 industriam
1559 5530 1630 5586 papa
1655 5514 1789 5585 exposuit,
1817 5521 1845 5569 et
1871 5514 1932 5585 quia

1136 5606 1390 5679 propterjustitiam
1402 5605 1500 5659 multas
1516 5604 1717 5677 persecutiones
1729 5619 1834 5675 passus,
1851 5611 1932 5673 atque

931 5722 1146 5783 HENSCHENII
1165 5722 1278 5781 NOTAE.

316 5823 357 5893 (a)
373 5824 428 5880 Par
442 5822 492 5879 boc
507 5824 535 5879 ct
546 5821 606 5891 froc,
623 5820 741 5878 formula
754 5820 863 5892 jurandi
877 5828 927 5889 est,
943 5838 996 5893 qua
1006 5820 1079 5878 idem

280 5910 328 5951 rex
345 5892 427 5949 etiam
436 5890 507 5948 infra
522 5892 611 5948 utitur.

314 5966 355 6036 (b)
373 5986 385 6013 ι
399 5964 489 6021 Mense
498 5962 609 6019 Octobri
624 5977 694 6034 papa
708 5963 835 6019 Urbanus
850 5963 1003 6019 universam
1014 5980 1078 6034 syn-

279 6036 365 6095 odum
378 6034 557 6111 congregavit
570 6034 599 6091 in
609 6034 717 6093 civitate
724 6034 797 6107 llari,
812 6033 840 6090 in
850 6050 902 6113 qua
912 6034 1020 6094 fuerunt
1029 6038 1078 6097 18³

1136 5820 1273 5894 episcopi.
1292 5843 1304 5870 ι
1319 5820 1359 5876 lta
1371 5820 1462 5892 anus
1476 5821 1646 5892 Protospata,
1661 5820 1709 5875 sed
1725 5832 1867 5891 perperam
1882 5834 1932 5875 no-

1134 5902 1191 5950 tato
1206 5907 1279 5948 auno
1295 5895 1374 5959 toas,
1385 5892 1436 5947 nisi
1446 5908 1522 5949 more
1536 5892 1696 5951 Graecorum
1718 5905 1821 5947 annum
1844 5888 1933 5961 auspi-

1134 5970 1238 6023 cetura
1254 5962 1417 6036 Septembri.
