4750 6725
319 594 385 651 tota
793 594 1002 653 DlSPUTdTIO
1033 594 1140 651 tuber
1171 594 1243 653 Cllil
1269 595 1493 653 caniseiane.
1900 588 1969 647 1018

316 718 385 773 ratio
402 718 567 787 perduxerit.
582 719 625 775 dd
640 719 777 775 Christum
792 720 946 789 redeamus,
975 718 1003 773 iu
1031 732 1111 787 quem
1125 718 1152 780 A
1167 727 1248 789 atque
1260 728 1402 790 utrumque
1415 719 1549 790 populum
1563 718 1590 774 in
1605 733 1636 773 se
1653 730 1736 772 unum
1765 714 1877 781 iaciens,
1899 712 1970 782 lapis

318 805 375 859 dixi
391 814 418 861 et
432 805 495 863 dico
510 806 573 879 quia
585 812 692 878 oportet
706 816 732 863 te
751 808 872 864 credere.
1174 807 1317 879 pretiosus,
1334 810 1397 879 quia
1412 824 1484 864 mors
1494 807 1553 877 ejus
1567 806 1640 877 opud
1655 806 1742 860 Deum
1767 802 1832 857 tanti
1858 801 1969 866 exstitit,

351 892 485 962 Quamvis
501 894 571 949 enim
588 911 655 967 pace
670 912 731 951 mea
744 894 865 951 concedo
879 910 939 951 esse
953 894 1064 959 dictum,
1090 901 1117 949 et
1173 904 1202 952 ut
1217 905 1327 967 peccata
1338 897 1417 954 totius
1433 896 1538 951 tolleret
1553 893 1659 949 mundi.
1676 891 1742 956 Sed,
1753 888 1879 961 quemvis
1900 888 1970 958 lapis

315 980 392 1035 salva
406 980 468 1037 fidei
483 982 630 1039 assertione
645 991 780 1039 contestor
789 999 848 1039 esse
865 982 1072 1053 approbandum
1088 979 1118 1046 ⁵⁰,
1173 985 1312 1055 probatus,
1328 984 1476 1056 angularis,
1492 982 1629 1054 pretiosus
1654 980 1744 1044 luerit,
1774 994 1827 1032 non
1851 976 1879 1030 in
1899 990 1970 1043 enm,

322 1068 385 1138 quia
400 1084 455 1124 non
465 1070 596 1127 debemus
610 1072 720 1127 credere
734 1071 784 1125 nisi
796 1070 823 1125 in
833 1071 921 1126 Deum
936 1078 963 1125 et
974 1069 1002 1124 in
1023 1081 1118 1130 unum,
1173 1075 1224 1128 sed
1236 1074 1260 1129 ei
1274 1073 1369 1129 dehita
1381 1071 1572 1129 observatione
1587 1068 1732 1125 credimus.
1754 1065 1823 1134 Quia
1846 1072 1873 1119 et
1899 1064 1972 1118 Deus

315 1163 407 1211 tamen
423 1156 480 1211 dixi
501 1166 528 1213 et
556 1158 617 1215 dico
645 1161 710 1229 quia
737 1159 764 1213 in
789 1158 925 1215 Christum
954 1165 980 1213 te
1008 1160 1119 1227 oportet
1171 1170 1213 1218 est
1227 1162 1309 1232 (unde
1324 1171 1351 1217 et
1364 1160 1539 1232 consequitur
1557 1174 1592 1214 :u
1614 1156 1661 1229 qui
1686 1154 1830 1210 crediderit
1854 1150 1883 1205 in
1909 1166 1971 1206 eum

319 1245 440 1301 credere·
1170 1263 1225 1303 non
1235 1249 1414 1304 confundetur
1427 1248 1453 1319 a)
1468 1255 1493 1302 et
1503 1247 1563 1302 ciet
1577 1245 1605 1300 in
1624 1260 1685 1299 eum
1705 1242 1798 1298 debito
1823 1237 1972 1295 dirinitatis

350 1332 457 1388 Nomen
473 1332 521 1389 Dei
537 1333 565 1389 in
579 1350 679 1391 vanum
689 1334 1042 1407 nequaquamassumimus,
1054 1334 1118 1406 quia
1170 1336 1244 1394 cultu
1259 1337 1404 1392 credimus.
1421 1333 1500 1404 Quod
1515 1341 1605 1390 autem
1620 1335 1640 1365 '⁴
1650 1330 1718 1387 dicis
1732 1338 1758 1386 et
1772 1344 1822 1384 nos
1845 1324 1971 1398 negando

316 1420 383 1475 nulli
397 1429 527 1477 creaturae
540 1438 641 1479 nomen
656 1423 813 1497 cultumque
827 1423 974 1479 divinitatis
988 1423 1117 1479 attribui·
1170 1426 1270 1494 dicere,
1280 1424 1428 1481 etdicendo
1442 1438 1543 1495 negare
1561 1436 1643 1475 unum
1660 1427 1687 1474 et
1708 1416 1842 1488 triplicem
1871 1415 1970 1479 ileum,

317 1522 395 1569 mus;
412 1510 469 1564 etsi
486 1510 547 1583 quis
574 1511 776 1567 attribuendam
806 1511 874 1567 dicit
902 1527 973 1576 esse,
1007 1511 1117 1567 omnino
1170 1513 1398 1569 modisomnibus
1422 1526 1555 1582 negamus
1583 1523 1665 1563 unum
1693 1512 1719 1561 et
1746 1504 1880 1575 triplicem
1907 1501 1971 1569 dici,

317 1595 522 1668 redarguimus.
542 1598 680 1655 Ettamen
697 1599 792 1655 diriet
819 1600 881 1656 dico
903 1600 966 1669 quia
990 1600 1018 1654 in
1040 1600 1118 1654 Chri·
1171 1604 1234 1674 quia
1261 1608 1290 1656 tn
1316 1603 1374 1656 Deo
1401 1599 1503 1654 nullam
1538 1595 1655 1652 dicimus
1687 1593 1883 1663 triplicitatem,
1923 1590 1972 1643 sed

317 1690 390 1737 stum
418 1690 527 1755 oportet
554 1694 579 1741 ta
604 1688 725 1757 credere,
752 1688 815 1759 quia
844 1688 980 1743 Christum
1011 1694 1119 1742 constat
1168 1706 1251 1745 unum
1268 1690 1370 1745 trinum
1384 1686 1509 1752 dicimus,
1525 1684 1589 1755 quia
1603 1684 1632 1737 in
1647 1682 1757 1737 deitatis
1772 1678 1875 1733 unitate
1903 1692 1970 1760 perf

316 1770 402 1825 Deum
418 1778 444 1826 et
459 1772 596 1828 hominem
608 1790 679 1830 esse.
694 1775 771 1831 Licet
785 1775 855 1830 enim
872 1776 1016 1831 credemus
1031 1776 1118 1831 Deum
1170 1793 1302 1833 sonarum
1329 1776 1464 1831 credimus
1488 1772 1646 1828 trinitatem.
1676 1769 1764 1838 Quare
1793 1774 1883 1822 autem
1917 1764 1971 1818 diol

322 1860 501 1930 assumpsisse
516 1862 654 1918 hominem
669 1863 696 1917 in
710 1863 837 1919 unitatem
848 1879 982 1933 pareone,
999 1872 1026 1919 et
1039 1861 1120 1919 Chri·
1170 1882 1225 1922 non
1240 1862 1484 1935 debettriplicitas,
1501 1868 1625 1931 etquare
1654 1856 1708 1911 dici
1737 1862 1828 1927 potest
1853 1852 1970 1919 triuitas,

318 1953 390 2000 stum
405 1948 550 2004 credamus
566 1950 652 2005 Deum
664 1959 690 2005 et
708 1950 847 2006 hominem
863 1967 933 2019 esse,
951 1960 1039 2007 tamen
1049 1951 1118 2006 duas
1170 1970 1219 2010 suo
1234 1954 1294 2009 loeo
1305 1951 1435 2020 dicemus,
1452 1958 1478 2005 et
1492 1948 1566 2019 quod
1588 1946 1721 2011 dicemus,
1748 1942 1853 1998 ratione
1874 1948 1900 1995 et
1924 1955 1970 1993 eu·

316 2041 426 2089 naturas
445 2035 472 2090 in
487 2051 520 2091 eo
535 2038 683 2103 credimus,
698 2046 724 2093 et
736 2038 847 2094 omnino
862 2038 996 2094 discretas
1015 2038 1115 2093 utrius·
1130 2067 1156 2127 Β
1172 2042 1296 2098 ctoritate
1311 2048 1471 2095 astruemus.

317 2136 370 2192 que
383 2128 487 2178 naturae
502 2124 681 2199 proprietates
696 2127 854 2181 asserimus.
871 2126 984 2181 Monens
1013 2125 1116 2198 quippe
1516 2138 1638 2180 nunnus.

315 2202 573 2267 incommutabiliter
613 2214 686 2268 Deus
713 2213 740 2267 id
774 2215 848 2285 quod
876 2220 945 2283 erat,
972 2213 1118 2285 assumpsit
1201 2212 1274 2286 ‘Quae
1287 2232 1332 2273 me
1347 2215 1415 2271 ratio
1440 2214 1470 2283 ⁸⁸,
1486 2229 1549 2285 quaa
1561 2228 1607 2267 me
1626 2209 1829 2280 scripturarum
1840 2202 1915 2277 cogit
1925 2216 1971 2258 au-

317 2296 389 2367 quod
404 2313 458 2353 non
473 2307 542 2354 erat.
562 2300 683 2356 Verbum
698 2300 839 2371 quoderat
853 2301 880 2356 iu
893 2301 1027 2373 principio
1043 2300 1116 2371 apud
1172 2304 1282 2361 ctoritas
1296 2312 1325 2359 ut
1334 2303 1444 2359 credam
1458 2301 1531 2371 quod
1544 2300 1616 2355 Deus
1629 2300 1711 2352 homo
1725 2294 1785 2349 lieri
1807 2297 1898 2362 queat,
1927 2287 1972 2344 vel

316 2384 554 2457 Deum,perquod
568 2387 660 2444 omnia
676 2388 827 2454 factasunt,
851 2398 878 2445 et
906 2388 965 2445 sine
994 2404 1047 2460 quo
1072 2389 1117 2443 io·
1171 2384 1698 2461 homotactusjamextstattSinutta
1718 2382 1791 2453 apud
1818 2380 1906 2435 Deum
1932 2382 1974 2430 est

315 2474 533 2542 otumestaihil,
549 2491 611 2531 caro
626 2475 726 2532 iactum
742 2484 792 2545 est,
809 2476 980 2533 ethabitavit
1010 2478 1039 2531 in
1064 2493 1117 2533 no·
1173 2480 1374 2548 transmutatio,
1403 2493 1455 2534 nec
1476 2476 1531 2532 ulla
1568 2470 1763 2531 vicissitudinis
1799 2462 1973 2523 obumbratio

315 2560 782 2637 bisi-'⁰⁰⁷¹-b112llQUiaerssO
807 2565 928 2620 Christus
955 2564 1028 2620 ⁰0⁰³
1063 2572 1115 2629 0⁸2.
1174 2572 1272 2637 (tacu,
1289 2565 1664 2638 litquomodopeneseum
1686 2568 1760 2641 tanta
1790 2570 1883 2611 rerum
1912 2550 1973 2607 fieri

317 2648 466 2705 FiliuaDei
486 2650 651 2721 estvirtute,
667 2667 720 2708 nou
749 2652 847 2724 gratia,
879 2651 951 2707 Patri
980 2651 1116 2707 consubs-
1170 2664 1260 2727 potest
1275 2656 1397 2711 alteratio
1416 2652 1456 2721 ⁸⁶,
1472 2662 1501 2708 ut
1513 2654 1585 2707 Deus
1595 2652 1676 2705 homo
1687 2647 1741 2715 fiat,
1759 2646 1870 2701 Creator
1888 2656 1971 2697 crea-

315 2736 445 2803 tnntialis,
461 2754 510 2808 par
524 2747 550 2794 et
564 2747 724 2807 coaetemus,
740 2748 802 2795 ante
816 2740 906 2795 omnia
920 2740 1035 2795 existens
1046 2747 1116 2794 tem·
1170 2750 1244 2813 tura,
1258 2752 1284 2799 et
1312 2739 1527 2812 incorruptibilis
1550 2738 1677 2795 credatur
1704 2734 1791 2789 iaetus
1818 2747 1877 2786 esse
1902 2743 1970 2785 cor-

316 2840 396 2893 pora,
415 2832 442 2881 et
456 2826 483 2879 in
494 2842 556 2881 eum
570 2828 718 2883 credimus.
735 2826 742 2898 Ι
755 2824 774 2857 ‘¹
789 2827 859 2897 Quia
872 2826 958 2901 vero]
976 2828 1062 2883 lactus
1089 2825 1117 2881 in
1172 2830 1300 2902 ruptela‘t
1314 2829 1469 2899 Quomodo,
1481 2842 1582 2898 quaeso,
1594 2824 1725 2894 accipitur
1741 2840 1747 2876 :
1762 2844 1773 2869 a
1786 2818 1816 2875 In
1824 2817 1967 2890 principio,

316 2919 449 2982 tempore,
466 2914 548 2969 homo
563 2925 614 2983 est,
631 2916 714 2971 Filius
728 2915 778 2971 Uei
793 2924 846 2983 est,
862 2930 917 2971 non
931 2914 1038 2983 virtute,
1068 2914 1117 2970 sad
1171 2919 1297 2985 Domine,
1313 2926 1411 2974 terram
1427 2914 1558 2981 fundasti,
1574 2922 1602 2969 at
1616 2926 1701 2983 opera
1722 2924 1833 2965 manum
1862 2914 1968 2960 tuarum

314 2999 614 3069 qratia,Deoinferior,
631 3002 780 3059 minoratus
806 3004 888 3059 etiem
913 3002 994 3074 paulo
1023 3007 1113 3057 minus
1170 3015 1232 3062 sunt
1246 3007 1320 3063 coeli.
1338 3006 1392 3077 Ipsi
1408 3005 1554 3077 peribam,
1571 3010 1600 3058 tu
1614 3008 1702 3056 autem
1716 2994 1897 3069 permanebis.
1912 2993 1970 3046 blu-

315 3086 349 3141 ab
364 3087 479 3159 angelis,
496 3090 548 3144 sub
565 3098 686 3161 tempore
698 3091 797 3158 lactus,
814 3100 891 3147 natus
904 3106 937 3147 ex
953 3090 1067 3146 muliere
1083 3088 1115 3158 '’,
1170 3096 1245 3151 tabis
1259 3110 1317 3163 eos,
1333 3102 1359 3149 et
1372 3093 1549 3149 mutabuntur
1563 3109 1569 3152 ;
1587 3098 1615 3145 tu
1640 3096 1728 3142 autem
1761 3098 1868 3155 semper
1894 3081 1969 3135 idem

316 3181 342 3230 et
354 3174 382 3229 in
396 3190 458 3231 eum
472 3177 719 3235 scilicethominetn
729 3188 893 3251 assumptum
908 3178 1114 3235 noneredimus.
1169 3184 1230 3254 ipse
1245 3184 1293 3238 es?
1310 3182 1421 3253 ,(Ρωι,
1433 3197 1470 3250 ω,
1485 3183 1530 3245 25,
1546 3180 1603 3248 sn)
1615 3173 1759 3240 Quomodo
1774 3173 1870 3228 Deus.
1893 3183 1970 3223 eem-

316 3263 406 3317 ltem:
432 3264 495 3335 quia
519 3265 590 3321 Deus
619 3276 668 3335 est,
699 3284 751 3323 nec
779 3268 858 3333 mori,
888 3284 940 3323 nec
972 3267 1036 3339 pati,
1066 3281 1116 3323 neo
1170 3288 1219 3343 per
1232 3271 1306 3326 idem
1320 3271 1378 3341 ipse
1391 3273 1441 3333 est,
1458 3294 1469 3316 ι
1487 3267 1510 3322 si
1525 3264 1745 3321 alteratushomo
1760 3259 1818 3316 lieri
1834 3264 1923 3329 potest
1949 3256 1964 3308 ‘t

316 3350 392 3407 nasci
406 3352 510 3422 potuit;
527 3354 591 3424 quia
603 3354 686 3412 horno
701 3363 751 3424 est,
768 3356 873 3412 etmori
888 3356 988 3428 etpnti,
1000 3365 1025 3412 et
1040 3355 1116 3412 nasei
1170 3361 1192 3416 si
1207 3362 1281 3416 Deus
1295 3367 1335 3414 est
1346 3357 1502 3424 immensus,
1518 3350 1745 3426 quomodovilIet
1760 3363 1845 3420 parve
1868 3345 1969 3400 huma·

317 3439 415 3509 potuit,
430 3449 456 3495 et
470 3441 554 3498 voluit
571 3461 578 3506 ;
594 3451 622 3498 et
636 3460 686 3514 per
694 3445 830 3514 passionis
841 3461 896 3500 suae
918 3445 1071 3516 mysterium
1101 3459 1118 3499 a
1171 3464 1270 3504 norum
1286 3445 1456 3503 dimensione
1471 3443 1654 3500 membrorum
1668 3437 1755 3509 potuit
1769 3432 1969 3490 dimensuscir-

319 3535 407 3583 morte
421 3545 471 3583 nos
484 3531 607 3586 redemit.
624 3532 759 3602 Propheta
773 3533 831 3604 ipse
856 3533 940 3589 isaias
967 3534 1054 3588 Deum
1091 3540 1118 3587 et
1171 3535 1340 3594 cumscribi‘?
1354 3535 1378 3587 si
1393 3533 1466 3588 Deus
1494 3539 1534 3585 est
1558 3525 1821 3594 incircumscriptus,
1846 3534 1900 3590 quo
1921 3534 1968 3573 ar·

324 3614 463 3671 hominem
478 3616 597 3674 futurum
611 3635 670 3675 essa
685 3620 817 3676 Christum
832 3621 1027 3690 praenuntians,
1051 3619 1088 3673 ait
1108 3637 1114 3672 :
1171 3621 1385 3694 gumentationis
1398 3633 1500 3690 genere
1513 3616 1620 3672 dicetur
1633 3612 1707 3684 qnod
1721 3609 1891 3666 dimensione
1904 3622 1968 3661 cor-

324 3723 336 3750 «
359 3703 441 3773 Eece,
469 3704 557 3776 inquit
585 3707 728 3774 Dominus,
752 3723 851 3779 ponam
878 3707 906 3762 in
934 3705 1117 3761 fundamentis
1170 3702 1628 3780 porcacircumsoriptustotussub
1643 3705 1762 3771 angusto
1778 3695 1868 3751 matris
1891 3701 1969 3748 utero

320 3791 385 3846 Sion
416 3792 532 3863 lapidem
562 3795 715 3866 probatum,
745 3795 912 3868 angularem,
938 3795 1084 3865 pretiosum
1109 3811 1115 3857 ;
1170 3796 1259 3868 potuit
1273 3795 1485 3864 comprehensus
1497 3790 1581 3846 teneri
1596 3790 1610 3841 ‘i
1626 3789 1668 3843 hd
1687 3789 1756 3851 hec,
1777 3783 1801 3838 si
1827 3783 1900 3838 Deus
1927 3786 1969 3834 est

321 3879 366 3950 qui
395 3881 540 3937 crediderit
562 3883 589 3937 in
613 3898 686 3951 eum,
716 3899 772 3938 non
804 3883 1002 3940 corriundentur
1033 3883 1112 3954 (laci.
1172 3881 1407 3955 quonihiltnajus
1434 3880 1491 3935 sive
1518 3876 1698 3933 sufficientius
1719 3871 1841 3944 cogitare
1869 3875 1967 3939 potest.

321 3981 399 4036 xrtrr,
417 3971 474 4038 lb).
492 3970 642 4040 „Lapidem
657 3971 731 4042 dicit,
762 3982 789 4027 et
816 3975 909 4042 aperte
934 3969 1116 4040 subsequitur,
1170 3987 1225 4044 qua
1236 3970 1401 4027 necessitate
1415 3977 1525 4025 coactus
1552 3967 1678 4020 humsnae
1706 3959 1867 4018 calamitatis
1885 3955 1968 4029 parti-

324 4076 335 4103 ·
353 4054 399 4126 qui
412 4057 555 4113 crediderit
578 4057 605 4114 in
629 4075 700 4127 curn,
721 4074 773 4116 nou
798 4058 985 4114 contundetur.
1004 4081 1015 4106 u
1033 4056 1052 4086 ⁵⁸
1068 4058 1119 4113 Per
1170 4076 1246 4132 ceps,
1262 4067 1290 4116 et
1304 4067 1437 4114 tantomm
1452 4058 1539 4112 sactus
1553 4063 1599 4110 est
1612 4068 1726 4110 consors
1736 4059 1763 4106 et
1776 4048 1881 4120 patiens
1905 4059 1967 4101 ma-

323 4143 441 4212 lapidem
456 4145 546 4217 itaquo
560 4146 600 4203 sic
608 4147 764 4216 probatum,
780 4147 951 4220 angularem,
960 4147 1116 4217 pretiosum,
1170 4150 1259 4205 lorum
1274 4147 1424 4218 illenique
1438 4147 1459 4201 si
1469 4147 1544 4202 Deus
1557 4144 1641 4200 homo
1655 4143 1741 4197 iactus
1757 4147 1806 4205 est,
1832 4133 1970 4209 quomodo

321 4233 600 4304 summumaliquem,
630 4235 769 4290 Christum
798 4237 888 4307 utique
916 4235 1040 4308 designat
1064 4235 1116 4289 ho·
1169 4238 1251 4292 stabit
1263 4237 1338 4307 quod
1352 4237 1411 4306 ipse
1424 4235 1528 4290 locutus
1541 4233 1576 4288 ad
1591 4235 1707 4302 Moysen
1734 4228 1804 4285 dixit
1830 4244 1836 4279 :
1869 4247 1881 4271 s
1907 4224 1970 4278 Non

320 4318 431 4374 minem.
447 4321 510 4388 Sed,
527 4322 550 4376 si
565 4323 757 4378 homotantum
777 4332 857 4390 esset,
876 4322 1002 4394 protecto
1024 4322 1116 4378 idolo·
1170 4323 1409 4381 enimsidebitme
1424 4324 1516 4390 bomo,
1532 4317 1667 4376 etsiveti
1697 4341 1708 4364 ι
1741 4313 1841 4383 (deod.
1865 4325 1968 4376 xnntn,

320 4406 425 4463 latriam
440 4416 467 4464 et
480 4409 617 4478 profanari
632 4411 765 4481 propheta
780 4411 914 4477 suaderet,
935 4411 980 4482 qui
1008 4409 1036 4464 in
1063 4411 1116 4465 ho·
1170 4413 1234 4480 db.)
1249 4409 1364 4466 Multum
1377 4425 1527 4480 repugnare
1540 4407 1646 4462 videtur
1659 4412 1687 4459 ut
1701 4405 1774 4457 Deus
1787 4397 1970 4455 homoiaotus

320 4494 422 4550 minem
437 4497 511 4552 credi
527 4506 655 4568 oportere
670 4514 719 4554 nos
733 4500 871 4554 admonet.
887 4498 957 4567 Quia
972 4512 1036 4553 sero
1062 4513 1116 4554 non
1169 4500 1204 4555 sit
1217 4495 1239 4528 '⁷
1248 4508 1274 4554 et
1288 4499 1323 4553 ab
1337 4497 1446 4553 homine
1459 4497 1503 4552 val
1517 4496 1552 4551 ab
1566 4495 1627 4566 ipsa
1640 4499 1784 4547 matresua
1798 4486 1886 4542 rideri
1914 4498 1969 4539 nou

319 4587 361 4637 est
375 4583 583 4652 homotantum,
605 4601 699 4641 verum
727 4594 753 4641 ct
778 4586 861 4656 Deus,
890 4587 932 4642 cai
955 4585 982 4640 in
1010 4585 1115 4656 psalmo
1168 4586 1293 4659 potuerit.
1305 4585 1382 4642 Absit
1396 4585 1466 4640 enim
1483 4592 1512 4640 ut
1538 4583 1613 4639 eirca
1640 4582 1729 4636 Deum
1752 4575 1854 4647 aliquid
1881 4575 1967 4644 phan-

319 4669 437 4728 dicitur:
456 4693 468 4724 a
490 4673 535 4743 qui
553 4675 684 4730 sustinent
698 4681 733 4742 te,
750 4691 804 4730 non
820 4673 1113 4744 confundenturffsol.
1170 4673 1520 4731 tasticumiuissedineris!
1551 4669 1629 4728 Unde
1654 4669 1773 4723 latemur
1805 4663 1870 4735 quia
1895 4659 1970 4715 nullo

320 4775 397 4822 antu.
412 4761 451 4832 3),
469 4783 480 4808 a
493 4760 556 4816 ideo
571 4763 719 4827 addidit«
751 4763 795 4834 qui
819 4761 965 4818 crediderit
997 4762 1023 4816 in
1043 4777 1114 4827 eum,
1130 4753 1159 4816 D
1175 4763 1257 4818 modo
1267 4761 1308 4818 ias
1322 4771 1363 4818 est
1377 4759 1412 4816 de
1426 4761 1484 4816 Deo
1499 4758 1563 4815 talia
1577 4757 1745 4828 excogitare,
1756 4751 1857 4807 nedum
1880 4748 1971 4803 dicere

322 4863 376 4903 non
390 4848 577 4904 confundetur.
595 4872 605 4898 a
623 4850 710 4922 lgitur
724 4849 854 4919 Christus,
871 4851 932 4921 quis
960 4851 1041 4904 bomo
1069 4856 1118 4917 est,
1174 4859 1221 4907 aut
1236 4851 1395 4922 praedicare,
1411 4847 1540 4918 quoniam
1554 4845 1686 4902 necratia
1700 4842 1726 4898 id
1736 4856 1816 4914 posse
1848 4837 1906 4893 lieri
1928 4835 1968 4890 si·

321 4937 425 5004 positus
439 4941 480 4992 est
494 4937 522 4992 in
537 4937 603 4994 Sion
619 4937 688 5009 lapis
701 4938 842 5008 probatus,
872 4939 1021 5011 angularis,
1051 4953 1117 5009 pre·
1174 4940 1223 5008 nit,
1239 4954 1289 4993 nec
1315 4937 1371 4992 ulla
1399 4935 1548 5006 Scripturas
1577 4933 1725 4990 auctoritas
1755 4925 1883 4994 occurrit,
1908 4939 1969 4996 quae

321 5023 414 5090 tiosuS,
443 5025 513 5095 lapis
529 5026 678 5096 probatus;
702 5027 765 5098 quia
790 5036 932 5098 peccatum
960 5043 1014 5082 non
1040 5025 1113 5094 iecit,
1168 5025 1330 5083 buicerrori
1346 5029 1675 5080 vestroassentaneaseu
1701 5017 1791 5074 vicina
1817 5013 1862 5069 sit.
1897 5013 1969 5066 Nam
2057 5007 2063 5015 '

323 5127 375 5169 nee
390 5113 513 5168 inventus
523 5122 564 5169 est
575 5113 654 5170 dolus
669 5115 698 5168 in
712 5129 758 5170 ore
773 5115 841 5184 ejus,
868 5115 938 5184 lapis
964 5115 1114 5188 angularis,
1170 5114 1236 5169 illud
1253 5111 1330 5169 lsaiae
1344 5111 1511 5178 vaticinium,
1527 5108 1599 5180 quod
1613 5108 1649 5163 ad
1663 5113 1782 5163 vaenum
1810 5098 1968 5172 accipiendo

322 5199 386 5269 quia
400 5199 635 5256 circumcisionem
657 5199 787 5271 justificat
805 5218 839 5258 ex
867 5201 930 5268 lide,
956 5211 983 5258 et
1010 5219 1117 5274 praepu-
1170 5217 1279 5258 sensum
1293 5199 1367 5256 male
1383 5200 1493 5256 omnino
1507 5195 1663 5268 depravatis
1679 5211 1686 5248 :
1705 5218 1716 5243 ι
1734 5189 1892 5262 scacchea
1907 5204 1968 5244 con·

322 5285 388 5341 tium
407 5303 456 5358 per
469 5286 561 5354 fidem,
573 5298 717 5362 utrumque
728 5289 862 5362 parietem
882 5289 908 5344 in
923 5305 953 5345 se
976 5289 1116 5362 colligens,
1171 5289 1254 5360 cipiet
1265 5297 1291 5345 et
1305 5287 1392 5360 pariet
1401 5287 1513 5350 fidium
1530 5293 1556 5341 et
1569 5283 1821 5341 rocabiturnomen
1830 5277 1967 5349 ejuslim·

994 5413 1109 5469 VARlAE
1134 5412 1345 5470 LECTIONES.

373 5531 456 5589 ⁸⁰lias.
476 5533 561 5615 urici.
577 5537 606 5590 et
618 5533 651 5589 S.
673 5533 739 5591 tter.
755 5534 944 5606 approbatum.
984 5533 1069 5594 ⁵¹l1ss.
1087 5539 1161 5594 Rem.
1179 5537 1247 5593 ets.
1265 5535 1332 5593 Ger.
1349 5536 1432 5592 omit.
1449 5534 1669 5592 scabinatum.
1719 5529 1806 5589 ‘'tdes,
1827 5528 1863 5584 V.
1881 5529 1910 5582 et
1937 5524 1966 5603 S„

322 5605 402 5670 Gom,
418 5603 533 5660 semma.
582 5603 747 5688 ‘sm-Hm·
766 5609 849 5688 omit.
864 5621 927 5676 par.
977 5606 1061 5665 “aaa
1078 5611 1155 5666 Rem.
1172 5607 1334 5673 etS.Ger.,
1366 5601 1876 5686 oamvisitaque(enirnlhomoiusrit
1899 5596 1968 5673 lopas

321 5675 460 5756 probatus,
476 5674 622 5747 angarians,
635 5687 778 5746 pretiosus,
794 5687 820 5732 et
834 5693 861 5732 tn
877 5693 937 5757 euru
952 5678 1108 5740 credimus;
1130 5679 1202 5750 quia,
1219 5686 1251 5733 ut
1264 5678 1332 5744 dixi,
1347 5623 1485 5732 {hristum
1500 5677 1590 5732 Deum
1605 5683 1632 5731 et
1648 5676 1787 5730 hommem
1802 5687 1861 5752 esse
1881 5663 1968 5720 cred!-

322 5745 1200 5890 thtdthhltthlllldlthtllli‘alludit'
1217 5747 1405 5877 illibi?
1423 5745 1964 5876 ,ttltd⁶‘“b.⁰‘tdttt.tellit·

335 5886 404 5945 ’Ἧι
417 5889 445 5945 S.
464 5889 568 5959 Germ„
584 5887 718 5958 homosit,
732 5897 784 5946 ete.
1398 5862 1407 5891 ’
