4750 6725
412 580 481 637 1023

882 584 1095 643 GISLEBERTI
1110 581 1260 639 eutsetrtt
1281 580 1355 635 teo.
1372 578 1628 637 WESTMONAST.

2006 578 2081 635 teet

417 722 508 777 munis
522 737 538 776 a
552 732 665 794 peceato
692 725 788 794 intans,
818 726 895 797 eujus
923 727 978 783 vita
1005 735 1045 783 est
1065 725 1142 781 unius
1166 704 1262 781 dielA
1277 722 1388 795 regibus
1396 737 1482 794 reguo
1501 721 1610 795 iugatis,
1632 722 1758 793 captivis,
1773 720 1956 778 exheredatis
1974 721 2081 775 trustra

414 817 615 879 superterram.
646 811 724 880 Quod
754 813 778 867 si
807 830 906 883 nevus,
935 816 977 871 vel
1000 813 1109 870 aliunde
1137 822 1216 867 uetus

417 896 497 952 hemo
509 896 516 968 Ι
526 897 546 926 '⁰
569 913 616 953 seu
630 900 746 970 angelus
761 900 848 957 iaetus
859 902 949 975 homo!
979 902 1116 958 bominem
1144 900 1215 954 libe-

418 1077 515 1127 statum
531 1073 632 1129 restitui
646 1084 747 1144 posset.
764 1077 832 1132 Cum
848 1078 919 1133 enim
936 1078 1044 1151 angelis
1057 1078 1138 1133 bomo
1166 1092 1216 1147 par

416 1165 593 1228 oreatus,non
609 1166 715 1231 natura,
727 1164 774 1219 sed
788 1166 901 1224 rationis
925 1175 953 1222 et
981 1180 1117 1223 concessa
1129 1163 1215 1219 liber-

419 1245 481 1301 tatis
490 1248 601 1318 gratias,
612 1250 663 1306 soli
679 1252 734 1309 Deo
756 1255 873 1310 Creatori
897 1256 931 1310 ud
959 1255 1132 1311 serviendum
1159 1258 1217 1307 erat

417 1334 560 1405 obnoxiae,
585 1338 620 1393 ad
642 1340 769 1395 eumdem
798 1342 929 1397 libertatis
955 1348 1064 1409 statum,
1093 1356 1141 1396 seu
1168 1355 1217 1411 per

417 1421 623 1491 homiuem,seu
637 1443 685 1497 per
695 1428 822 1501 angelum
838 1430 942 1485 restitui
967 1446 1020 1485 nou
1048 1428 1164 1485 valebat.
1194 1430 1216 1481 Α

418 1524 471 1580 quo
486 1511 558 1567 enim
579 1514 667 1583 quisa
691 1516 820 1572 servitute
848 1518 1002 1587 redimitur,
1032 1516 1057 1573 ei
1083 1515 1217 1572 obnoxius

417 1612 479 1651 esse
495 1599 529 1653 ad
544 1600 713 1657 serviendum
726 1603 872 1672 judicatur.
883 1605 1027 1675 Quiaergo
1056 1620 1106 1673 per
1133 1602 1216 1657 alium

415 1683 625 1755 plenahominis
641 1691 773 1747 restitutio
799 1690 859 1747 fieri
883 1708 937 1747 non
960 1692 1079 1759 valebat,
1104 1705 1218 1745 neeesse

418 1770 468 1826 suit
495 1782 525 1829 ut
548 1775 660 1832 Creator
685 1784 816 1835 ereatura
854 1780 1022 1848 subveniret,
1065 1786 1217 1835 creaturam

420 1858 532 1915 Creator
545 1864 656 1930 subiret,
673 1873 702 1920 ut
715 1883 765 1936 ρετ
777 1867 867 1939 ipsum
881 1868 1034 1923 Creatorem
1048 1867 1131 1922 homo
1141 1866 1218 1921 resti·

418 1953 499 2017 tutus,
513 1949 564 2005 soli
580 1951 701 2008 Creatori
714 1956 750 2010 ad
766 1956 940 2011 serviendum
964 1955 1099 2010 obnoxius
1122 1970 1215 2010 rema·

1269 810 1371 866 mentio
1389 811 1442 866 ulla
1459 810 1618 866 haberetur.
1638 811 1668 865 ln
1685 810 1794 866 Christo
1817 810 1908 879 itaque
1934 816 2024 864 restat
2049 815 2083 861 ut

1269 900 1327 954 hae
1341 898 1535 970 intelligantur,
1548 906 1574 954 et
1581 897 1718 955 intellecta
1727 898 1859 954 omnibus
1872 897 1961 952 modis
1977 896 2080 952 adim·

1270 985 1404 1058 pleautur.

1606 1090 1729 1130 anesus.

1305 1159 1465 1216 violentiam
1478 1158 1624 1229 Scripturas
1648 1159 1744 1224 intera,
1763 1166 1790 1214 et
1815 1158 1851 1213 ad
1877 1156 1940 1213 fidei
1965 1166 2078 1213 restrae*

1269 1248 1444 1304 assertionem
1472 1248 1624 1317 Scripturas
1653 1248 1803 1316 intorques.
1836 1247 1907 1301 Nam
1943 1244 2077 1300 Ezechiel

1268 1332 1401 1403 propheta
1414 1340 1506 1402 aperte
1519 1334 1539 1363 ⁰⁸
1549 1330 1796 1401 portamappellat,
1816 1339 1844 1385 et
1869 1330 1904 1385 de
1927 1338 2009 1401 porta
2027 1330 2075 1384 lo-

1270 1416 1412 1486 quitur;tu
1427 1415 1556 1471 laminam
1579 1413 1712 1485 appellas,
1733 1413 1806 1469 etde
1825 1413 1926 1469 lemine
1950 1414 1986 1469 ad
2019 1430 2075 1470 vo-

1269 1504 1399 1559 luntatem
1411 1512 1484 1558 tuam
1493 1502 1627 1573 disputas.
1637 1501 1689 1557 tls
1699 1501 1863 1557 haeomuine
1874 1509 2073 1567 cuntramnus,

1270 1600 1298 1647 et
1324 1591 1401 1645 nulla
1425 1589 1476 1644 sibi
1493 1589 1609 1645 invicem
1639 1589 1816 1644 similitudine
1840 1598 1902 1644 sunt
1934 1590 2068 1645 admotae.

1270 1680 1327 1734 lloe
1344 1678 1463 1749 denique
1472 1678 1566 1734 ultimo
1577 1679 1702 1748 exemplo
1712 1690 1809 1749 apeme
1823 1685 1879 1732 tota
1893 1686 1941 1733 tua
1953 1678 1988 1732 de
1998 1678 2075 1732 Chri

1271 1767 1305 1822 sti
1324 1769 1385 1823 ortu
1404 1766 1537 1822 refellitur
1554 1766 1709 1837 disputatio.
1730 1767 1801 1820 Nam
1838 1767 1912 1821 Deus
1936 1766 2007 1820 dixit
2037 1766 2073 1822 ad

1269 1857 1408 1911 Abraham
1420 1871 1426 1910 :
1437 1856 1468 1909 lo
1477 1857 1585 1911 semine
1593 1859 1651 1921 tuo,
1663 1855 1716 1909 hoe
1725 1862 1777 1922 est,
1786 1854 1814 1908 in
1823 1854 1940 1923 Christo,
1961 1855 2007 1924 qui
2037 1856 2073 1910 de

1270 1944 1377 1999 semine
1385 1943 1444 2013 ejus
1452 1943 1582 1999 oriendus
1594 1951 1661 2011 erat,
1668 1942 1872 1999 bertediae'utar
1880 1958 1978 2000 omnes
1999 1960 2071 2015 qen-

417 2040 502 2105 neret,
517 2044 543 2092 et
558 2038 711 2110 hestisjure
726 2042 856 2098 ditionem
873 2059 955 2113 supra
965 2059 1052 2115 genus
1065 2046 1215 2099 humanum
1228 2049 1256 2110 Β
1271 2036 1312 2089 tes
1327 2032 1506 2103 terroeffien.
1523 2047 1587 2099 xxii,
1607 2032 1661 2101 te).
1687 2031 1763 2087 Deus
1787 2031 1856 2086 dixit
1877 2031 2013 2086 Christum
2036 2033 2072 2087 de

417 2122 537 2179 habitam
565 2126 712 2185 amitteret.
745 2130 818 2185 Nihil
844 2130 915 2187 euim
942 2132 969 2185 in
994 2132 1099 2187 Christo
1135 2146 1214 2187 suum

1271 2120 1375 2175 semine
1388 2119 1662 2188 Abrahaeoriendum,
1674 2124 1702 2174 tu
1713 2119 1785 2173 dieis
1795 2134 1857 2174 eum
1869 2119 1928 2174 sine
1938 2118 1995 2176 uilo
2016 2120 2069 2186 riri

419 2210 504 2266 hostis
519 2214 669 2285 invenerat,
697 2218 752 2289 qui,
782 2235 871 2290 neque
899 2220 926 2273 iu
952 2219 1137 2289 iniquitatibus
1146 2234 1215 2275 eon·
1271 2208 1378 2263 Semisse
1388 2207 1472 2263 &1⁸⁸0
1481 2214 1580 2261 Otium·
1599 2206 1653 2261 Sed
1674 2221 1790 2275 Dt⁰⁰⁰¹⁶
1810 2205 1844 2261 ad
1859 2205 1966 2277 selim
1989 2207 2068 2262 50¹1·

418 2307 510 2370 ceptus
522 2310 590 2369 erat,
608 2319 695 2375 neque
707 2306 734 2359 in
750 2306 868 2376 peeeatis
881 2315 974 2377 partus
999 2307 1097 2371 suerat,
1126 2322 1218 2379 neque
1270 2296 1557 2367 pturarumexempla,
1576 2302 1665 2349 ulrum
1683 2293 1774 2363 lli‘lua
1789 2295 1909 2364 apellius
1926 2294 1998 2349 ‘lim
2014 2296 2071 2349 ⁵5³²

417 2382 500 2437 ullam
512 2400 624 2454 prorsus
639 2389 740 2459 peceati
755 2390 889 2445 maculam
900 2390 1019 2446 vivendo
1030 2398 1213 2447 contraxerat.
1271 2381 1326 2439 ΒΨ
1350 2383 1489 2439 sententies
1514 2390 1596 2454 atque
1621 2381 1684 2437 fidei
1709 2390 1805 2439 vestrae
1834 2383 1923 2454 magis
1968 2398 2068 2439 assen-

419 2468 478 2538 Qua
493 2470 574 2543 igitur
582 2476 901 2546 praesumptioneinJ'usta
924 2492 998 2533 mors
1026 2478 1052 2531 in
1082 2494 1143 2533 eum
1171 2478 1215 2533 te·
1271 2479 1359 2528 tanea·

1569 2576 1763 2615 cunrsrmuus.

417 2557 512 2614 riendo
526 2559 647 2633 deliquit,
668 2563 696 2617 iu
720 2578 773 2633 quo
793 2564 860 2619 nihil
877 2580 955 2620 suum
978 2575 1125 2636 repererat,
1148 2565 1215 2620 nihil

420 2645 530 2703 omnino
546 2647 618 2717 juris
637 2647 766 2718 habebat,
783 2652 845 2721 jure
859 2653 948 2707 amisit
964 2669 1025 2708 eom
1046 2654 1217 2722 jurisdictio-

424 2749 498 2804 nem,
510 2750 590 2804 quam
600 2747 713 2809 peceato
724 2740 803 2810 primi
817 2741 938 2795 hominis
955 2740 981 2795 in
1001 2741 1139 2796 hominem
1158 2742 1218 2812 pri·

421 2836 494 2876 mum
514 2823 628 2895 ejusque
646 2829 829 2897 posteritatem
846 2829 1008 2884 obtinuerat.
1029 2830 1102 2885 blers
1126 2830 1217 2902 itaque

420 2908 528 2981 Christi,
542 2920 568 2967 et
584 2914 725 2985 originalis
745 2917 850 2986 peceati
866 2916 938 2988 apud
960 2919 1066 2973 Patrem
1089 2919 1176 2973 hostia
1191 2927 1218 2975 et

420 2998 577 3069 propitiatio
587 3000 648 3071 tuit,
658 3012 737 3073 atque
747 3004 858 3060 humani
869 3006 979 3077 generis
997 3006 1077 3074 plena
1092 3006 1215 3079 integra-

420 3101 472 3155 que
492 3088 624 3144 restitutio
646 3091 758 3146 eistitit.
777 3094 923 3148 Reseratus
941 3102 983 3149 est
1001 3094 1028 3148 iu
1059 3097 1116 3163 eius
1141 3095 1217 3151 obitu

418 3172 539 3241 paradisi
548 3175 645 3246 aditus,
657 3186 776 3234 remotus
790 3179 949 3253 estgladius
969 3182 1015 3237 ille
1034 3183 1167 3238 versatilis
1190 3190 1217 3239 et

420 3258 575 3317 flammeus.
589 3264 685 3319 lamio
698 3266 915 3337 erucispatibulo
937 3268 1033 3325 affixus
1055 3278 1080 3325 et
1096 3270 1216 3326 moriens

1306 2649 1457 2704 Commode
1466 2648 1502 2703 ad
1518 2649 1643 2719 opposita
1652 2649 1808 2717 respondet,
1819 2650 1941 2721 quisquis
1958 2649 2069 2705 ricino·

1270 2738 1611 2808 pedeprosequituratquc
1632 2737 1788 2808 respondet.
1808 2738 1929 2795 Dicimus
1938 2739 2071 2793 Ezechie-

1270 2826 1323 2880 lem
1343 2828 1502 2897 prophetam
1513 2824 1722 2896 figuraretuisse
1735 2825 1899 2880 loeutumde
1917 2834 1999 2897 porta
2016 2826 2072 2892 illa,

1271 2914 1483 2985 quoniamnullo
1507 2912 1756 2968 modoadlitteram
1767 2912 1853 2984 accipi
1869 2918 1984 2983 possunt
2001 2930 2073 2985 quae

1270 3001 1376 3057 locutus
1385 3007 1426 3056 est
1440 3000 1474 3055 de
1489 3006 1568 3071 porta
1577 2999 1641 3055 illa:
1657 3022 1668 3048 a
1688 3000 1722 3055 Et
1736 3000 1815 3069 dixit,
1826 3000 1924 3071 inquit,
1936 3001 2071 3056 Dominus

1270 3089 1304 3144 ad
1315 3105 1360 3144 me
1372 3090 1471 3144 :Porta
1485 3089 1546 3143 haec
1556 3086 1648 3142 clausa
1656 3087 1717 3157 erit,
1727 3095 1754 3142 at
1777 3103 1833 3144 non
1856 3091 1994 3159 aperietur
2018 3100 2073 3152 ;et

1270 3179 1311 3234 vir
1325 3193 1379 3233 non
1388 3176 1513 3231 transibit
1528 3192 1577 3247 ρετ
1596 3192 1667 3243 eam,
1690 3175 1820 3247 queniam
1846 3178 1979 3232 Dominus
1996 3179 2070 3233 Deus

1269 3265 1350 3320 lsrael
1361 3265 1498 3337 ingressus
1512 3271 1552 3319 est
1558 3279 1608 3335 per
1617 3279 1688 3332 eam,
1712 3264 1807 3319 eterit
1825 3264 1917 3319 clausa
1939 3264 2067 3337 principi.

421 3346 500 3404 aited
522 3349 683 3410 Latronem:
703 3371 710 3418 ;
730 3377 741 3405 u
758 3354 845 3412 Hodie
859 3372 967 3412 meeum
982 3358 1034 3414 eris
1045 3358 1071 3412 in
1085 3359 1214 3429 paradiso
1230 3388 1256 3451 G
1271 3353 1465 3425 Princepsipse
1475 3352 1618 3408 sedebitis
1630 3368 1673 3423 ea,
1685 3353 1847 3409 uteomedat
1864 3371 1965 3426 panem
1975 3371 2067 3412 coram

420 3435 506 3506 (Luc.
531 3456 609 3510 xxiii,
627 3445 682 3514 43).
706 3465 721 3493 n
739 3444 812 3501 Tune
839 3461 945 3518 qnoque
970 3446 1149 3518 adimpletum
1173 3454 1216 3503 est
1271 3442 1397 3498 Domino.
1414 3443 1464 3497 Per
1477 3441 1550 3498 riam
1558 3440 1682 3497 vestibuli
1692 3441 2006 3513 porteiugredietur,et
2020 3459 2068 3515 per

420 3527 493 3596 quod
507 3543 557 3597 per
575 3528 646 3586 Osee
659 3533 820 3603 prophetam
841 3534 943 3590 dietum
964 3543 1004 3590 est
1025 3553 1030 3589 :
1053 3559 1063 3586 l
1083 3537 1106 3592 Ο
1128 3553 1213 3601 mors,
1269 3528 1679 3601 viamejusegrediturOEaecb.
1708 3544 1783 3596 xmo,
1810 3531 1873 3600 tet).
1905 3553 1917 3579 ε
1946 3532 2013 3587 ltaec
2034 3533 2069 3587 ad

420 3627 550 3670 eremors
564 3622 625 3681 tua;
650 3634 757 3675 morsus
781 3628 841 3676 tuus
870 3637 916 3678 ero
935 3622 1041 3678 interne
1061 3625 1134 3694 (Ore.
1153 3640 1214 3692 τιτι,

420 3701 505 3772 tta»
530 3705 618 3775 liujus
637 3706 719 3778 igitur
745 3716 844 3765 nostra
857 3710 1032 3766 restitutionis
1053 3727 1215 3768 sacramen-

419 3795 484 3858 tum,
505 3789 532 3844 in
547 3793 687 3864 prophetis
704 3795 871 3851 habebamus
883 3798 1057 3868 promissum,
1069 3799 1215 3872 aliquando

421 3891 471 3946 per
484 3877 587 3951 figuras
606 3897 703 3950 rerum,
728 3884 874 3955 aliquando
904 3901 953 3955 per
970 3887 1114 3943 verborum
1144 3891 1216 3944 aui·

422 3973 524 4035 gmata,
545 3967 691 4040 aliquando
707 3971 821 4027 evidenti
849 3973 1030 4042 promissione
1059 3983 1085 4030 et
1110 3985 1214 4046 aperta.

420 4051 516 4106 Primis
526 4053 580 4107 illis
596 4057 764 4126 temporibus
782 4059 897 4129 loquens
925 4061 996 4116 Deus
1014 4063 1049 4117 ad
1078 4065 1216 4119 Abraham

420 4138 455 4193 de
469 4139 697 4198 hoesaeramento
708 4145 766 4199 ait:
787 4169 798 4194 u
819 4149 850 4201 ln
866 4149 969 4203 semine
987 4156 1032 4205 tuo
1052 4149 1215 4208 benedicen-

419 4232 462 4280 tur
482 4242 574 4284 omnes
588 4239 684 4301 gentes
696 4240 776 4289 terrae
798 4236 878 4306 (Gen.
900 4252 977 4296 xxvi.
1002 4239 1038 4308 t).
1062 4261 1073 4287 l
1104 4239 1146 4311 [⁸¹
1185 4242 1215 4296 lu

419 4313 525 4372 Christo
543 4318 625 4389 euim,
644 4321 693 4391 qui
710 4321 745 4376 de
775 4323 879 4380 semine
902 4325 959 4394 ejus
984 4327 1113 4382 oriundus
1145 4337 1215 4394 erut,

416 4400 720 4465 benedicenturonmes'
736 4419 831 4483 gentes
855 4421 933 4468 terras
945 4414 968 4487 .]
990 4415 1215 4488 Quandoquidem

417 4491 574 4550 universum
600 4513 691 4568 genus
713 4499 861 4554 humanum
884 4503 934 4556 sub
956 4503 1101 4560 maledieto
1136 4505 1216 4576 primi

413 4582 716 4654 parentiseppressum,
732 4603 781 4657 per
804 4605 866 4643 eum
881 4592 907 4622 '⁸
931 4590 967 4645 ab
996 4590 1043 4646 illo
1069 4593 1216 4650 maledieto

1268 3619 1384 3675 litteram
1395 3633 1476 3674 nemo
1490 3616 1603 3687 explere
1613 3623 1712 3688 potest,
1728 3634 1791 3672 uam
1805 3618 1827 3672 si
1845 3618 1978 3674 Dominus
1997 3622 2070 3676 Deus

1270 3707 1362 3772 lsrael,
1378 3705 1424 3777 qui
1435 3723 1484 3777 per
1494 3707 1653 3777 prophetam
1668 3706 1804 3775 loquitur:
1823 3730 1835 3754 a
1867 3707 1973 3763 Coelum
2002 3709 2068 3764 mihi

1270 3796 1348 3851 sedes
1362 3803 1414 3859 est,
1422 3803 1450 3850 et
1461 3803 1528 3849 terra
1548 3794 1697 3849 seabellum
1725 3795 1828 3865 pedum
1851 3811 1974 3852 meorum
1997 3797 2067 3866 (Iro.
2164 3798 2165 3803 ’

1270 3882 1569 3952 esr1,l)·,setalibi:
1588 3882 1859 3938 «Coelumetterram
1885 3901 1938 3957 ego
1968 3885 2068 3957 impleo
2164 3944 2165 3963 ,

1270 3971 1340 4044 (der.
1357 3987 1436 4038 satu,
1452 3973 1508 4040 24),
1527 3993 1538 4018 a
1552 3969 1586 4039 si,
1603 3971 1723 4040 inquam,
1735 3971 1867 4028 Dominus
1885 3975 1962 4030 Deus
1985 3975 2068 4030 lsrael

1270 4060 1448 4130 totusubique
1463 4066 1514 4128 est,
1530 4058 1603 4114 unde
1613 4060 1754 4132 ingressus
1768 4068 1811 4115 est
1827 4077 1877 4132 per
1899 4071 2017 4133 portam
2041 4073 2068 4119 et

1269 4163 1323 4220 quo
1337 4163 1465 4220 egressus
1478 4154 1519 4202 est
1532 4163 1583 4217 per
1595 4155 1701 4218 portam
1721 4147 1796 4203 illam
1811 4149 1827 4202 ‘t
1840 4148 1872 4203 Si
1886 4150 1962 4206 Deus
1975 4159 2014 4206 est
2020 4151 2067 4206 in·

1269 4237 1498 4306 circumscriptus,
1513 4235 1726 4305 quomodoeum
1755 4236 1783 4290 ia
1810 4244 1888 4308 porta
1914 4238 2010 4294 sedere
2032 4240 2068 4294 ad

1269 4326 1387 4382 litteram
1402 4323 1489 4394 accipi
1504 4330 1593 4393 potest
1603 4324 1764 4396 ‘t'quomodo
1778 4325 1931 4382 eritclausa
1939 4327 2066 4398 principi,

1269 4414 1293 4469 si
1306 4412 1433 4484 princeps
1447 4411 1504 4482 ipse
1514 4411 1646 4467 Dominus
1656 4411 1730 4468 Deus
1754 4414 1838 4469 lsrael
1865 4414 2003 4486 ingressus
2022 4432 2069 4486 per
2164 4428 2165 4453 ³

1270 4517 1330 4558 eam
1345 4499 1543 4568 sedebitinea,
1563 4500 1730 4555 uteomedat
1748 4515 1851 4572 panem
1880 4517 1977 4559 eoram
2005 4505 2065 4560 Do·
2164 4486 2165 4553 Ϊ

1269 4591 1344 4645 miuo
1358 4589 1468 4658 ‘lQuem
1482 4602 1592 4658 panem,
1620 4588 1664 4643 rel
1682 4587 1832 4657 eujusmodi
1858 4605 1967 4661 panem,
1996 4595 2069 4649 uode

415 4667 572 4739 absolvitur,
587 4681 613 4727 et
640 4673 821 4730 benedictioni
846 4684 926 4746 atque
936 4679 1034 4750 gratiae
1045 4681 1126 4750 priori
1136 4681 1211 4738 resti·
1270 4679 1381 4750 laetum,
1397 4679 1440 4734 vel
1462 4675 1532 4731 uude
1555 4674 1676 4730 delatum
1697 4678 1825 4733 comedat
1846 4679 1980 4735 Dominus
1996 4681 2069 4736 Deus

418 4754 512 4814 luitur.
531 4760 600 4813 Nam
612 4761 640 4814 in
655 4759 729 4816 lsaae
748 4779 818 4834 geos
837 4764 910 4818 nulla
939 4765 1115 4837 benedicitur,
1136 4769 1210 4825 nullu
1226 4725 1253 4789 D
1268 4767 1363 4835 lsrael,
1373 4773 1400 4822 et
1413 4781 1507 4820 eoram
1523 4763 1792 4828 Domino‘tQuisest
1809 4765 1878 4821 alius
1899 4767 1949 4822 iste
1973 4769 2066 4824 Domi·

414 4859 484 4912 qens
503 4846 562 4916 ejus
577 4847 672 4904 ditioni
693 4850 805 4907 subacta
822 4850 906 4908 fuisse
934 4852 1046 4925 legitur.
1069 4856 1099 4909 ln
1122 4858 1211 4916 David
1267 4873 1327 4923 nus,
1348 4864 1377 4910 ut
1391 4869 1483 4910 eoram
1499 4868 1531 4908 eo
1554 4868 1653 4922 panem
1681 4853 1807 4910 comedat
1829 4856 1960 4912 Dominus
1990 4858 2065 4913 Deus

418 4947 483 4987 vero
502 4941 527 4988 et
560 4935 760 5008 Salomooequi
785 4955 881 5011 regum
897 4948 974 4997 terrae
994 4941 1066 4997 illius
1082 4941 1213 5001 fortiores
1266 4943 1374 4999 lsrael?
1388 4941 1458 5011 Quia
1472 4941 1652 5014 ergohaeead
1667 4940 1784 4996 litteram
1813 4944 1899 5014 aceipi
1927 4959 1983 5001 non
2002 4963 2065 5017 pos·

416 5019 476 5073 aliis
493 5024 692 5092 etpotentiores
707 5025 841 5094 exstitere,
869 5027 1214 5104 quomedoomnesgentes
1265 5040 1328 5087 suut
1354 5047 1431 5102 ;per
1449 5038 1556 5101 portam
1585 5029 1652 5084 illud
1671 5029 1787 5101 intelligi
1805 5037 1926 5099 oportet,
1953 5041 1982 5088 ut
2008 5037 2067 5090 hae
2164 5036 2165 5059 ¹

419 5107 616 5166 benedicuntur
634 5130 640 5176 ;
660 5128 720 5167 eum
752 5128 845 5170 omnes
867 5116 1078 5190 circumquaque
1112 5130 1211 5191 praeter
1266 5119 1356 5176 omnia
1369 5118 1581 5187 considerentur,
1597 5125 1624 5172 et
1642 5117 1813 5174 considerata
1827 5116 1886 5173 fieri
1901 5134 1983 5189 posse
2004 5139 2067 5179 con

412 5195 672 5271 Judaieam,gentes
695 5199 897 5261 eis¹⁴advusae
913 5213 940 5261 et
962 5217 1116 5265 contraeas
1131 5207 1151 5237 ⁰⁵
1171 5211 1212 5265 di·
1265 5205 1761 5278 eeniauterintelligantur.Dominus
1790 5221 1858 5278 ergo
1878 5207 1953 5264 Deus
1984 5211 2067 5283 lsrael
2164 5278 2165 5287 χ

418 5281 551 5340 micantes
580 5302 689 5358 semper
707 5290 796 5348 tuere.
822 5292 863 5348 De
886 5295 1090 5352 successoribus
1114 5313 1210 5354 eorum
1265 5297 1405 5369 ingressus
1427 5312 1475 5367 per
1490 5304 1598 5366 portam
1619 5294 1704 5363 illam,
1723 5293 1758 5350 ad
1774 5308 1826 5351 uos
1840 5310 1970 5367 egressus
1979 5300 2066 5369 exiit,
2164 5298 2165 5303 ’

1063 5525 1176 5584 VARIAE
1199 5525 1410 5584 LEGTIONES.

453 5742 475 5772 ⁹·
499 5743 548 5801 lde.
563 5747 650 5825 ‚ilem
667 5747 746 5802 omit.
763 5749 847 5806 aucis
861 5751 985 5810 incluso.
1027 5751 1048 5788 '¹
1065 5754 1111 5811 lla.
1128 5757 1216 5823 llam,
1232 5754 1368 5825 pristina.
1386 5753 1408 5783 '¹
1419 5754 1467 5810 lle.
1486 5756 1560 5811 Rem.
1578 5756 1661 5810 omit.
1681 5757 1764 5813 aneis
1791 5759 1915 5816 iactam.
1933 5759 1955 5789 ’¹
1969 5763 2019 5819 dr.
2030 5763 2064 5818 8.

424 5813 581 5884 Germ.,er.
607 5815 628 5848 '⁴
648 5817 695 5873 lte.
713 5817 746 5872 S.
766 5822 840 5889 tter..
861 5822 896 5878 ei.
920 5821 941 5852 '⁵
966 5825 1019 5882 lis.
1034 5827 1123 5893 item„
1148 5841 1254 5882 omnes.
1278 5823 1356 5883 ”lta
1374 5823 1403 5880 S.
1424 5825 1497 5894 Ger„
1519 5830 1592 5882 aab.
1622 5823 1644 5857 '⁷
1668 5827 1720 5885 lla.
1744 5827 1777 5883 S.
1818 5829 1883 5887 Ger.
1918 5835 2001 5892 omit.
2024 5841 2064 5892 et.
