4750 6725
419 573 469 622 run
930 559 976 615 au
996 551 1117 616 ornat
1137 560 1167 616 s.
1191 545 1342 614 lustum
1362 556 1553 615 arenuorx.

2016 559 2072 613 300

417 690 560 762 eriperes‘l
576 686 700 752 Domine,
726 683 799 740 solus
819 683 898 738 nosti.
927 683 955 736 Si
979 682 1051 736 enim
1079 681 1214 755 originem
1228 682 1257 746 Α
1271 679 1369 736 ιιιιόιι
1382 681 1426 737 ιιι
1440 683 1475 736 ad
1490 681 1578 736 minus
1588 679 1698 748 sen'osc,
1714 688 1744 736 ut
1758 696 1820 737 eom
1834 678 1905 736 hene
1926 679 2074 736 videamus

419 787 541 834 motuum
557 783 709 832 uostromm
733 773 879 843 diligenter
901 771 1115 836 adverteremus,
1145 785 1218 839 saepe

419 867 602 923 inveniremus
616 878 677 917 esse
693 860 760 928 vitii,
770 861 841 931 quod
858 859 1014 930 putavimus
1029 876 1087 915 esse
1102 858 1216 925 virtutis,

419 966 445 1012 et
469 969 542 1023 saepe
563 952 610 1007 illo
634 949 800 1019 impedimur
823 963 876 1018 qtro
900 947 1216 1017 credimusprouroveri.

420 1041 555 1107 Secundo,
571 1039 638 1094 sicul
654 1052 761 1107 semper
783 1035 869 1092 hahes
894 1052 944 1092 nos
968 1052 1025 1106 prae
1047 1035 1131 1092 oculis
1154 1035 1217 1103 luis,

421 1134 457 1187 ila
473 1130 554 1186 etiam
582 1136 606 1182 le
631 1140 740 1196 semper
753 1123 885 1180 dehemus
909 1125 1031 1195 cogitare
1046 1131 1217 1194 presentem.

421 1221 477 1276 lloc
492 1217 566 1289 cogit
590 1229 641 1270 nos
666 1212 700 1268 ab
721 1213 847 1268 omnihus
876 1212 1086 1285 cogitationibus
1107 1213 1218 1278 uostris,

418 1307 518 1374 verbis,
549 1304 627 1359 lactis
651 1309 678 1357 et
704 1302 827 1357 morihus
856 1317 917 1356 esse
950 1301 1000 1355 suh
1032 1301 1219 1356 moderamine

417 1394 578 1466 discipline,
596 1391 724 1462 quoniam
741 1405 796 1446 non
822 1389 932 1444 auderet
956 1404 1056 1460 sponsa
1078 1389 1219 1444 inhoneste

418 1483 561 1540 sehabere
581 1495 682 1552 sponso
707 1495 756 1535 suo
778 1487 922 1549 praesenlo,
953 1480 1009 1534 imo
1037 1478 1064 1532 in
1092 1477 1219 1533 omnihus

417 1573 568 1628 intenderet
583 1569 634 1625 sihi
650 1566 770 1638 placere,
789 1575 946 1638 etquaerere
970 1567 1005 1622 ah
1026 1583 1059 1622 ιο
1074 1565 1218 1622 consilium

415 1671 442 1720 ot
457 1661 599 1728 auxilium,
616 1660 646 1712 ut
661 1657 688 1711 in
704 1656 829 1712 omnibns
844 1657 994 1712 secondum
1018 1671 1095 1710 ιιιιιιι
1126 1664 1218 1726 posset

416 1765 499 1823 agere
512 1748 689 1804 volunlatem.
707 1745 772 1798 Cum
788 1753 877 1798 autem
893 1744 920 1798 in
936 1743 1063 1800 omnihus
1087 1741 1133 1797 tihi
1154 1743 1217 1812 pla-

418 1855 479 1896 cere
512 1834 685 1902 intendimus,
719 1849 828 1903 semper
864 1847 987 1887 securam
1024 1831 1217 1886 conscientiam

420 1925 590 1992 habebimus,
607 1921 716 1978 etiamsi
735 1937 764 1976 se
778 1919 881 1990 aliquid
896 1921 986 1974 urinus
1001 1920 1064 1974 utile
1078 1927 1177 1989 prester
1191 1926 1217 1974 te

1272 771 1335 841 quid
1367 770 1514 840 petendum
1535 771 1570 825 sit
1591 786 1607 825 a
1631 779 1665 838 te,
1690 770 1792 825 intente
1814 769 1849 824 de
1869 769 1951 825 corde
1973 777 2073 826 nostro

1271 867 1404 930 petamus,
1418 875 1471 915 non
1486 860 1592 927 alienis,
1608 859 1658 914 sed
1674 859 1790 930 propriis
1801 858 1891 914 verbis
1913 858 2005 914 cordis
2027 857 2074 915 vel

1273 947 1336 1016 oris,
1366 948 1430 1020 quia
1458 957 1570 1020 utraque
1594 964 1671 1019 reque
1702 947 1831 1020 intelligis
1862 955 1889 1002 et
1922 947 2073 1005 auscultas.

1273 1035 1428 1103 Rombites,
1443 1045 1471 1092 ut
1485 1052 1539 1092 non
1553 1037 1589 1092 de
1603 1045 1695 1093 nostro
1710 1038 1815 1102 merito,
1840 1036 1889 1092 sed
1913 1043 2017 1090 tantum
2036 1037 2075 1091 de

1274 1129 1317 1176 lna
1331 1124 1420 1193 gratia
1433 1122 1611 1180 confidemus.
1628 1124 1758 1192 Quamvis
1775 1123 1846 1178 enirn
1861 1132 1971 1194 peecata
1985 1123 2074 1178 dimi-

1273 1212 1350 1280 seris,
1375 1220 1402 1267 ct
1422 1213 1585 1285 quandoque
1609 1212 1711 1283 aliquid
1737 1212 1785 1267 tibi
1808 1212 1911 1268 servire
1924 1213 2072 1280 concedas,

1273 1313 1382 1371 semper
1396 1308 1485 1357 tamen
1501 1302 1568 1356 tales
1591 1317 1641 1357 nos
1664 1310 1788 1371 reputare
1809 1299 1950 1369 dehemus,
1976 1299 2074 1373 quales

1272 1393 1396 1462 nosipsos
1410 1391 1549 1461 peccando
1570 1389 1694 1456 lecimus,
1724 1390 1770 1462 qui
1798 1389 1864 1445 nihil
1889 1390 1940 1445 nisi
1968 1388 2072 1445 malum

1274 1496 1384 1552 pernes
1398 1478 1655 1549 faeerepossumus.
1683 1478 1822 1547 Fideliter‚
1846 1487 1875 1533 ut
1894 1479 1922 1532 in
1945 1477 2072 1534 oratioue

1272 1567 1416 1625 offeramus
1430 1581 1479 1622 nos
1493 1568 1528 1622 ad
1543 1566 1690 1623 carentiam
1705 1566 1793 1623 omnis
1811 1566 1904 1640 gaudii
1926 1573 1952 1622 el
1965 1565 2073 1638 patien-

1273 1657 1337 1712 tiam
1352 1654 1440 1712 omnis
1454 1670 1542 1726 poenae
1556 1671 1618 1727 quae
1633 1654 1667 1709 ad
1681 1654 1824 1710 utilitatem
1833 1661 1957 1710 nostram
1972 1655 2073 1711 cedere

1271 1745 1361 1800 valeat
1375 1759 1425 1815 per
1438 1751 1512 1798 tuum
1527 1742 1702 1813 adjutorium,
1716 1751 1746 1798 ot
1760 1742 1787 1797 in
1802 1742 1977 1798 exauditione
1990 1741 2070 1798 desi-

1271 1833 1341 1889 derii
1352 1832 1436 1888 nostri
1450 1831 1520 1888 actio
1533 1839 1606 1886 tuam
1621 1830 1729 1886 laudem
1745 1831 1849 1886 attolat.
1864 1831 1929 1899 Sed,
1940 1831 2070 1898 Domine,

1271 1920 1396 1976 merebor
1409 1923 1449 1976 sio
1462 1919 1602 1974 offerendo
1625 1935 1669 1974 me
1685 1919 1742 1985 tihi,
1760 1935 1822 1973 cunr
1838 1925 1939 1985 tamen,
1955 1927 1983 1974 ut
1997 1926 2071 1974 totus

412 2011 554 2070 intentioni
568 2017 667 2065 nostrae
682 2005 825 2080 ingesserit
842 2007 1001 2062 incidenter.
1017 2007 1119 2074 Tertio,
1142 2006 1251 2092 sicutB
1270 2017 1341 2077 tuus,
1357 2008 1459 2066 adhoc
1474 2007 1668 2074 teneat,etiam
1684 2007 1705 2062 si
1725 2023 1861 2078 nunquam
1885 2007 2003 2063 volueris
2022 2023 2069 2064 me

412 2117 519 2173 semper
532 2107 558 2154 et
572 2097 697 2155 continue
713 2097 798 2152 servis
809 2094 902 2162 nohis,
912 2095 1003 2151 omnia
1018 2111 1103 2166 opera
1117 2101 1211 2150 nostra
1267 2098 1407 2154 exaudire.
1429 2098 1644 2165 Perseveranler,
1659 2104 1689 2150 ιιι
1710 2111 1848 2168 nunquam
1868 2111 1976 2152 cessare
1997 2111 2069 2165 pro-

413 2188 550 2262 sperando
564 2186 606 2244 vel
623 2185 790 2251 sustinendo,
800 2201 834 2240 ne
850 2199 909 2239 esse
929 2184 1093 2252 desinamus,
1110 2183 1153 2238 rel
1165 2200 1214 2253 per
1267 2201 1431 2257 ponamusa
1450 2186 1587 2241 desiderio
1610 2185 1731 2242 omnium
1755 2200 1816 2255 quae
1829 2184 1876 2240 tihi
1891 2193 1954 2240 eunt
1973 2183 2069 2240 laudn-

413 2281 490 2345 alios,
511 2276 554 2334 vel
570 2289 730 2346 quocunque
743 2274 836 2342 modo,
853 2273 890 2328 ita
915 2289 1052 2343 nunquam
1079 2272 1214 2342 particula
1266 2274 1335 2329 bilia
1347 2282 1374 2330 et
1388 2274 1517 2330 honesta.
1537 2274 1565 2329 Si
1581 2290 1635 2344 qua
1649 2288 1715 2331 vero
1729 2273 1757 2328 in
1771 2272 1852 2328 nobis
1868 2274 1911 2328 vel
1926 2272 1953 2327 in
1968 2271 2069 2328 nosuis

414 2367 468 2423 diei
484 2366 562 2422 honae
575 2363 654 2418 dehet
668 2377 717 2416 nos
739 2361 877 2433 praeterire
906 2361 969 2431 quin
993 2363 1020 2414 iu
1042 2369 1088 2416 luo
1103 2360 1213 2416 servitio
1266 2364 1452 2432 supervenerit
1474 2362 1640 2431 necessitas,
1668 2361 1792 2433 quamvis
1810 2377 1861 2433 pro
1887 2363 1937 2416 hac
1957 2377 2069 2432 semper

413 2455 612 2523 expendamus.
637 2451 749 2518 Quarto,
773 2450 842 2505 sicut
864 2465 972 2519 semper
996 2448 1075 2504 tueris
1099 2464 1157 2513 nos,
1186 2456 1213 2503 et
1267 2466 1328 2506 enm
1343 2451 1490 2507 intentione
1503 2467 1559 2507 non
1574 2466 1717 2522 possumus
1730 2466 1817 2519 orare,
1841 2458 1932 2505 tamen
1955 2449 2068 2520 aliquo-

412 2541 536 2599 custodis
551 2555 601 2596 nos
616 2538 650 2594 ab
665 2537 791 2595 omnihus
806 2537 898 2602 malis,
914 2537 1030 2610 sivcper
1045 2545 1080 2604 te,
1097 2537 1154 2593 sive
1164 2552 1214 2606 per
1267 2539 1326 2609 lies,
1342 2555 1406 2595 cum
1420 2539 1495 2596 omni
1509 2538 1637 2595 fidelitate
1652 2555 1705 2611 qua
1718 2555 1871 2610 possumus,
1886 2554 1938 2609 pro
1952 2553 1987 2595 ea
2002 2553 2067 2594 ora-

413 2631 530 2698 tuos,ita
541 2629 687 2701 diligenter
702 2627 834 2682 dehemus
846 2642 896 2681 noa
907 2626 1064 2681 abstrahere
1079 2625 1114 2680 ah
1128 2625 1214 2681 omni·
1265 2627 1366 2692 bimus,
1391 2636 1417 2683 et
1439 2628 1570 2698 deinceps
1590 2628 1722 2683 voluntati
1751 2635 1873 2682 nostrum
1898 2626 2067 2682 desideriam

411 2720 462 2774 hus
475 2735 534 2790 ιιι
545 2733 594 2772 nos
604 2722 715 2786 possent
729 2715 756 2770 in
768 2721 812 2770 tuo
824 2713 933 2770 servilio
945 2713 1086 2785 impedire.
1100 2712 1210 2782 Quinto,
1265 2716 1477 2783 committemus,
1492 2733 1601 2788 semper
1616 2716 1731 2787 primam
1752 2715 1919 2782 fidelitatem,
1932 2724 1959 2771 et
1973 2715 1996 2770 si
2009 2731 2067 2772 non

410 2808 479 2864 sicut
492 2806 605 2878 largitas
632 2811 676 2859 tua
699 2819 834 2875 nunquam
861 2802 978 2858 lassatur
1006 2803 1032 2856 in
1058 2801 1157 2870 dando,
1174 2801 1212 2856 ita
1264 2803 1292 2858 in
1313 2813 1383 2872 actu,
1410 2813 1509 2871 tamen,
1535 2804 1563 2858 in
1584 2804 1677 2858 habitu
1699 2804 1854 2860 retinentes.
1881 2802 2064 2872 confidenter,

411 2911 551 2966 utinquam
575 2892 705 2948 dehemus
730 2891 881 2946 voluntarie
906 2889 1024 2946 delicere
1047 2891 1074 2944 in
1089 2890 1206 2945 orando.
1264 2895 1294 2946 ut
1308 2892 1478 2962 postulemus
1492 2892 1519 2947 in
1534 2891 1587 2946 tine
1601 2891 1668 2946 nihil
1697 2892 1862 2948 haesitantes.
1892 2891 2065 2947 Suntantem

411 2985 505 3054 Sesto,
521 2983 592 3038 sicut
606 2995 714 3050 semper
735 2995 764 3034 es
786 2979 920 3050 benignus
943 2979 969 3033 in
993 2978 1151 3046 relaxando,
1174 2978 1211 3032 ita
1264 2987 1371 3050 septena
1384 2996 1475 3037 eausae
1484 2996 1545 3051 quae
1559 2987 1660 3053 cogunt
1669 2996 1720 3037 nos
1732 2988 1784 3036 tuae
1793 2979 1931 3037 confidere
1941 2979 2063 3036 bonitati.

411 3085 548 3144 uunquam
571 3069 702 3124 dehemus
730 3067 879 3122 defectibus
902 3067 1000 3122 nostris
1025 3067 1116 3122 terreri
1146 3067 1211 3138 quin
1265 3068 1441 3141 Prima,quia
1452 3070 1650 3138 Justomomne
1666 3067 1832 3125 desiderium
1862 3077 1889 3124 tu
1913 3068 1972 3136 das,
1988 3068 2064 3123 etad

410 3161 498 3218 statim
528 3166 591 3230 post
618 3156 724 3226 culpam
752 3155 860 3210 veniam
888 3154 1065 3226 postulemus.
1094 3152 1211 3223 Quando
1265 3156 1328 3227 qaid
1351 3157 1445 3224 dares,
1468 3157 1519 3212 nisi
1540 3157 1621 3213 etiam
1644 3157 1730 3214 velles
1752 3157 1906 3214 exaudiret
1925 3157 2062 3225 Secunda,

412 3250 483 3306 enim
500 3263 547 3304 cor
561 3245 678 3301 hominis
691 3251 732 3299 est
755 3243 907 3310 distortum,
937 3251 964 3299 et
986 3259 1001 3298 a
1025 3251 1049 3298 te
1074 3243 1210 3314 quodam·
1264 3245 1328 3315 quia
1342 3261 1397 3302 non
1410 3246 1444 3301 ad
1459 3254 1579 3302 nostram
1593 3245 1747 3314 utilitatem,
1762 3247 1855 3302 sedad
1866 3255 1938 3301 tuam
1945 3245 2065 3318 glorium

414 3339 496 3395 modo
511 3336 640 3407 alienum,
656 3333 741 3389 multo
756 3340 795 3389 est
817 3332 931 3403 pronius
949 3332 984 3387 ad
999 3331 1121 3388 levitates
1135 3339 1159 3387 el
1174 3331 1210 3387 ad
1265 3333 1389 3390 volumus
1410 3334 1548 3391 exordiri.
1572 3335 1672 3403 Tertia,
1697 3335 1760 3407 quia
1779 3335 1895 3405 maiora,
1924 3349 1985 3405 quae
2012 3349 2064 3406 pro

412 3426 572 3501 quaerendas
617 3423 735 3478 exterius
780 3421 862 3475 salsas
897 3421 1103 3477 consolationes
1128 3389 1342 3490 qrremcnobis
1365 3424 1464 3493 iecisti,
1493 3424 1615 3479 animant
1637 3440 1688 3481 nos
1711 3432 1740 3480 ut
1762 3425 1844 3480 etiarn
1865 3423 2066 3480 deminoribus

412 3516 494 3572 luerit
510 3514 573 3569 dum
590 3513 662 3582 apud
679 3520 704 3566 lo
728 3518 807 3565 esset.
838 3510 914 3566 [nde
938 3524 992 3564 non
1014 3518 1041 3564 et
1062 3507 1212 3563 dihereuda
1262 3511 1443 3569 confidamus.
1463 3512 1562 3569 Omnia
1577 3513 1648 3569 enirn
1660 3531 1720 3585 quar
1735 3522 1827 3585 petere
1845 3528 1991 3585 posumus
2005 3517 2064 3569 tam

412 3601 555 3675 acquisitio
570 3600 668 3667 venie,
693 3614 727 3655 ne
749 3598 900 3653 diuturnior
923 3614 1050 3653 recessus
1074 3597 1211 3653 dillieilio-
1263 3601 1369 3657 minora
1396 3608 1458 3656 sunt
1481 3617 1561 3671 quam
1589 3603 1662 3672 quod
1686 3602 1832 3674 dignanter
1850 3617 1901 3672 pro
1924 3600 2004 3656 nohis
2032 3617 2064 3658 es

412 3710 468 3751 rem
485 3691 620 3747 redditum
636 3695 772 3758 operetur.
788 3686 889 3743 Taliter
903 3702 952 3743 nos
973 3686 1104 3741 dehemus
1126 3686 1161 3741 ed
1185 3693 1211 3741 te
1264 3688 1419 3745 incomatns
1442 3697 1468 3744 et
1491 3705 1597 3761 passus.
1621 3690 1730 3759 Quarto,
1754 3690 1820 3762 quia
1844 3697 1899 3745 tarn
1922 3688 2003 3745 lacile
2023 3697 2064 3745 est

412 3783 523 3851 habere,
554 3786 580 3833 et
608 3792 716 3847 semper
741 3775 854 3833 cruciari
880 3776 954 3847 quod
982 3782 1007 3830 ιι
1035 3782 1137 3829 tantum
1157 3789 1213 3830 non
1265 3777 1337 3849 apud
1360 3786 1385 3833 ιι
1409 3778 1437 3831 in
1461 3778 1598 3847 maximis,
1623 3794 1705 3850 quarn
1729 3779 1756 3832 in
1773 3777 1893 3834 minimis
1921 3777 2062 3834 exaudire.

413 3884 536 3928 onrarnus
556 3874 587 3921 ut
615 3865 756 3919 debemus.
777 3862 921 3932 Quomodo
942 3871 1032 3919 aulem
1055 3872 1080 3917 te
1098 3861 1211 3917 laudare
1265 3865 1374 3935 Quinta,
1390 3866 1455 3937 quia
1468 3882 1517 3922 nos
1531 3865 1632 3922 adhoc
1647 3874 1777 3935 proruent
1801 3876 1853 3922 ture
1880 3865 2063 3923 consideratio

413 3958 572 4021 debeamus,
587 3960 614 4009 et
628 3953 662 4007 de
675 3951 772 4021 quibus
785 3952 886 4023 gratias
900 3967 980 4022 agere
995 3951 1154 4017 debeamus,
1170 3958 1212 4006 est
1264 3954 1404 4009 bonitatis.
1422 3955 1514 4023 Sexta,
1530 3954 1592 4026 quia
1606 3955 1809 4011 intercessorem
1834 3963 1868 4021 te,
1891 3956 1956 4010 Jesu
1980 3954 2064 4009 Chri·

414 4048 442 4102 iu
456 4042 590 4115 principio
605 4056 687 4109 supra
703 4038 813 4093 dictum.
830 4040 870 4093 Da
886 4039 975 4105 nobis,
1004 4038 1131 4107 Domine,
1155 4046 1210 4094 toto
1265 4050 1316 4109 sle,
1341 4042 1483 4110 hahemus,
1515 4051 1542 4098 et
1571 4058 1668 4099 omnes
1695 4052 1813 4101 sanctos.
1840 4042 1970 4115 Septima,
1998 4042 2063 4115 quia

416 4132 550 4190 desiderio
566 4126 760 4183 adornandum
777 4134 803 4181 ct
824 4125 986 4181 laudandum
1003 4130 1029 4180 ιι
1044 4125 1175 4196 aspirare,
1185 4134 1212 4181 et
1264 4130 1394 4185 infinitam
1407 4131 1442 4185 ad
1458 4147 1508 4187 nos
1523 4132 1605 4187 hahes
1625 4132 1783 4188 honitatem.
1808 4132 1837 4188 Si
1860 4132 1932 4187 enirn
1955 4131 2064 4188 modica

414 4237 463 4295 pro
474 4235 507 4275 eo
522 4216 594 4288 quod
609 4214 692 4287 digne
708 4230 761 4270 non
785 4229 939 4285 possumus,
965 4214 1089 4279 orticiari,
1106 4223 1131 4269 et
1158 4215 1211 4269 hoe
1264 4218 1374 4274 dilectio
1389 4235 1469 4290 quarn
1484 4219 1518 4273 ad
1534 4228 1559 4275 ιι
1575 4219 1709 4275 habemus
1722 4220 1820 4275 adhoc
1833 4235 1884 4276 nos
1897 4220 1981 4293 cogit,
1996 4220 2063 4276 utin

415 4308 494 4367 uobis
511 4305 637 4362 tollendae
659 4302 745 4358 crucis
761 4302 794 4357 sit
814 4302 937 4358 altitudo.
967 4302 1090 4357 Latitudo
1119 4311 1211 4359 autem
1264 4307 1390 4363 omnibus
1409 4315 1461 4363 ιιι
1475 4308 1610 4363 voluntati
1627 4308 1742 4364 libenter
1758 4324 1855 4381 parere
1874 4308 1999 4376 velimus,
2015 4324 2064 4364 cur

415 4399 500 4457 crucis
526 4404 553 4454 et
583 4392 699 4449 fidelitas
734 4407 842 4463 semper
874 4392 996 4462 spiritum
1032 4392 1156 4449 crucians
1185 4401 1211 4447 et
1265 4394 1337 4450 idem
1352 4395 1387 4449 de
1400 4394 1586 4451 inestimabili
1602 4396 1747 4452 dilectione
1773 4404 1888 4453 toanon
1907 4412 2061 4468 praesumc-

418 4489 543 4549 dilaluns,
560 4492 587 4539 ut
602 4498 713 4540 omnem
726 4480 865 4537 homiuem
882 4480 1009 4549 subjiciat
1025 4489 1076 4535 tuae
1092 4481 1163 4535 laudi
1179 4496 1212 4537 ae
1264 4483 1379 4537 remus‘i
1392 4484 1518 4554 lllioquio
1532 4482 1666 4540 fideliores
1679 4485 1810 4542 vellemus
1832 4500 1965 4556 apparere
1979 4501 2062 4556 quarn

412 4575 543 4636 servituti.
559 4574 619 4629 llno
643 4570 762 4626 maxime
785 4569 850 4625 lacit
872 4569 1008 4625 hominem
1036 4569 1063 4623 in
1090 4570 1212 4625 oratioue
1265 4579 1302 4642 tu,
1314 4571 1335 4625 si
1351 4571 1419 4626 tales
1433 4587 1484 4627 nos
1510 4572 1556 4627 tihi
1585 4573 1787 4642 exhiberemus,
1804 4574 1912 4645 qualem
1940 4574 2062 4629 tenebis

413 4679 586 4725 communem
610 4676 712 4733 cogens
732 4666 760 4713 ut
782 4657 915 4729 quidquid
936 4657 988 4712 sibi
1013 4656 1056 4713 vel
1075 4656 1211 4729 aliquibus
1264 4674 1413 4715 econverso
1428 4660 1689 4717 nonerederemus‘l
1703 4662 1757 4729 Sic,
1769 4663 1896 4730 Domine,
1912 4661 2060 4733 orabimus,

413 4754 568 4827 specialiter
582 4748 638 4804 suis
653 4747 787 4803 desiderat
801 4746 864 4815 quia
878 4760 925 4801 eos
938 4744 1054 4800 humiles
1074 4744 1210 4817 quodam·
1224 4740 1251 4801 ll
1266 4756 1292 4803 et
1306 4755 1418 4819 propter
1447 4749 1499 4804 hoc
1524 4748 1551 4803 in
1572 4750 1695 4807 oratione
1722 4749 1916 4805 confidentiam
1943 4749 2061 4807 hahebi-

413 4840 594 4906 modovidet,
611 4836 679 4892 nihil
703 4844 794 4891 tamen
816 4834 968 4901 hominum,
992 4832 1039 4889 sed
1064 4840 1146 4889 lotum
1175 4832 1212 4888 ad
1265 4852 1343 4899 mus;
1374 4836 1551 4893 nihilominus
1578 4846 1667 4893 tamen
1696 4837 1884 4906 cmciahimnr,
1908 4838 1981 4909 qnod
2009 4838 2063 4896 hoo

411 4931 521 4989 laudem
538 4936 589 4983 tuae
603 4924 738 4981 desideret
758 4922 894 4979 honitatis.
912 4922 990 4979 Unde
1011 4936 1073 4979 cum
1096 4920 1211 4977 fidelitas
1264 4924 1347 4996 digne
1361 4926 1536 4997 exsequendo
1551 4941 1660 4982 omnem
1683 4926 1822 4983 hominem
1845 4927 1880 4981 ad
1908 4934 1982 4982 tuam
2000 4926 2062 4983 lau·

412 5018 535 5075 maxime
563 5014 591 5070 in
619 5012 740 5069 oratione
768 5012 906 5079 consistat,
923 5010 1147 5067 considerandum
1171 5019 1213 5065 est
1264 5013 1328 5068 dem
1354 5029 1405 5083 per
1430 5012 1557 5069 effectum
1583 5015 1690 5071 trahere
1718 5030 1773 5071 non
1800 5022 2061 5086 possumuaetam-

413 5106 528 5181 qualiter
542 5102 641 5158 debeat
656 5117 734 5157 orare
758 5102 802 5171 qui
827 5099 941 5157 voluerit
964 5100 1098 5156 exaudiri.
1126 5098 1212 5155 Debet
1263 5100 1363 5171 plecti;
1393 5110 1420 5158 ct
1447 5102 1506 5159 haec
1525 5102 1673 5175 spiritualis
1698 5107 1800 5161 noslrae
1823 5104 1914 5162 crucia
1941 5110 1983 5160 eat
1996 5104 2061 5160 lati-

413 5196 572 5255 euimorare
587 5190 732 5262 sapienter,
758 5189 894 5257 ardenter,
920 5188 1068 5258 humililer,
1085 5186 1209 5257 fideliler,
1264 5189 1338 5245 tudo.

413 5288 621 5359 perseveranter
650 5286 675 5335 et
701 5276 875 5334 confidenter.
906 5278 1059 5349 Sapienter,
1097 5285 1126 5332 ut
1153 5284 1212 5333 oret

413 5390 474 5447 (ιιι
502 5379 554 5426 tuae
582 5366 656 5424 laudi
683 5374 744 5421 suut
767 5366 939 5436 expedientia
965 5374 991 5421 et
1024 5367 1211 5437 proximomm

413 5461 500 5519 saluti.
531 5458 559 5515 Si
584 5470 648 5513 sero
676 5454 704 5509 in
732 5453 897 5526 quibusdam
929 5454 1085 5509 dubitamus
1120 5462 1212 5509 utrum
1299 5482 1415 5555 Longu„
1454 5492 1544 5541 ,mem
1575 5486 1665 5543 cruci,
1700 5494 1753 5543 1„oe
1790 5486 1837 5543 105
1874 5487 1937 5543 ,11ae
1965 5495 2064 5543 „om

412 5548 568 5623 lxledilflh
594 5546 661 5600 ⁵1⁰¹st
689 5543 761 5599 ⁵⁸¹⁰⁵
795 5543 926 5613 ⁰⁰fp⁰fi⁸r
965 5549 991 5598 et
1018 5542 1117 5599 ⁵5³¹ssst
1151 5558 1212 5613 qum
1265 5571 1769 5645 dehetconrmcnsnrari,utquamria
1792 5574 1999 5631 consideremus
2027 5583 2063 5631 te-

413 5648 576 5723 quandoque
599 5658 706 5707 0⁰⁰⁰&
734 5640 898 5712 quandoque
927 5641 1058 5711 lll⁰d⁰⁵⁵0
1085 5649 1210 5712 P⁰⁵⁸l¹¹¹¹r
1264 5676 1326 5715 curn
1340 5676 1401 5717 esse
1411 5662 1572 5733 jucundum,
1588 5671 1615 5718 et
1629 5670 1655 5720 ιι
1669 5661 1697 5717 in
1711 5663 1793 5720 domo
1819 5672 1864 5720 lua
1891 5663 2013 5728 laudare,
2037 5670 2064 5722 et

411 5763 461 5823 pro
476 5746 518 5803 his
533 5756 640 5814 semper
653 5739 702 5797 suh
717 5737 871 5797 conditione
884 5747 924 5794 est
944 5738 1086 5809 orandum,
1110 5738 1213 5795 scilieet
1264 5748 1292 5804 jn
1306 5746 1405 5822 abysso
1420 5758 1472 5808 ruoe
1486 5752 1638 5808 dulcedini,
1651 5750 1806 5821 absorberi,
1823 5759 1914 5809 tamen
1941 5767 1996 5808 110„
2016 5759 2061 5809 ιω.

407 5846 438 5911 ,ιι
451 5843 500 5907 tibi
515 5840 550 5901 ιιι
563 5838 692 5921 placitam
717 5844 744 5899 et
764 5836 917 5897 honestum.
942 5836 1086 5911 ardenter,
1110 5836 1212 5897 ecibcet
1265 5836 1327 5898 dect
1345 5854 1395 5897 nos
1406 5848 1517 5917 portare
1540 5856 1650 5902 crucam
1671 5840 1889 5918 tormentiaci
1909 5840 2013 5903 elucet
2035 5839 2063 5907 itt

1574 5298 1685 5357 CAPUT
1704 5298 1749 5356 Vl.

1302 5392 1339 5449 De
1352 5397 1567 5467 perseuerantia
1581 5397 1612 5453 ln
1629 5412 1712 5455 cruce
1726 5416 1737 5451 .·
1750 5397 1788 5454 cd
1801 5397 1884 5468 tlurd,
1901 5395 2032 5471 quotidie.
