4750 6725
326 624 375 684 tas
461 605 464 610 ’
871 621 1423 687 ttrsroamnovorum-arara.

1930 636 1982 700 tao

326 754 425 811 merulo
439 753 469 810 id
493 753 640 810 elleeerunt
667 761 696 810 ut
723 761 768 809 aut
789 770 851 810 suas
866 767 934 826 quas
947 753 1123 826 reliquerant,
1139 751 1167 814 Α
1182 752 1300 823 dumque
1328 754 1475 810 nominatae
1502 756 1631 814 Ecclesiae
1650 759 1809 832 dignitatem
1821 765 1886 822 satis
1905 767 1982 824 sulii·

324 843 459 899 natalias
489 859 549 916 quae
576 843 666 916 magis
693 843 824 914 placeant,
854 843 951 913 spretis
978 844 1123 915 prioribus,
1178 857 1243 898 cere
1272 852 1299 897 ιι
1324 843 1556 914 superabundare.
1586 848 1621 902 Ει
1648 850 1728 906 nobis
1755 853 1848 924 utique
1870 856 1906 912 de
1930 857 1983 913 illis

323 932 407 989 libero
421 931 607 988 meretriculas
631 932 740 988 ducant.
769 932 811 986 Ad
826 934 885 988 baec
899 932 985 988 criniti
1014 948 1081 1003 quos
1109 949 1125 988 a
1181 929 1545 1004 quaeipsefeoithoantum
1569 936 1681 1007 quidem
1705 940 1739 995 ad
1755 943 1985 1017 negociaspectat

324 1021 401 1078 Patre
415 1021 542 1077 anselmo
557 1037 573 1076 a
587 1029 685 1076 sanetas
701 1020 824 1077 ecelesiae
840 1019 978 1075 liminibus
1001 1021 1125 1077 certissi-
1184 1035 1298 1088 qnorum
1313 1020 1398 1092 gratia
1410 1021 1454 1075 illa
1469 1020 1543 1093 feeit)
1557 1024 1660 1079 nullum
1679 1027 1752 1083 alind
1767 1047 1848 1102 quam
1876 1031 1983 1089 illorum

323 1109 507 1166 menovimus
534 1109 793 1176 excommunicatos,
819 1109 965 1164 intantum
987 1110 1126 1165 abundant
1177 1107 1312 1179 judicium
1343 1117 1382 1164 est
1411 1109 1453 1165 vel
1480 1110 1625 1180 aliquando
1651 1115 1711 1169 fnit.
1732 1118 1853 1174 Undeut
1879 1128 1983 1178 tantum

323 1207 481 1270 tantumque
499 1215 529 1254 se
548 1199 582 1254 de
603 1199 716 1254 erinium
741 1215 850 1254 suorum
873 1196 989 1253 feminea
1003 1205 1029 1253 et
1043 1199 1125 1271 igno-

322 1287 622 1360 miniosalongiludine
647 1287 797 1359 jactitando
826 1285 1010 1360 magnificant,
1038 1287 1126 1359 utqui

325 1374 439 1431 crinitus
453 1387 507 1428 non
522 1381 571 1440 est,
587 1373 677 1430 rustici
692 1373 734 1427 rel
750 1371 899 1443 presbyteri
915 1373 1031 1442 proboso
1046 1388 1126 1428 voea-

324 1462 388 1518 bulo
401 1461 557 1518 denotetur.
574 1463 679 1516 Cretera
691 1462 786 1517 borum
798 1461 958 1532 indignitate
972 1477 1027 1517 non
1036 1462 1126 1516 minus

322 1551 447 1622 indigna,
461 1567 495 1607 ne
511 1565 603 1606 eornm
618 1558 759 1619 amatores,
785 1565 845 1606 cum
869 1565 932 1606 mea
957 1550 1023 1605 nihil
1038 1551 1126 1605 infer-

321 1640 366 1705 sit,
383 1639 468 1712 gratis
490 1637 636 1706 offendam,
652 1640 758 1695 silentio
772 1655 904 1711 promam.
930 1640 1043 1695 Tantum
1065 1639 1127 1695 dico

321 1730 387 1801 qaria
403 1726 468 1801 quid
483 1727 572 1784 futura
588 1728 647 1783 (lies
660 1727 693 1782 sit
705 1728 825 1799 paritura
840 1727 943 1787 neseio:
962 1725 1127 1798 inpraesenti

322 1819 381 1874 seio
396 1832 477 1890 quarn
492 1821 572 1888 pauci
588 1817 634 1888 (ele
648 1817 826 1872 saecularibus
841 1817 913 1886 dieo)
942 1815 1126 1883 inveniuntur,

321 1908 369 1981 qui
397 1904 442 1963 via
470 1921 552 1978 quam
582 1904 694 1960 illustris
722 1905 803 1961 Pater
829 1904 973 1960 Anselmus
1004 1905 1126 1960 docendo

321 1995 495 2064 monstravit,
513 1995 548 2050 ad
560 2009 666 2050 cunam
680 1994 789 2050 Domini
805 2010 871 2065 puro
887 2010 919 2049 uc
930 1993 1046 2065 simplici
1062 2009 1125 2049 cor-

1179 1210 1249 1251 onns
1278 1197 1418 1252 scribendi
1445 1215 1656 1271 assumeremus,
1680 1205 1755 1276 qnasi
1781 1216 1872 1264 nostro
1900 1225 1982 1282 opere

1180 1300 1263 1355 opera
1278 1287 1337 1356 ejus
1352 1287 1522 1358 aliquatenus
1535 1287 1630 1346 fulcire
1655 1295 1867 1366 cogitaverimus
1881 1313 1980 1356 amen-

1180 1374 1218 1429 tia
1233 1390 1293 1430 esse
1308 1374 1417 1431 videtur
1431 1375 1457 1430 in
1473 1386 1590 1434 mentem
1610 1379 1691 1436 alicui
1710 1383 1816 1453 eadere,
1833 1387 1982 1458 praesertim

1180 1479 1245 1517 cum
1264 1471 1373 1550 nostra,
1403 1481 1465 1536 quac
1490 1466 1543 1520 illis
1571 1469 1769 1541 continuantur,
1785 1490 1838 1530 uon
1867 1477 1920 1531 nisi
1933 1493 1984 1548 per

1181 1551 1228 1606 illa
1243 1551 1411 1608 roborando
1441 1553 1586 1610 subsistant
1608 1557 1683 1613 salva
1696 1575 1786 1616 rerum
1802 1579 1868 1633 quas
1882 1564 1984 1622 descri-

1180 1640 1285 1712 psimus
1310 1641 1425 1698 veritate
1454 1643 1608 1702 sortiantur.
1644 1648 1772 1703 Attamen
1808 1652 1892 1724 (quod
1918 1670 1984 1726 pace

1181 1729 1414 1784 omniumdietum
1438 1740 1490 1803 est)
1519 1749 1613 1803 quaeso
1640 1736 1790 1807 accipiatur
1813 1756 1867 1796 non
1888 1757 1984 1814 parunt

1182 1819 1217 1872 al
1244 1819 1482 1875 exterminandum
1507 1823 1667 1878 scandalum
1691 1827 1766 1896 quod
1795 1828 1982 1889 Eboraceoses

1182 1923 1266 1976 super
1281 1906 1367 1977 ipsam
1384 1908 1533 1965 licelesiam
1548 1919 1693 1968 moverunt
1708 1921 1735 1970 et
1756 1916 1915 1975 cotriirmare
1929 1921 1981 1976 uisi

1182 2003 1253 2062 sunt,
1282 2003 1311 2050 ιιι
1342 1996 1377 2052 ιιι
1403 1997 1465 2051 aliis
1493 2005 1609 2066 mecam,
1641 2001 1698 2071 ipsa
1728 2004 1843 2075 epistola
1869 2009 1982 2080 profuit,

321 2085 357 2140 de
379 2099 525 2156 properare
553 2083 733 2138 contendant.
763 2083 855 2140 Exivit
877 2083 1007 2156 Angliam
1029 2083 1124 2151 semel,
1140 2099 1261 2173 Bquam
1291 2083 1343 2154 piae
1371 2086 1566 2141 reeordationis
1594 2089 1734 2147 Pascbalis
1771 2108 1841 2165 papa
1869 2096 1984 2154 Girardo

322 2173 407 2230 exivit
421 2171 554 2238 meando,
569 2172 604 2228 ad
620 2171 729 2227 modum
758 2171 891 2228 vedelieet
910 2172 1037 2244 praecepti
1053 2174 1126 2245 quod

323 2261 489 2334 evangelico
518 2276 597 2316 servo
625 2276 673 2316 suo
702 2261 832 2316 Dominus
870 2259 942 2317 fecit.
972 2263 1001 2315 ln
1030 2261 1128 2331 quibus

324 2351 443 2408 exitibus
458 2351 532 2423 quod
556 2349 694 2422 ingentem
722 2349 921 2404 multitudinem
943 2349 1126 2422 predicando,

325 2438 513 2508 admonendo,
530 2439 690 2511 castigando
705 2453 790 2494 coenae
813 2438 960 2494 Dominieae
983 2438 1016 2494 ele
1031 2439 1128 2496 alieni-

319 2531 402 2602 genis
424 2528 612 2596 introduxerit,
630 2543 679 2583 nos
700 2529 746 2598 qai
774 2527 878 2584 itineris
900 2528 959 2597 ejus
981 2535 1007 2584 et
1028 2527 1128 2584 laboris

318 2619 435 2674 comites
463 2619 563 2673 fuimus
588 2617 662 2673 omni
699 2624 803 2672 remoto
844 2616 974 2689 ambiguo
1011 2617 1122 2672 seimus.

318 2710 439 2764 Avertat
453 2706 536 2781 igitur
549 2707 722 2776 omnipotens
746 2707 818 2760 Deus
840 2704 942 2760 abillis
964 2706 1076 2775 vocatis,
1092 2705 1126 2762 ad

320 2813 392 2868 quos
420 2795 595 2852 adducendos
623 2796 710 2867 primo
739 2795 835 2849 nrissus
873 2801 922 2863 est,
966 2795 1126 2850 senientiam

319 2901 404 2960 quam
430 2885 502 2940 idem
546 2884 678 2939 Dominus
693 2883 799 2939 intulit:
825 2883 892 2939 Dico
926 2882 1028 2940 seilicet
1052 2883 1125 2941 vobis

322 2973 399 3048 quoa
406 2989 487 3031 nemo
498 2973 622 3030 uirorum
634 2973 750 3031 illorum
760 2974 810 3045 qui
819 2973 910 3030 uocati
921 2977 990 3029 soei
999 2975 1124 3046 gustabit

321 3079 434 3120 cenom
444 3079 537 3118 meum
548 3062 631 3132 (ime.
649 3077 705 3130 xiv,
718 3065 777 3132 il).

357 3153 405 3207 His
433 3151 471 3207 ita
495 3151 617 3223 digestis,
645 3167 765 3222 praesens
792 3167 869 3224 opus,
900 3151 941 3208 cui
970 3151 1081 3224 quidem
1097 3159 1127 3208 ιιι

317 3257 432 3316 operam
448 3239 551 3308 darem,
581 3237 685 3295 sincera
710 3239 820 3296 dilectio
840 3257 921 3311 quam
949 3257 1013 3316 erga
1036 3241 1124 3298 beata

319 3329 462 3391 memoriae
486 3330 592 3385 Patrem
620 3327 779 3385 Anselmum
808 3345 926 3401 superna
945 3330 1031 3401 pietas
1059 3329 1124 3389 milri

316 3416 435 3489 indigno
450 3414 581 3471 concessit
596 3413 719 3482 haberet,
745 3415 864 3469 inanima
879 3416 948 3471 inter
961 3416 1028 3472 alias
1043 3432 1124 3473 cansa

317 3506 382 3576 fnit,
412 3504 457 3560 ftni
484 3505 621 3561 addicam.
651 3503 727 3558 Prius
741 3511 842 3571 tamen,
870 3512 896 3559 et
910 3504 943 3560 ab
958 3506 991 3559 iis
1003 3506 1047 3577 qui
1063 3474 1164 3561 mo·C

319 3597 358 3653 do
375 3602 446 3663 sunt,
462 3602 488 3651 ct
504 3594 538 3649 ab
553 3592 592 3649 eis
607 3592 651 3665 qui
666 3600 727 3663 post
746 3608 797 3648 nos
811 3591 859 3648 lilii
874 3594 1004 3651 Ecclesiae
1014 3596 1129 3649 llantur·

316 3683 429 3753 riensis,
459 3682 541 3738 idest
564 3681 777 3738 Dorobemeasis
802 3682 869 3752 (Deo
891 3682 1018 3753 donante)
1045 3682 1125 3738 futuri

1183 2172 1303 2244 pontifici
1331 2174 1498 2230 Eboroeensi
1513 2176 1547 2231 de
1570 2177 1737 2247 professione
1761 2198 1841 2251 qnam
1857 2185 1985 2258 episcopo

1181 2261 1367 2317 Cantauricnsi
1396 2263 1487 2318 facere
1515 2263 1633 2321 debebat
1659 2285 1711 2337 pro
1726 2271 1853 2327 anselme
1867 2274 1978 2331 direxit.

1182 2349 1323 2420 Siquidem
1347 2351 1444 2406 eadem
1470 2353 1583 2422 epistola
1626 2355 1775 2414 Cantuariae
1812 2377 1872 2415 eom
1889 2363 1981 2434 sigillo

1181 2453 1259 2511 papae
1276 2441 1416 2508 remansit,
1433 2456 1513 2512 quam
1542 2441 1683 2512 Girardus,
1708 2453 1737 2500 ut
1750 2446 1791 2501 vir
1805 2447 1831 2502 in
1851 2451 1983 2507 eeclesia-

1180 2528 1256 2583 sticis
1282 2527 1431 2600 disciplinis
1458 2529 1597 2600 edueatus‚
1618 2531 1689 2586 illius
1717 2536 1881 2593 auctoritatis
1907 2555 1983 2610 pree·

1181 2625 1259 2687 cepto
1273 2632 1327 2671 non
1341 2633 1434 2688 egens,
1450 2617 1546 2672 factam
1562 2617 1590 2672 in
1605 2620 1763 2692 episcopatu
1782 2625 1982 2695 professionem

1180 2705 1306 2760 anselmo
1333 2706 1415 2775 (siout
1442 2707 1543 2763 mentio
1566 2707 1630 2763 inde
1643 2710 1767 2779 superius
1780 2713 1873 2770 babitu
1888 2716 1981 2771 decla-

1180 2793 1262 2860 ravit)
1292 2793 1451 2863 interposita
1476 2793 1530 2850 fade
1566 2811 1625 2862 sua,
1659 2795 1827 2857 firmaverat.
1868 2804 1982 2860 Textum

1179 2888 1270 2937 autem
1283 2882 1372 2952 ipsius
1390 2881 1513 2953 epistolae
1534 2883 1589 2955 hic,
1604 2886 1822 2961 utomnibusqui
1833 2891 1927 2963 tegere
1937 2893 1982 2950 sel

1179 2969 1274 3026 eradico
1310 2971 1362 3026 ista
1399 2971 1537 3043 dignatur,
1580 2973 1740 3043 innotescat,
1767 2977 1980 3051 subscribemus,

1179 3067 1206 3114 et
1221 3075 1282 3115 eum
1297 3059 1323 3114 in
1340 3060 1449 3116 laudem
1465 3061 1544 3117 nobis
1559 3061 1612 3119 Dei
1637 3065 1784 3122 terminum
1799 3067 1877 3139 bujus
1891 3069 1983 3142 operis

1178 3148 1385 3204 constituemus.

1219 3260 1230 3286 ι
1247 3238 1387 3296 Paschalis
1401 3237 1554 3312 episeopus,
1570 3255 1665 3298 servus
1679 3259 1818 3302 servorum
1833 3247 1982 3318 Dei,veoe·

1178 3326 1257 3382 rabili
1271 3327 1346 3383 fratri
1375 3328 1499 3398 Girardo,
1531 3329 1696 3389 Eboracensi
1710 3334 1850 3408 episcopo,
1866 3339 1982 3399 salntem

1178 3424 1204 3471 et
1219 3416 1398 3486 apostolicam
1411 3416 1638 3475 benedictionem.

1177 3594 1201 3649 p
1217 3528 1228 3553 a
1247 3503 1409 3649 (ξιιῗιιιῃιοιιι
1436 3522 1522 3577 prave
1549 3509 1681 3565 adversas
1694 3526 1755 3581 nos,
1771 3521 1850 3571 elo-u
1871 3516 1935 3577 Vide
1948 3520 1981 3579 bt

1201 3609 1248 3648 osc
1269 3610 1319 3649 ar.

1214 3682 1285 3739 llinc
1299 3682 1382 3754 igilur
1391 3690 1417 3738 et
1431 3682 1459 3738 in
1473 3684 1550 3740 omni
1566 3702 1649 3758 opere
1662 3704 1712 3745 suo
1726 3689 1854 3748 laudetur
1867 3692 1937 3766 ipse,
1954 3699 1981 3754 el

318 3780 393 3843 sunt,
409 3771 630 3844 paucispetitum
659 3769 691 3824 iri
719 3785 874 3840 precamur,
904 3786 938 3826 nc
966 3771 1055 3839 nobis,
1080 3772 1126 3841 qui
1177 3770 1364 3841 benedicatur,
1380 3772 1511 3842 quiidem
1538 3774 1979 3856 insemaneosinnovatomaia,

318 3872 366 3933 ,ta
383 3860 559 3932 scripsimus,
576 3859 651 3929 quasi
677 3860 705 3913 in
734 3857 800 3913 nihil
828 3859 1057 3927 laboraverimus,
1075 3860 1126 3931 ipsi
1180 3859 1309 3915 transfert
1334 3876 1429 3933 regna,
1457 3870 1483 3916 et
1511 3877 1589 3935 quem
1606 3865 1979 3943 vultsuperillacoustituit,

319 3956 513 4019 succenseant,
532 3948 686 4020 judicantes
714 3948 836 4003 fortassis
864 3948 937 4020 apud
966 3966 993 4005 se
1012 3965 1043 4005 ea
1065 3967 1125 4021 quae
1179 3951 1276 4006 vivens
1289 3956 1316 4005 et
1335 3965 1452 4024 regnans
1466 3960 1527 4008 ante
1541 3960 1567 4008 et
1581 3953 1651 4010 altra
1667 3956 1758 4013 omnia
1777 3958 1876 4016 saeeula
1891 3962 1976 4021 Deua.

318 4039 472 4112 gloriosum
501 4044 527 4093 el
550 4036 727 4109 magnificum
757 4038 862 4092 Patrem
875 4036 1056 4093 lanfrancum
1078 4055 1126 4096 suo
1180 4041 1276 4095 Amen.

321 4136 450 4199 tempore
478 4133 582 4183 constat
610 4125 718 4194 fecisse,
746 4125 781 4180 ad
805 4126 932 4182 tuendam
960 4142 1126 4186 conservan-

321 4264 1975 4311 mim-W*

933 4412 1117 4517 LIBER
1156 4410 1453 4538 QUINTUS.

974 4652 1018 4720 E'l
1032 4658 1092 4723 froc
1105 4657 1339 4722 exabundanti.

1068 4800 1214 4812 ——u--u—

359 4956 506 5019 Terminus
521 4960 610 5032 quarti
624 4956 688 5017 libri
702 4958 841 5031 Historiae,
870 4960 914 5019 cui
939 4960 1078 5017 Noveram
1096 4960 1125 5017 in
1139 4946 1165 5007 D
1180 4976 1261 5031 quam
1277 4968 1338 5018 tunc
1351 4960 1409 5019 fuit.
1439 4961 1538 5025 l'ernm
1560 4968 1631 5027 inter
1644 4968 1713 5044 hec,
1728 4989 1764 5033 ex
1777 4974 1820 5035 his
1832 4994 1894 5053 qua
1908 4984 1978 5043 scri-

323 5050 430 5124 Anglia
446 5058 538 5108 notam
553 5050 712 5121 indidimus,
726 5051 809 5122 plane
821 5051 924 5107 iudicat
937 5065 987 5106 nos
1001 5049 1040 5105 ibi
1054 5050 1126 5106 deli·
1180 5066 1291 5121 psoram
1306 5058 1379 5109 certo
1393 5058 1564 5127 comperiens
1578 5076 1621 5115 me
1635 5063 1779 5121 multorum
1801 5070 1931 5129 voluntati
1945 5089 1980 5131 ac

321 5139 438 5197 gemm
453 5139 534 5195 totius
548 5139 638 5212 operis
651 5146 749 5195 metam
759 5154 874 5211 ponere,
890 5138 946 5195 imo
960 5139 1049 5195 modis
1062 5154 1125 5196 om·
1179 5138 1318 5195 dilectioni
1346 5157 1450 5199 morem
1474 5146 1600 5216 gessisse,
1634 5151 1735 5223 placuit
1761 5157 1860 5213 seriem
1889 5176 1980 5219 rerum

320 5228 406 5285 nibus
430 5228 565 5301 posuisse.
596 5228 738 5285 Translate
767 5228 865 5285 etenim
880 5243 913 5285 eo
932 5228 966 5284 de
981 5229 1032 5286 bac
1046 5228 1124 5300 cujus
1178 5227 1359 5285 describendo
1367 5229 1422 5286 illis
1431 5242 1584 5307 annectere,
1593 5236 1670 5307 juxta
1680 5242 1752 5313 quod
1764 5245 1845 5317 Deus,
1857 5251 1978 5309 omnium

321 5332 400 5373 amor
421 5315 508 5388 ipsius
528 5316 655 5373 Historiae
681 5315 867 5374 describendas
889 5332 973 5373 causa
985 5318 1125 5389 precipua
1176 5314 1249 5384 fiilis,
1264 5316 1422 5388 dignabitur
1430 5320 1569 5393 inslimfi-
1581 5326 1621 5382 ΕΟ
1632 5328 1771 5399 ὓῑιῦῐᾱθῐῐῑ
1782 5346 1907 5407 1'081)ocul
1922 5355 1977 5411 ‘1¹¹⁰

321 5405 384 5474 fuit,
399 5405 527 5463 videlicet
537 5405 887 5479 domiaoetgloriosissimo
904 5406 981 5462 Patre
997 5406 1123 5463 amelina

320 5494 473 5567 anglorum
502 5509 609 5551 summo
632 5494 771 5567 pontifice,
796 5502 954 5565 ratussum,
975 5493 1030 5551 visa
1045 5510 1124 5551 mora

320 5582 459 5655 pontilicis
474 5582 663 5655 substituendi,
680 5599 733 5656 me,
763 5583 787 5639 si
813 5584 883 5641 ultra
899 5582 1076 5654 procederem
1095 5584 1124 5640 in

321 5672 477 5746 scribendo,
492 5683 539 5731 aut
552 5674 646 5731 inania
660 5673 729 5731 forte
756 5673 929 5745 scripturum,
959 5680 1005 5729 aut
1024 5673 1052 5729 in
1064 5674 1123 5745 pri-

320 5770 385 5821 vato
397 5772 602 5822 maromontem
617 5778 670 5821 aon
686 5761 782 5833 multa,
798 5778 859 5835 queo
886 5760 1030 5819 scribenda
1053 5762 1123 5821 ratio

321 5859 471 5924 expeteret,
495 5852 611 5925 pleniter
637 5852 803 5927 agniturum,
833 5850 915 5909 tacita
936 5849 1124 5911 incertitudine

322 5940 386 5999 vita
415 5956 484 6001 roeo
497 5957 559 6019 que
585 5958 658 6001 nuno
681 5941 791 6017 quidem
825 5940 890 5999 mibi
907 5956 963 6001 non
976 5940 1077 6001 certior
1094 5954 1124 5999 es

1175 5404 1225 5461 illa
1239 5404 1366 5477 pluribus
1379 5417 1495 5482 accepta
1509 5428 1570 5470 esse
1595 5414 1765 5489 deprehendi
1787 5424 1932 5494 sperabam
1950 5436 1978 5487 ιι

1178 5492 1230 5549 ista
1243 5495 1319 5550 oneri
1333 5511 1387 5552 non
1402 5496 1528 5557 allatura.
1543 5502 1620 5560 Prius
1633 5512 1724 5563 tameo
1736 5512 1872 5580 quamilla
1882 5530 1978 5589 aggre-

1179 5583 1249 5653 diar,
1278 5584 1439 5656 quibusdam
1468 5590 1513 5662 qui
1527 5591 1616 5649 adhuc
1637 5596 1753 5665 praefalo
1766 5601 1898 5671 pontifici,
1914 5620 1978 5665 vere

1178 5676 1283 5739 sancto,
1299 5672 1440 5731 detrahere
1453 5692 1508 5734 non
1522 5688 1658 5751 verentur,
1672 5699 1706 5741 eo
1720 5686 1823 5746 seilicet
1838 5691 1913 5761 quod
1925 5708 1977 5751 neo

1178 5760 1361 5833 saecubnum,
1376 5778 1427 5820 nee
1440 5766 1683 5827 ecclesiasticarum
1704 5788 1798 5833 rernm
1812 5779 1976 5840 emunctio·

1177 5850 1258 5907 nibus
1271 5850 1332 5922 ipse
1345 5852 1385 5924 (ut
1398 5854 1503 5928 dicunt)
1521 5857 1549 5914 io
1563 5874 1616 5915 saa
1630 5876 1714 5919 manu
1725 5866 1818 5923 omnia
1833 5871 1978 5931 teueusita

1176 5940 1976 6023 subumimpenaeriuricatanteamoritttarreeerande
