4750 6725
434 578 486 631 087

1019 567 1173 623 vetustati
1188 565 1299 623 EPISC.
1315 566 1494 625 nauseati.

2032 570 2085 623 988

434 702 473 757 Tu
506 700 598 773 igitur,
623 698 819 771 gloriosissime
841 697 976 767 princeps,
1002 693 1143 750 attendens
1166 689 1375 764 quo-Aritque
1399 707 1472 758 eum,
1498 700 1631 760 qnatenus
1655 692 1701 748 his
1728 694 1853 767 diligenti
1878 692 2085 750 examinatione
2167 749 2168 754 ,

434 793 517 848 modo
534 814 544 841 ι
567 790 641 845 Deus
656 789 731 859 pacis
752 794 803 855 est,
819 795 845 842 et
860 803 913 843 non
928 784 1108 841 dissensionis
1123 786 1149 852 (l
1163 784 1226 841 Cor,

434 880 492 951 xvv)
514 904 525 931 ιι
543 878 615 950 quod
629 894 662 935 ex
677 886 702 933 te
717 886 767 946 est,
787 892 882 947 pacem
898 891 960 933 oum
976 874 1105 929 omnibus
1121 873 1230 928 habeas.

434 971 506 1025 Deus
521 968 639 1025 citavitns
652 974 703 1035 est,
720 966 843 1020 diabolus
865 964 967 1020 odium.
987 964 1054 1018 'l'ota
1069 962 1114 1017 lex
1131 968 1155 1017 et
1172 976 1233 1032 pre·

436 1060 524 1129 phetae
538 1058 563 1111 in
574 1056 717 1110 dilectione
732 1050 972 1125 pententtttcttiz.
990 1052 1069 1121 ιιιιι).
1088 1074 1099 1100 ι
1121 1049 1172 1120 Qui
1190 1066 1234 1105 eu-

438 1154 491 1203 tem
505 1144 562 1200 odit
578 1145 687 1199 fratrem
702 1160 790 1211 suurn,
807 1143 946 1198 homicide
962 1150 1001 1197 est
1016 1139 1197 1211 (tancane),
1220 1164 1231 1189 ι

435 1250 484 1291 uec
499 1234 581 1289 habet
595 1240 698 1305 partem
713 1233 741 1286 in
755 1231 854 1288 Christi
870 1248 954 1303 regno
970 1240 995 1286 et
1011 1230 1071 1285 Dei.

472 1345 483 1375 ι
505 1324 563 1378 lloc
588 1323 648 1393 ipsa
664 1322 778 1387 Veritas,
802 1310 853 1377 linc
874 1320 1021 1391 discipulus
1045 1319 1091 1374 ille
1107 1319 1234 1374 Veritatis

436 1418 609 1485 protestatur,
626 1410 671 1483 qni
686 1410 719 1465 de
734 1418 844 1481 pectore
859 1408 1000 1463 Dominico
1016 1407 1155 1480 Evangelii
1169 1423 1233 1477 pro·

436 1501 546 1556 lundius
560 1508 667 1571 peintus
689 1499 840 1567 veritatem,
857 1496 980 1553 ssuminis
1000 1497 1102 1567 impetu
1117 1494 1235 1551 laetificat

438 1588 619 1645 abuudantius
642 1587 779 1643 civitatem
794 1586 852 1641 Dei.
880 1586 933 1641 Sed
948 1586 1004 1654 ille,
1019 1602 1068 1642 vas
1084 1585 1233 1653 electionis,

437 1680 482 1749 qui
497 1694 582 1747 usque
597 1678 631 1733 ud
648 1678 753 1733 tertium
778 1676 875 1733 ceolum
891 1680 994 1745 capetus,
1018 1690 1071 1729 non
1085 1673 1234 1729 secundum

437 1767 585 1835 hominem,
612 1766 660 1821 sed
675 1782 722 1836 per
734 1758 926 1821 revelationem
950 1764 1012 1819 Jesu
1028 1762 1125 1819 Christi
1141 1764 1234 1817 Evan-

440 1856 543 1928 gelium
559 1871 636 1909 suurn
652 1854 756 1909 didicit.
778 1876 789 1901 s
816 1853 924 1919 Omnis,
940 1852 1035 1922 inquit,
1050 1852 1139 1907 anima
1154 1858 1233 1921 pote-

437 1944 552 2001 statibus
567 1943 770 1999 sublimioribus
786 1942 894 1999 subdita
907 1942 960 2005 sit;
977 1957 1031 1997 nou
1046 1941 1119 1995 enim
1134 1948 1175 1995 est
1191 1956 1236 2009 po·

436 2040 522 2088 testes
549 2032 598 2087 nisi
614 2049 629 2087 a
644 2033 712 2090 Deo.
729 2031 779 2101 Qui
804 2040 895 2087 autem
918 2031 1016 2085 resistit
1031 2028 1166 2101 potestati,
1182 2028 1232 2083 Dei
1248 2052 1275 2111 Β

436 2120 601 2177 ordinationi
616 2122 714 2177 resistit
730 2122 820 2189 (Dora.
840 2119 910 2191 xvir).
935 2144 945 2171 ι
963 2120 1037 2177 Sicut
1052 2118 1132 2175 amici
1147 2117 1233 2175 nostri

434 2210 505 2265 iuter
525 2208 697 2265 mulierculas
716 2218 743 2264 et
767 2209 883 2281 simplex
902 2210 1000 2281 vulgus
1025 2210 1170 2272 somniant,
1186 2222 1233 2261 re-

435 2298 488 2371 giae
503 2298 628 2369 potestati
654 2297 731 2353 subdi
747 2314 801 2353 non
822 2305 957 2369 oportere,
975 2296 1074 2351 laisum
1091 2313 1150 2351 esse
1165 2310 1232 2367 ergo

436 2386 509 2459 quod
525 2403 632 2442 ornarem
652 2388 772 2443 animem
797 2387 920 2458 potestati
936 2386 1014 2441 subdi
1031 2394 1162 2457 oporteat.
1180 2384 1233 2440 Sed

435 2475 559 2545 nunquid
573 2476 681 2532 Veritas
696 2476 831 2532 mendacii
842 2476 982 2547 arguenda
996 2479 1058 2529 est‘?
1073 2480 1113 2529 An
1131 2473 1235 2544 experi-

435 2572 555 2619 mentum
581 2565 727 2635 qnarimus
749 2564 867 2635 ejusqui
888 2566 914 2618 in
929 2563 1058 2634 Apostolo
1073 2563 1235 2634 loquebatur

436 2654 581 2709 Christus‘i
598 2656 662 2709 uin
677 2654 837 2710 emulemur
853 2654 1021 2709 Dominum‘i
1035 2652 1162 2723 Nunquid
1178 2652 1234 2707 ior·

435 2742 516 2799 tiores
539 2742 586 2799 illo
600 2745 717 2799 sumus‘i
732 2742 762 2813 (1
791 2744 852 2801 Cer.
872 2744 910 2813 x.)
933 2766 944 2791 ι
963 2742 1110 2799 Fortiorem
1126 2757 1156 2797 se
1170 2757 1235 2796 con-

436 2831 504 2900 lidit,
521 2832 566 2903 qui
582 2833 631 2889 Dei
660 2832 820 2888 ordinationi
835 2832 943 2897 resistit,
970 2831 1098 2902 quoniam
1123 2846 1176 2885 ιιοιι
1191 2838 1232 2885 est

436 2926 557 2989 potestas
569 2919 653 2973 nisis
674 2920 740 2974 Deo.
757 2918 810 2975 Sed
825 2918 890 2988 quid
905 2918 942 2973 eit
957 2916 1115 2989 prophetui
1133 2938 1144 2963 ι
1166 2915 1236 2970 Con·

438 3006 586 3061 fundentur
601 3022 706 3073 omnes,
720 3007 763 3079 qui
776 3015 897 3079 puguant
911 3006 1053 3061 adversum
1069 3014 1104 3071 te,
1122 3006 1236 3060 Domine

435 3096 501 3163 (iso.
526 3095 592 3164 xcv).
612 3117 623 3143 r
641 3096 693 3149 Et:
712 3118 723 3143 u
747 3094 878 3150 Peribunt
902 3094 952 3150 viri
968 3095 1013 3165 qui
1040 3095 1171 3149 resistunt
1187 3092 1235 3148 tihi

434 3180 570 3252 (ibidem).
593 3183 787 3254 vliudolphus,
803 3182 1009 3250 blidemundus,
1026 3184 1196 3254 Eggebertus
1210 3190 1237 3237 et

437 3270 570 3325 innumeri
585 3271 723 3342 principes
739 3273 787 3326 Dei
803 3272 963 3327 ordinationi
979 3272 1006 3325 in
1016 3272 1131 3326 ilenrico
1146 3272 1234 3340 impe-

440 3368 528 3418 ratore
543 3361 712 3429 restiterunt,
728 3369 755 3418 et
773 3377 836 3417 eece
851 3363 928 3432 quasi
950 3377 1004 3416 nnn
1020 3361 1127 3428 luerint,
1144 3361 1236 3432 perie-

437 3458 511 3520 runt,
535 3451 596 3522 quia
623 3449 742 3522 proiecto
766 3467 875 3508 necesse
889 3458 928 3505 est
943 3449 1044 3506 melum
1059 3449 1140 3505 luisse
1154 3451 1233 3520 prin-

442 3539 555 3610 cipium,
568 3553 683 3611 quorum
700 3538 759 3594 imis
773 3541 907 3610 pessimus
921 3541 1079 3595 subsecutus
1093 3547 1144 3594 est.

475 3652 486 3676 u
508 3629 586 3684 Nune
602 3643 670 3700 ergo
689 3629 828 3700 quoniam,
845 3629 890 3699 qui
905 3645 939 3684 ex
954 3627 1068 3684 eduense
1082 3637 1143 3682 sunt
1158 3633 1234 3698 parte

436 3717 493 3772 suis
503 3717 648 3772 adversum
662 3733 712 3772 nos
733 3717 839 3772 eminus
854 3717 1038 3789 digladiantur
1052 3715 1235 3771 ratiocinatio-

436 3805 524 3873 nibus,
551 3813 642 3860 vestro
661 3804 774 3874 judicio,
797 3805 842 3860 uhi
865 3805 919 3876 jus,
937 3807 979 3860 vel
1001 3806 1081 3860 etiam
1096 3804 1124 3859 in
1147 3812 1234 3860 vestro

433 3891 539 3963 judicio
553 3893 733 3963 conferamus,
749 3893 886 3948 domicilio
903 3902 1004 3950 tantum
1020 3909 1074 3948 non
1089 3909 1139 3950 suo
1152 3908 1234 3946 usua-

434 3981 486 4046 rio,
508 3981 556 4036 sed
572 3981 672 4036 Christi
697 3989 723 4036 ct
746 3981 916 4051 antiquarum
942 3983 1050 4038 Petrum
1072 3989 1235 4036 utamurte·

436 4068 571 4124 stimonio.
587 4070 625 4122 dc
639 4083 672 4124 ne
688 4069 756 4124 lorte
770 4079 917 4136 recusetur,
937 4071 981 4126 lex
996 4071 1077 4140 liujus
1096 4079 1155 4124 esta
1170 4086 1232 4125 cer·

438 4155 557 4222 laminis,
583 4158 625 4212 vel
638 4173 683 4213 me
707 4157 734 4212 in
747 4158 910 4229 populorum
935 4160 1047 4214 transire
1061 4160 1234 4227 sententium,

435 4244 479 4300 vel
498 4261 532 4300 ex
548 4255 637 4301 nostro
653 4245 789 4317 triumpho
805 4264 853 4302 tros
867 4248 982 4304 Domino
999 4258 1092 4304 nostro
1108 4250 1235 4318 impere-

435 4335 485 4390 tori
505 4333 719 4414 lucrilaciemus.
743 4337 904 4394 attendatur
926 4346 951 4394 et
974 4337 1059 4392 illud:
1085 4361 1096 4386 ι
1124 4337 1152 4392 Si
1175 4338 1235 4408 quis

433 4423 512 4480 aliter
533 4425 701 4497 evangelizat
724 4435 823 4496 praeter
847 4426 919 4498 quod
944 4426 1166 4498 evengelizatum
1195 4435 1236 4481 est

435 4513 523 4580 vobis,
533 4515 676 4568 anathema
691 4514 726 4568 sit
740 4514 816 4585 (Gal.
827 4519 859 4585 r).
874 4539 884 4563 u
900 4516 957 4570 Hoc
972 4517 1115 4570 anathema
1133 4531 1186 4570 non
1197 4516 1232 4570 de

434 4602 555 4672 proianae
580 4602 706 4658 vanitatis
718 4603 837 4666 usuario,
862 4603 909 4658 sed
939 4603 971 4656 de
1006 4603 1083 4660 tertio
1112 4603 1229 4660 intonuit

433 4689 512 4746 etelo.
532 4693 569 4746 De
584 4691 640 4745 istis
655 4699 755 4761 auteur,
767 4693 811 4762 qui
822 4692 980 4763 ignorantes
992 4715 1003 4739 u
1017 4693 1067 4746 Dei
1079 4692 1226 4761 justitium,

434 4787 461 4836 et
482 4787 632 4852 querentes
654 4795 732 4836 suern
756 4789 881 4848 statuere,
903 4779 1015 4851 justitiae
1035 4781 1083 4836 Dei
1097 4795 1151 4836 non
1167 4791 1233 4838 sunt

435 4867 547 4936 subjecti
559 4871 648 4940 (llam.
666 4869 703 4938 x),
729 4892 738 4917 ι
762 4869 921 4924 fiducialiter
937 4869 1069 4924 dixerim:
1089 4893 1099 4919 ι
1122 4871 1233 4928 Maledi-

435 4963 497 5011 cent
512 4956 560 5024 illi,
576 4966 602 5012 et
625 4965 653 5012 tn
666 4957 825 5027 benedices,
840 4958 886 5030 qui
901 4958 1045 5031 insurgunt
1058 4958 1085 5013 in
1100 4975 1143 5014 me
1157 4975 1227 5015 con-

435 5045 592 5102 tundantur.
622 5047 725 5102 Servus
755 5054 845 5102 utitem
873 5057 933 5102 tuus
964 5047 1098 5104 laetabitur
1133 5047 1227 5120 (i’snl.

436 5134 523 5207 cvnr),
550 5158 560 5182 ι
584 5135 722 5204 (quoniam,
747 5143 777 5191 ut
791 5136 828 5192 ait
849 5137 1008 5192 Dominus«
1031 5137 1145 5192 sinemo
1160 5138 1227 5191 nihil

437 5221 553 5292 potestis
576 5223 664 5278 lacere
681 5223 775 5288 (Joan.
805 5229 867 5296 xv),
891 5248 901 5272 ι
929 5241 979 5282 neo
994 5225 1109 5280 demnas
1126 5225 1231 5295 justum

435 5323 496 5364 cum
500 5308 668 5378 judicabitur
677 5313 727 5367 illi.
740 5335 750 5362 ι
760 5315 800 5368 Τιι
810 5313 871 5386 quis
882 5330 922 5382 es,
939 5313 984 5386 qni
995 5314 1104 5384 judicas
1112 5313 1232 5370 alienum

436 5399 568 5454 servum?
593 5397 648 5456 Suo
671 5401 780 5476 dornino
795 5411 857 5470 stat,
873 5411 918 5458 aut
932 5403 1001 5460 cadit
1018 5403 1105 5474 (Dora.
1124 5411 1193 5473 xvv).
1219 5427 1230 5452 ι

437 5521 582 5593 fluctuque
618 5523 713 5578 litterae
747 5524 874 5594 Velremi,
912 5541 993 5597 quem
1026 5527 1109 5582 nostri
1141 5528 1233 5584 seculi

433 5593 539 5664 politici
554 5601 670 5650 statuant
684 5594 735 5650 sibi
750 5596 791 5648 sui
806 5595 927 5666 ipsorum
943 5597 1080 5668 dogmatis
1093 5607 1233 5654 auctorem

435 5672 461 5720 et
475 5663 658 5722 defensorem.
676 5695 709 5705 -
722 5665 776 5720 llas
792 5682 857 5722 saue
871 5667 973 5723 litteras
989 5669 1089 5740 (pergit
1100 5669 1233 5725 Dodeehi-

435 5737 496 5804 nus)
516 5735 662 5808 praedictus
686 5752 778 5791 comes
793 5737 945 5792 ludovicus
960 5739 1119 5809 suscipiens,
1137 5752 1231 5796 vocato

435 5805 514 5861 adse
529 5805 681 5862 venerabili
710 5807 848 5877 Stephano
866 5809 922 5880 (qui
935 5817 962 5863 et
974 5810 1139 5881 Horrendus)
1154 5812 1231 5866 lieh-

438 5877 758 5950 verstndensiepiscopo
782 5893 830 5934 eas
843 5879 962 5944 ¹tradidit
984 5879 1124 5952 legendas,
1149 5898 1232 5953 roge-

1284 762 1443 832 perspectis,
1456 763 1537 830 juxta
1559 766 1692 819 rationem
1708 767 1830 821 ueritatis
1847 780 1967 837 congrua
1982 763 2086 820 chria·
2167 773 2168 838 q

1284 839 1325 887 ret
1348 834 1530 903 responsione,
1553 844 1579 889 et
1603 835 1724 908 linguam
1749 836 1962 907 blasphemantis
1991 838 2082 901 (Rern.
2167 893 2168 908 ,

1285 906 1337 974 nr),
1361 919 1392 958 os
1411 921 1519 975 quoque
1540 905 1632 976 iniqua
1654 908 1817 977 proferentis
1839 917 1929 962 contra
1947 907 2087 978 justitiam

1286 976 1442 1031 auctoritate
1466 978 1553 1031 sancti
1567 977 1692 1046 Spiritus,
1709 987 1735 1034 et
1755 978 1908 1033 testimonio
1924 978 2085 1047 Scriptura-

1286 1062 1346 1099 rum
1368 1045 1528 1111 obstrueret,
1553 1063 1587 1101 ue
1609 1050 1725 1118 amplius
1749 1060 1842 1105 eontra
1864 1048 2014 1105 Ecclesiam
2034 1048 2088 1102 Dei

1286 1116 1398 1171 latratus
1425 1118 1557 1185 proferret
1580 1118 1699 1189 insenos,
1722 1129 1749 1176 et
1775 1119 1886 1175 fureret.
1919 1118 2087 1174 Venerabilis

1287 1196 1375 1243 autem
1391 1188 1535 1258 episcopus
1556 1191 1705 1245 secundum
1727 1191 1885 1261 petitionem
1901 1190 2008 1246 comitis
2022 1206 2085 1243 sus-

1287 1260 1371 1329 ceptis
1386 1259 1492 1323 litteris,
1517 1275 1549 1313 ac
1564 1260 1688 1328 diligenti
1703 1262 1905 1317 examinatione
1919 1261 2084 1331 perspectis,

1287 1338 1384 1384 vocarto
1405 1331 1511 1384 notario
1533 1329 1674 1400 epistolam
1698 1333 1819 1398 dietavit,
1842 1332 1869 1386 in
1893 1348 1945 1403 que
1968 1331 2085 1401 primum
2167 1393 2168 1408 χ

1289 1400 1445 1454 anramum
1467 1400 1626 1471 episcopum
1650 1403 1816 1472 haereticum,
1839 1402 2025 1459 simoniacum
2039 1419 2085 1456 re·
2167 1413 2168 1416 ’

1288 1470 1407 1543 dnrguit,
1430 1486 1525 1540 regem
1547 1475 1629 1527 etiam
1644 1474 1790 1529 chricum
1812 1474 1967 1530 hereticum
1992 1480 2021 1527 ct
2035 1490 2087 1527 ex-

1288 1541 1528 1607 communicatum,
1544 1543 1662 1614 ideoque
1677 1560 1726 1599 nec
1740 1562 1833 1617 regem
1848 1545 1990 1600 dicendum
2007 1559 2087 1598 eom-

1288 1613 1422 1683 probavit,
1446 1614 1619 1682 episcopatus
1642 1630 1690 1685 pro
1704 1615 1832 1685 pecunia,
1849 1632 1897 1684 pro
1916 1615 2021 1686 gladio,
2039 1630 2088 1683 pro

1288 1684 1431 1743 adulterio.
1456 1700 1507 1754 pro
1531 1686 1698 1741 Sodomitica
1720 1687 1893 1742 immunditia
1923 1686 2089 1740 vendentem
2167 1689 2168 1744 i

1288 1754 1446 1810 declaravit.
1463 1755 1517 1810 Sed
1533 1756 1618 1825 ipsius
1638 1758 1698 1825 jem
1712 1758 1836 1827 epistolae
1858 1764 1952 1811 tentus
1966 1772 2090 1825 expona-
2167 1783 2168 1800 ι

1289 1834 1341 1890 tur,
1358 1834 1387 1879 ut
1399 1826 1470 1880 illius
1493 1827 1658 1882 v‘erterabilis
1686 1827 1739 1884 viri
1754 1828 1848 1885 servor
1863 1829 1891 1883 in
1906 1835 2001 1883 tenore
2014 1827 2091 1898 justi·
2167 1883 2168 1892 ,

1290 1897 1333 1953 tiae
1347 1905 1518 1969 agnoscatur.

1491 1984 1657 2042 LUDOVICI
1672 1986 1884 2043 Responsio.

1327 2096 1338 2122 ι
1360 2073 1458 2129 Comes
1474 2076 1643 2142 leuovrcus,
1669 2076 1780 2133 domino
1794 2076 1943 2145 Viennam,
1959 2074 2090 2149 quidquid

1287 2162 1333 2217 tali
1347 2162 1482 2219 vocabulo
1497 2165 1612 2237 dignum
1627 2173 1681 2221 esi.

1325 2275 1335 2298 ·
1358 2252 1432 2307 Sicut
1458 2252 1642 2309 bonushomo
1657 2254 1692 2309 de
1711 2254 1784 2311 bono
1798 2256 1926 2310 thesauro
1937 2254 2031 2310 cordis
2046 2252 2090 2308 sui

1286 2340 1393 2413 profert
1415 2340 1530 2408 bonum,
1546 2341 1584 2395 ita
1599 2343 1686 2397 vnaius
1709 2345 1791 2398 lromo
1806 2342 1841 2397 de
1864 2343 1940 2398 malo
1955 2344 2093 2397 thesauro

1287 2428 1390 2499 profert
1405 2430 1514 2484 melum.
1531 2430 1608 2485 Unde
1631 2431 1677 2485 tibi
1695 2438 1769 2487 tnnta
1783 2432 1939 2504 arrogantia
1954 2440 1983 2486 ut
1998 2448 2043 2486 me
2057 2431 2092 2485 ad

1288 2516 1504 2589 indignationem
1536 2526 1592 2573 tem
1615 2519 1752 2589 injuriosis
1772 2520 1874 2590 injuriis
1898 2521 2092 2592 provocares‘l

1290 2606 1396 2661 Etenim
1410 2607 1534 2662 dominns
1548 2617 1572 2663 et
1585 2616 1676 2678 patres
1692 2625 1779 2677 moos,
1795 2609 1842 2679 qui
1856 2626 1900 2665 me
1915 2610 1942 2665 in
1954 2610 2000 2665 via
2011 2609 2093 2679 J‘usti-
2167 2633 2168 2652 ι

1289 2694 1333 2749 tiae
1368 2696 1529 2764 coniectent,
1554 2697 1627 2751 viros
1654 2698 1815 2769 sanguinum
1850 2698 1955 2753 similes
1982 2699 2091 2753 Satenae
2167 2753 2168 2756 ,

1289 2783 1399 2853 oblique
1412 2784 1543 2855 appellas,
1561 2794 1586 2840 et
1608 2786 1711 2840 monita
1726 2787 1834 2855 salutis,
1851 2802 1913 2859 qum
1927 2796 2090 2859 suggerunt,

1289 2871 1359 2927 iuter
1374 2872 1546 2928 mulierculas
1562 2882 1588 2929 et
1607 2874 1725 2945 simplex
1739 2874 1837 2947 tulgus
1852 2875 1989 2931 somniare
2009 2874 2087 2930 dicis.

1289 2961 1418 3031 Nonquid
1435 2962 1507 3017 Deus
1521 2961 1627 3034 indiget
1637 2971 1682 3019 tao
1694 2964 1809 3031 jndicio,
1826 2968 1856 3019 ut
1870 2980 1918 3035 pro
1932 2964 1981 3019 illo
1996 2964 2091 3035 loqua-

1290 3050 1329 3104 ris
1344 3050 1445 3105 dolos‘i
1468 3050 1566 3106 Docuit
1579 3050 1707 3120 iniquitas
1720 3066 1752 3106 os
1767 3059 1852 3119 tuum,
1867 3059 1894 3107 et
1908 3052 2024 3107 imitaris
2038 3052 2091 3106 lin-

1290 3154 1373 3211 guam
1404 3138 1659 3209 blasphemantium,
1689 3141 1725 3194 ita
1752 3148 1783 3195 ut
1806 3150 1877 3196 recte
1905 3141 1940 3196 de
1969 3150 1995 3196 te
2017 3140 2091 3195 dieat

1292 3228 1443 3297 Propheta:
1463 3252 1473 3278 ι
1495 3226 1587 3283 Noluit
1608 3228 1771 3301 intelligere,
1788 3237 1817 3285 ut
1831 3230 1898 3285 bene
1914 3237 2020 3301 egeret,
2036 3230 2090 3284 ini·
2167 3243 2168 3258 ¹

1290 3316 1419 3389 quitatem
1434 3316 1579 3372 ttreditatus
1592 3326 1633 3373 est
1646 3318 1674 3372 in
1688 3318 1770 3376 cubili
1785 3334 1834 3374 suo
1851 3318 1940 3388 (Psoi.
1956 3320 2055 3380 xxxa).
2077 3343 2087 3366 ι

1291 3404 1421 3475 inamvis
1432 3421 1497 3478 ergo
1518 3413 1648 3475 quantum
1671 3413 1827 3478 perversus,
1842 3413 1946 3462 mutum
1961 3422 2091 3478 perverse

1288 3493 1393 3549 locutus
1415 3493 1447 3561 si,
1460 3510 1511 3549 nos
1536 3502 1624 3549 lernen
1640 3496 1678 3550 ori
1704 3504 1798 3551 nostro
1818 3496 1968 3552 custodiam
1990 3512 2092 3567 ponere

1288 3581 1473 3651 decrevimus,
1487 3589 1514 3638 et
1528 3583 1651 3638 siluimus
1674 3607 1686 3632 ι
1708 3601 1770 3640 oum
1786 3585 1944 3641 consisteret
1958 3592 2091 3655 peccator

1289 3671 1436 3725 adeersum
1464 3687 1515 3727 nos
1539 3674 1626 3742 (Psoi.
1652 3675 1777 3747 xxsvrn).
1800 3698 1811 3723 ι
1838 3673 1893 3730 Sed
1917 3674 2017 3729 excitat
2040 3690 2091 3728 uos
2167 3726 2168 3747 ,

1289 3774 1380 3814 sermo
1399 3758 1518 3824 divinus,
1542 3759 1657 3815 diceus:
1686 3784 1697 3808 ι
1718 3759 1866 3830 Responde
1889 3761 1971 3816 stulto
1987 3777 2089 3817 seeun-

1289 3848 1354 3902 dum
1370 3846 1508 3902 stultitiam
1524 3864 1609 3915 suam,
1626 3865 1660 3904 ne
1675 3849 1845 3921 sihisnpiens
1856 3849 1979 3905 videatur
1998 3851 2090 3912 (Pron.

1288 3935 1375 4006 aava).
1403 3935 1560 4007 -uunquid
1580 3937 1654 3992 enim
1680 3937 1790 3992 intuitus
1815 3937 1984 4007 personabit,
2001 3946 2028 3994 et
2043 3954 2091 3994 sa·

1288 4023 1389 4094 pictatia
1403 4024 1595 4080 obmutescet?
1615 4026 1745 4097 Nunquid
1765 4025 1890 4097 loquetur
1904 4026 2090 4095 mendacium,

1289 4121 1315 4168 et
1330 4113 1429 4168 veritas
1440 4112 1553 4167 silebit?
1567 4114 1697 4187 Nunquid
1708 4114 1825 4170 tenehrae
1836 4114 1961 4186 operient
1975 4121 2090 4182 terrem,
2167 4134 2168 4173 t

1289 4202 1455 4256 etDominns
1467 4217 1521 4256 non
1532 4201 1659 4258 orietur?
1675 4203 1732 4257 lmo
1745 4225 1756 4250 r
1768 4202 1817 4257 lus
1827 4203 1854 4257 in
1871 4202 1990 4258 tenebris
2004 4202 2090 4270 lucet,

1289 4299 1316 4345 et
1338 4290 1456 4346 tenebrae
1472 4306 1532 4345 eam
1556 4307 1609 4346 non
1625 4292 1888 4362 comprehenderunt
1913 4293 2004 4361 (loon.
2021 4293 2053 4362 ι).
2077 4315 2088 4339 ι

1289 4377 1348 4446 Qua
1374 4377 1592 4433 consideratione
1616 4402 1628 4426 u
1649 4380 1786 4435 concaluit
1810 4395 1858 4436 cor
1871 4389 2005 4446 nostrum,
2018 4387 2047 4435 et
2062 4381 2089 4434 in

1289 4467 1464 4523 meditatione
1485 4476 1577 4523 nostra
1597 4468 1699 4523 exarsit
1712 4467 1784 4539 ignis
1809 4469 1897 4537 (Psal.
1922 4469 2053 4532 xxxvnrl.
2075 4492 2088 4516 ι

1289 4554 1436 4624 Loquirnur
1457 4555 1538 4627 igitur
1559 4565 1587 4610 ct
1609 4556 1756 4624 eieramus,
1783 4577 1794 4606 ι
1818 4557 1969 4627 vulpesque
1989 4573 2090 4627 parvu-

1288 4643 1338 4704 los,
1354 4660 1414 4714 qum
1431 4643 1522 4699 vineas
1543 4644 1651 4698 Domini
1673 4643 1856 4700 sleinoliuutur
1877 4646 1974 4714 (Curet.
2004 4648 2049 4712 ιι),
2072 4670 2085 4693 ι

1248 4739 1418 4820 unantum
1444 4747 1595 4802 possumus,
1614 4748 1749 4800 arcemus,
1774 4732 1899 4787 timentes
1913 4733 2088 4803 pmphetiam

1287 4819 1363 4874 illam
1375 4820 1586 4890 exprobrantem
1603 4838 1609 4873 z
1627 4843 1639 4868 ι
1654 4822 1717 4876 Νοιι
1730 4821 1891 4876 ascendistis
1906 4836 1941 4876 ex
1955 4821 2086 4886 adverso,

1287 4923 1337 4962 nec
1356 4908 1521 4978 opposuistis
1543 4925 1650 4963 murum
1665 4925 1717 4981 pro
1731 4909 1815 4965 domo
1828 4909 1919 4979 lsrael,
1938 4915 1966 4964 ut
1980 4909 2090 4964 staretis

1286 4995 1314 5052 in
1328 4997 1423 5066 praelio
1434 4996 1460 5051 in
1475 4995 1519 5052 die
1534 4997 1642 5053 Domini
1653 4997 1763 5068 (Erech.
1780 4998 1850 5067 xru).
1865 5021 1876 5047 n
1894 4997 2022 5066 audiant,
2034 5013 2090 5053 nen

1287 5093 1313 5140 tu
1337 5085 1383 5155 qui
1397 5101 1475 5140 aures
1491 5086 1575 5140 babes
1599 5094 1626 5141 et
1639 5102 1694 5142 non
1707 5086 1796 5153 undis,
1813 5086 1860 5160 qui
1875 5087 1971 5142 oculos
1985 5088 2082 5153 hahes,

1285 5182 1313 5229 et
1326 5188 1382 5229 non
1394 5173 1471 5228 rides
1486 5174 1582 5239 (Psoi.
1593 5176 1681 5243 estre),
1697 5175 1744 5245 qui
1760 5176 1851 5230 lumen
1862 5175 1937 5246 quod
1951 5175 1981 5228 in
1995 5183 2022 5229 te
2037 5183 2090 5240 est,

1288 5261 1416 5316 tenebras
1438 5261 1542 5316 iecisti:
1559 5263 1679 5332 audiant,
1704 5262 1825 5334 inquam,
1852 5278 1948 5318 omnes
1969 5263 2088 5327 cerdati,

1289 5349 1334 5420 qui
1349 5365 1428 5406 aures
1443 5351 1571 5405 audiendi
1586 5351 1697 5416 hahent,
1715 5369 1797 5422 quam
1816 5353 1870 5408 alte
1886 5361 1999 5408 autnon
2013 5351 2078 5406 intel

1287 5439 1369 5511 ligas,
1384 5447 1431 5494 aut
1444 5439 1599 5511 intelligere
1618 5439 1783 5509 dissimules,
1806 5456 1896 5513 neque
1910 5439 1977 5511 quid
1991 5440 2090 5511 loqua-

1287 5527 1339 5593 ris,
1354 5543 1443 5597 neque
1456 5528 1491 5582 do
1505 5529 1604 5599 quihus
1618 5528 1737 5584 affirmes
1751 5530 1777 5599 (l
1796 5530 1869 5585 Tim.
1888 5532 1922 5600 ι).

1326 5639 1337 5665 ι
1360 5617 1401 5671 ad
1415 5616 1612 5688 subjectionem
1628 5617 1730 5673 domini
1745 5618 1862 5688 hienrici,
1880 5634 1961 5690 quem
1974 5618 2094 5688 impera·

1288 5712 1374 5762 torem
1389 5705 1492 5776 dieunt,
1507 5721 1558 5761 nos
1572 5705 1679 5775 invites,
1691 5709 1717 5761 el
1728 5706 1767 5776 (in
1782 5714 1916 5778 qnantum
1932 5706 2088 5778 intelligere

1285 5794 1374 5866 datur)
1390 5802 1418 5850 ut
1432 5809 1484 5864 per
1499 5795 1594 5850 omnia
1611 5795 1714 5850 subditi
1728 5795 1825 5866 simus,
1842 5796 1920 5866 quasi
1935 5794 2086 5867 apostolico

1285 5891 1450 5955 argumento
1471 5884 1665 5942 necessitatem
1680 5885 1812 5956 imponis,
1825 5885 1937 5942 dicens:
1956 5907 1968 5932 ι
1989 5884 2088 5941 Omnis
