4750 6725
446 578 495 635 ios
1020 569 1176 627 usuram
1195 564 1307 624 serso.
1332 570 1514 631 manusc.
2052 578 2103 631 sos
2161 541 2163 590 ³

443 700 585 771 mendsre,
597 714 659 758 cum
673 696 756 757 dicit!
775 698 897 754 ul’scern
909 710 1003 754 meam
1017 696 1053 753 do
1066 694 1161 767 tobis,
1191 710 1237 766 pa·
1250 690 1281 755 Α
1294 696 1684 774 patiunturpropterjustitism
1693 700 1808 773 (dotti.
1823 701 1866 769 a).
1881 724 1894 751 ι
1904 700 1967 757 iam
1993 708 2021 757 et
2046 700 2102 757 Ne
2161 703 2162 720 .

444 805 505 850 cem
516 790 641 862 relinquo
655 788 836 858 sohistiocu.
852 786 920 859 stu),
938 808 950 836 υ
966 786 1014 843 sed
1042 786 1125 843 etiam
1153 784 1244 858 ipsam
1299 800 1407 855 rocem,
1419 789 1620 861 quisspostolis
1635 790 1713 847 Petro
1728 798 1754 846 et
1769 791 1863 861 Paulo,
1878 792 1938 861 J'am
1956 799 1987 847 et
2007 791 2102 846 Hero·
2161 811 2162 822 ¹

443 896 541 952 paoem
555 876 759 945 existeremus
773 875 810 931 sit
824 875 1051 947 Apostolue,ipse
1064 880 1168 945 estpax
1188 890 1241 930 no·
1296 873 1361 930 dem
1371 876 1434 947 quia
1444 879 1546 935 iccobo
1562 880 1696 949 apostolo,
1710 879 1769 949 Jam
1780 887 1806 936 et
1822 881 1938 935 Pilstnm
1953 879 2021 952 qnia
2042 880 2103 935 Do-

444 967 563 1040 strs,qni
574 967 760 1037 lecitutsaque
773 980 857 1021 unum
872 965 886 1018 ‘l
903 964 1017 1038 (Epioe.
1036 965 1081 1035 ιι.)
1097 964 1168 1035 Quid
1175 978 1242 1036 ergo
1296 962 1371 1020 mino
1391 966 1454 1021 Jesu
1476 967 1584 1022 Christo
1601 968 1809 1038 supervixerint,
1837 969 1934 1023 beatos
1965 967 2101 1023 aestimas.

445 1056 548 1129 sitpsx
563 1063 654 1113 nostre
664 1054 858 1112 commendans
870 1069 965 1126 pseem
985 1055 1000 1107 ‘i
1026 1076 1038 1102 κ
1066 1053 1167 1122 Nolite,
1198 1052 1238 1107 in·
1296 1050 1357 1121 Qua
1370 1054 1498 1125 opinione
1506 1056 1571 1127 quid
1583 1055 1704 1112 insenius
1713 1065 1759 1111 aut
1770 1056 1905 1113 infelicius
1913 1056 1970 1112 dici
1984 1056 2103 1127 potestt

448 1145 517 1219 quit,
529 1143 736 1217 sibimetipsis
750 1142 929 1200 vecimittere
943 1158 1040 1215 pacem
1060 1143 1087 1198 in
1116 1150 1216 1197 terrem
1232 1159 1239 1205 ;
1296 1140 1468 1215 Quapropter
1489 1154 1517 1200 ct
1533 1144 1569 1200 sb
1585 1146 1637 1201 lssc
1660 1145 1830 1216 blasphemis
1842 1146 1968 1217 lingnam
1992 1145 2100 1216 magni·

443 1234 575 1291 conveni
588 1248 683 1306 pscem
698 1231 814 1301 mittere,
834 1232 884 1287 sed
900 1231 1022 1304 gladium
1043 1230 1153 1301 (doctu.
1169 1231 1239 1299 xl.»
1295 1232 1405 1303 loqnem
1428 1246 1584 1304 compesce.
1604 1233 1657 1289 nisi
1680 1234 1751 1289 forts
1769 1235 1922 1290 innumero
1942 1233 2056 1289 illomm
2074 1241 2102 1288 te

443 1320 515 1393 Quid
530 1325 631 1379 csthoc
644 1323 659 1375 ‘l
674 1321 766 1392 Quare
779 1337 833 1392 pax
851 1319 996 1395 gladium?
1010 1335 1094 1392 quere
1114 1336 1169 1391 pax
1184 1318 1242 1375 bel·
1294 1320 1437 1378 constituis
1450 1321 1534 1392 quiin
1560 1321 1625 1387 fine,
1651 1323 1787 1393 justorum
1815 1322 1941 1380 videntes
1966 1322 2101 1395 glorisso,

444 1411 499 1467 lum
514 1408 609 1467 indicit
626 1410 788 1467 iNimirum
803 1418 832 1465 nt
854 1408 1010 1465 destruatur
1038 1424 1092 1482 pex
1119 1406 1236 1464 diaboli.
1294 1424 1384 1466 seram
1403 1419 1430 1465 et
1443 1409 1639 1467 infructuosam
1662 1418 1775 1483 agentes
1800 1411 2006 1483 poenitentiam,
2043 1426 2102 1481 prm

444 1498 612 1556 ltsnetenim
627 1497 787 1556 etdiabolus
801 1513 897 1569 pacem
911 1512 998 1567 susm,
1014 1495 1049 1552 de
1069 1513 1123 1568 qno
1144 1496 1241 1553 Domi·
1295 1499 1421 1570 augustin
1431 1500 1540 1570 spiritns
1554 1508 1696 1572 gementes
1709 1500 1804 1556 dicent
1819 1516 1848 1554 :s
1868 1499 1901 1555 lli
1923 1507 2000 1564 sont,
2025 1515 2101 1571 quos

444 1604 496 1646 nus
513 1588 631 1645 dicitu
656 1588 723 1645 Cum
741 1586 822 1645 lortis
851 1596 970 1643 armatus
992 1588 1110 1645 custodit
1137 1588 1241 1643 atrium
1295 1586 1597 1658 aliquundohahuimus
1611 1588 1640 1642 in
1653 1587 1783 1656 derisum,
1799 1596 1826 1643 et
1840 1588 1870 1643 in
1884 1587 2097 1643 similitudinem
2161 1649 2162 1660 ,

344 1670 345 1682 ¹
442 1678 570 1749 suumin
586 1693 654 1750 pecc
671 1684 734 1733 sunt
757 1692 801 1746 es,
819 1692 880 1748 qne
896 1676 1019 1748 possidet
1039 1677 1117 1748 (luo.
1143 1678 1237 1747 sip.»
1293 1674 1472 1747 improperii;
1489 1691 1538 1732 nos
1551 1676 1679 1731 insensati
1698 1677 1782 1731 sitam
1796 1675 1904 1731 illomm
1935 1675 2101 1731 estimans-
2161 1667 2162 1696 l

442 1765 558 1839 Oquern
573 1773 699 1839 potenter
707 1782 758 1837 per
772 1781 821 1822 vos
835 1764 1041 1821 satellitessuos
1056 1766 1152 1821 utrium
1160 1781 1239 1821 sunm
1294 1763 1545 1832 musinsanlam,et
1559 1764 1640 1820 linem
1664 1764 1772 1821 illomm
1798 1764 1856 1820 sine
1879 1765 1995 1821 honore.
2024 1764 2098 1820 Ecce
2161 1809 2162 1812 η

443 1853 497 1910 hoc
513 1862 636 1924 tempore
650 1852 775 1908 diabolus
788 1852 913 1920 custodit,
944 1853 989 1924 qui
1018 1862 1093 1910 scuto
1116 1852 1240 1908 falsitatis
1294 1853 1433 1923 quomodo
1447 1854 1596 1924 computati
1609 1859 1672 1909 sunt
1686 1854 1756 1909 inter
1781 1852 1853 1909 lilios
1878 1852 1940 1918 Dei,
1969 1860 2000 1908 et
2026 1854 2101 1908 inter
2161 1857 2162 1868 ³

445 1947 472 1997 et
492 1941 574 2015 galee
596 1940 717 2013 perfidiae
734 1940 859 2012 protecti,
883 1942 957 1997 nulla
986 1942 1109 1997 veritstis
1135 1942 1238 2013 jacula,
1292 1949 1402 1998 sanctos
1415 1958 1477 1998 sors
1490 1943 1599 1998 illomm
1614 1946 1669 1999 est.
1688 1943 1764 2015 Ergo
1777 1941 2017 1998 ermvimussvia
2031 1941 2100 1997 veri·

442 2029 517 2086 nulle
530 2029 595 2086 fidei
611 2029 716 2101 spicula
725 2029 867 2085 admittitis
883 2032 991 2087 lPotest
1006 2038 1097 2087 minen
1106 2030 1240 2088 Dominus
1254 2047 1282 2109 Β
1297 2030 1370 2101 tetis,
1385 2040 1413 2087 et
1426 2033 1469 2088 sol
1481 2033 1593 2101 iustitiae
1606 2048 1662 2088 non
1675 2031 1744 2087 luxit
1756 2030 1846 2087 nobis.
1863 2030 1935 2099 Quid
1946 2028 2033 2085 nobis
2041 2046 2101 2101 pro

440 2128 543 2188 noster,
559 2126 653 2190 utpote
668 2118 765 2175 tortior
775 2127 896 2175 comatus
911 2121 1114 2192 superveniens,
1141 2120 1241 2175 torrem
1296 2121 1347 2177 luit
1361 2121 1497 2192 superbia,
1509 2129 1537 2177 et
1551 2121 1707 2177 divitiarum
1733 2120 1864 2190 jactantis
1892 2117 1959 2191 quid
1987 2119 2100 2175 contulit

440 2216 562 2266 uestrum
577 2208 696 2271 vincere.
706 2212 732 2263 et
746 2222 822 2263 arma
836 2207 863 2264 in
877 2208 975 2279 quibus
989 2207 1099 2266 confidit
1113 2208 1239 2265 eudemo.
1295 2210 1375 2265 nobis
1388 2211 1403 2266 i
1415 2210 1594 2266 Transierunt
1607 2209 1699 2265 omnis
1713 2208 1790 2263 velut
1805 2207 1901 2262 umbra
1912 2208 1992 2278 (Sep.
2011 2210 2053 2275 v).
2086 2230 2097 2254 ι

442 2298 505 2355 Non
519 2312 585 2371 ergo
598 2304 721 2353 correcte
743 2296 897 2368 culpemur,
920 2298 943 2353 si
963 2314 1057 2369 pacem
1078 2297 1150 2353 illam
1166 2301 1241 2355 omni
1295 2298 1363 2367 Qnae
1378 2298 1522 2355 nosveshe
1536 2299 1564 2353 io
1578 2297 1713 2353 memoria
1731 2289 1908 2352 adamantino
1931 2295 2095 2359 scribentes,
2161 2329 2162 2354 i

441 2385 514 2443 bello
533 2384 712 2441 crudeliorem
738 2385 916 2453 detestemur,
945 2402 1027 2458 quum
1052 2386 1108 2457 ipsa
1131 2388 1241 2443 Veritas
1294 2403 1404 2443 ornnem
1419 2387 1622 2443 similitudinem
1637 2386 1812 2441 extollentem
1826 2400 1856 2440 se
1871 2385 2006 2440 adversus
2020 2384 2099 2438 reri·

438 2475 698 2547 superllierusslem
714 2474 804 2530 llendo
815 2474 951 2547 reprobet,
968 2475 1078 2531 dicens:
1098 2501 1107 2523 ·
1127 2476 1160 2531 llt
1177 2478 1241 2549 qui·
1295 2484 1378 2532 tatem
1394 2475 1442 2532 liei
1454 2475 1663 2542 contemnimus,
1678 2482 1703 2529 et
1717 2473 1867 2544 gloriantes
1889 2471 1918 2527 in
1937 2471 2094 2526 tribulatio·

438 2562 543 2621 demin
558 2563 610 2620 hac
625 2562 679 2628 die,
692 2579 752 2634 qum
767 2562 905 2634 sdpaoem
921 2562 970 2619 tibi
992 2564 1072 2631 (loc.
1091 2565 1161 2635 xix).
1174 2588 1185 2613 u
1203 2566 1239 2620 Et
1294 2563 1711 2633 nibus,calumniariproscrilii,
1727 2565 1754 2617 et
1769 2560 1955 2627 exterminari,
1974 2559 2094 2631 deniqne
2161 2603 2162 2606 η

440 2668 523 2725 quarn
543 2650 666 2723 psalmus
678 2667 710 2706 :s
728 2650 815 2721 Super
828 2649 935 2723 iniquos
949 2652 1045 2722 zelavi,
1059 2666 1155 2724 pacem
1179 2670 1242 2726 peo-
1295 2654 1382 2710 occidi
1396 2669 1548 2725 possumus,
1563 2652 1635 2708 flecti
1649 2652 1694 2707 vel
1703 2650 1776 2707 vinci
1800 2665 1855 2706 non
1881 2665 2041 2719 possumus.
2064 2649 2098 2703 Et

440 2746 562 2799 cetorum
577 2738 676 2797 ridens
689 2739 782 2809 (Paci.
794 2744 888 2805 cxxii).
904 2761 915 2791 ι
1295 2758 1357 2798 cum
1368 2757 1468 2815 magno
1478 2741 1596 2813 tripudio
1611 2740 1688 2808 illud,
1705 2739 1779 2811 quod
1798 2747 1826 2794 tu
1839 2753 1907 2809 puer
1921 2736 2096 2802 adolescens,
2161 2743 2162 2746 ’

476 2827 581 2899 «Quot
608 2842 672 2885 vero
693 2844 794 2902 papam
819 2828 992 2903 Gregorium,
1014 2846 1109 2905 regem
1134 2830 1243 2888 llodul-
1293 2831 1403 2903 juvenis
1415 2830 1602 2903 frequentatus
1615 2829 1735 2886 nondum
1750 2827 1832 2883 corde
1847 2826 2097 2897 seoexcoocepisti,

439 2917 534 2992 plnum,
558 2916 745 2975 marchionem
767 2917 955 2991 Eggehertum
981 2918 1092 2991 pessimi
1116 2920 1243 2978 interitus
1297 2921 1332 2977 de
1347 2921 1470 2992 patribus
1484 2918 1584 2976 nostris
1599 2918 1781 2987 exsultamus,
1802 2916 1857 2988 qni,
1887 2923 2097 2973 contemnentes

439 3004 756 3071 damnas,etdominum
772 3006 934 3078 tunm,quio
958 3007 1012 3064 illis
1031 3017 1166 3080 superstes
1187 3020 1239 3081 est,
1294 3010 1373 3081 jussa
1387 3009 1719 3081 principum,1neruernut
1733 3005 1847 3077 praemis
1871 3012 1986 3061 esterna.
2015 3005 2097 3060 Porro
2161 3047 2162 3054 ,

440 3092 583 3161 bonificas,
592 3092 677 3163 liquet
684 3092 807 3163 proiecto
815 3095 849 3151 nb
862 3097 936 3151 omni
947 3098 1079 3169 spiritusli
1086 3105 1112 3155 te
1120 3100 1244 3156 conside·
1296 3100 1442 3156 sententias
1456 3105 1516 3154 tuus
1530 3096 1654 3168 diligenti
1669 3095 1826 3153 curiositate
1843 3094 2020 3157 trutinantes,
2030 3108 2097 3163 qus-

441 3180 546 3237 radone
555 3195 796 3239 menerevaeuum.
806 3184 905 3239 Nonne
914 3184 1017 3241 beotius
1031 3195 1070 3242 est
1083 3188 1152 3243 bene
1175 3190 1245 3245 mori
1299 3190 1322 3245 si
1331 3187 1485 3259 spiritualia
1496 3184 1687 3257 spiritualibus
1696 3198 1866 3253 comparare
1881 3182 2016 3238 volumus.
2047 3180 2098 3237 Sed

440 3282 522 3343 quem
531 3268 756 3327 maleviverei·
774 3272 848 3327 Beati
868 3272 940 3329 enim
959 3274 1005 3347 qui
1023 3277 1244 3346 persecutionem
1298 3279 1377 3346 sicut,
1391 3299 1402 3326 o
1417 3284 1446 3332 et
1459 3276 1737 3345 retiquanoupaucs.

439 3487 1380 3524 Μ.-

437 3703 2095 3818 vlunstsssemrouslnsoosasrloslnsnnoaussn.

876 3953 1010 4027 (Eoosnn,
1028 3955 1137 4032 Corpus
1152 3958 1280 4016 historic.
1295 3958 1384 4016 medii
1396 3958 1459 4029 mvi,
1475 3965 1494 4014 t.
1506 3957 1541 4027 ll,
1552 3973 1578 4029 p.
1596 3956 1672 4026 263.)

1152 4143 1415 4155 *—

477 4259 663 4322 serenissimis
672 4261 775 4320 domini
802 4273 903 4325 sanotae
926 4267 1161 4344 Bubsnbergeusis
1185 4273 1241 4330 se·
1259 4257 1398 4344 Coimus,
1419 4284 1447 4331 et
1463 4273 1557 4330 renim
1580 4288 1635 4328 noo
1656 4272 1724 4340 vult,
1742 4269 1837 4327 intime
1855 4285 1905 4326 vos
1917 4285 2061 4341 rogamus,
2078 4276 2105 4322 et

442 4347 912 4422 clesinreverentissimisiratribus,
929 4357 964 4414 G.
980 4359 1011 4415 V.
1032 4359 1244 4434 Niumburgan-
1300 4381 1351 4437 pro
1363 4364 1460 4420 eodem
1475 4363 1603 4419 trstemn
1630 4359 1829 4418 vicissitudinis
1857 4357 1993 4429 obsequio
2012 4372 2105 4412 mone·

443 4437 644 4512 sisepiscopus,
660 4455 723 4498 cum
738 4443 867 4502 orationis
889 4445 1016 4504 instantia
1037 4449 1134 4506 servile
1166 4450 1244 4507 obse
1300 4469 1369 4522 mus,
1388 4460 1522 4524 qnsmnns
1535 4450 1591 4520 ille,
1607 4450 1764 4523 quicunque
1779 4448 1851 4502 inter
1869 4461 1920 4503 vos
1932 4447 2007 4502 hunc
2023 4445 2104 4500 hebet

448 4527 541 4600 quium
555 4544 589 4586 sc
602 4531 778 4602 semetipsum
787 4535 821 4590 ed
832 4535 925 4591 omnia
933 4535 1143 4594 deditissimum.
1299 4548 1471 4612 potestatem,
1481 4541 1509 4595 in
1521 4555 1570 4596 sus
1579 4537 1742 4610 prelatione
1766 4533 1895 4598 notificet.
1909 4534 2042 4604 quoniam
2055 4542 2104 4589 eta

477 4613 634 4673 Fratemum
643 4619 964 4694 estsratrerusdiusere,
981 4639 1129 4698 omnesque
1152 4627 1242 4684 bonos
1301 4628 1433 4684 limitibus
1447 4627 1612 4685 Ecclesinet
1635 4641 1651 4682 a
1675 4623 1797 4681 fidelium
1814 4622 1954 4678 consortio
1972 4622 2104 4677 canonice
2161 4632 2162 4643 ¹

441 4704 572 4771 condecet
580 4705 785 4781 malignantium
800 4708 959 4768 violentiam
976 4715 1147 4786 propulsare.
1161 4717 1243 4772 Noti·
1301 4720 1344 4772 est
1361 4717 1610 4773 excommunicatus
1634 4733 1641 4777 ;
1666 4729 1717 4770 vos
1735 4713 1819 4770 etism
1839 4709 2104 4767 excommunicatum

439 4791 722 4852 fieemnslrstemitati
733 4799 1027 4870 scommaticum
1045 4803 1101 4859 suis
1123 4804 1244 4861 satelliti·
1301 4805 1440 4873 hsbmote,
1456 4813 1485 4861 et
1503 4812 1532 4860 nt
1547 4803 1678 4861 rebellem
1688 4809 1715 4860 et
1730 4801 1924 4874 blesphemum
1941 4798 2103 4869 compellite

444 4881 497 4938 bos
518 4897 608 4940 meam
623 4882 828 4954 preposituram
845 4887 1021 4960 depraedatus
1057 4899 1110 4949 est.
1143 4892 1241 4963 Quem,
1302 4893 1337 4949 ad
1352 4893 1581 4952 satisfactionem.

438 4969 568 5042 quoniam
586 4971 894 5032 canonicisindociisad
915 4977 1127 5038 satisfactionem
1156 4997 1243 5039 voca-

1129 5203 1403 5218 m
