4750 6725
422 583 475 652 Eii
921 576 1078 645 Enbtittttt
1101 528 1380 642 cthtEtssNsts
1405 575 1571 641 thNAClil
2018 584 2072 642 368

426 717 499 780 ditis.
516 737 529 772 s
545 715 663 792 liapiunt
675 713 903 791 igiturhomiuem
918 711 952 768 ad
966 727 1059 784 regem
1082 719 1227 784 egrotum,
1243 707 1271 769 Α
1288 715 1386 765 tentus.
1408 709 1582 767 declamante
1602 719 1693 767 autem
1706 710 1888 782 multitudiue,
1915 714 1991 770 vivet
2017 719 2081 791 cpi·

427 817 454 866 οι
462 806 645 881 pervicaciam
659 804 717 876 ejus
726 805 875 874 exponunt.
899 801 1076 858 contristatus
1103 807 1145 856 est
1166 814 1225 869 rex,
1281 796 1506 868 respuerimus
1533 799 1655 871 episcopi
1678 815 1741 857 cum
1769 801 1853 869 clero,
1876 802 1984 859 sublimi
2013 823 2081 865 voce

427 893 727 972 peneadsuiiusionem
741 890 892 958 oculomm,
921 898 948 946 et
974 888 1042 946 dixit
1070 887 1105 945 ad
1131 904 1193 944 eum
1217 906 1223 942 :
1281 886 1412 958 hymnum
1441 889 1476 945 lc
1498 889 1588 945 Ecum
1611 888 1761 946 laudamus
1786 890 1929 947 decantare
1959 910 2080 968 erepere,

429 984 630 1051 aonnsetme,
645 979 710 1053 quid
724 980 784 1054 agis
797 980 811 1034 ‘l
826 979 880 1036 Cur
893 995 937 1036 me
950 977 1038 1050 poenis
1052 977 1226 1034 aeterniscru-
1280 973 1451 1048 electumque
1475 985 1652 1048 portaverunt
1674 976 1830 1050 pontificem
1865 981 1956 1050 potius
1996 1001 2082 1056 quam

425 1073 553 1131 ciendum
568 1070 653 1128 tradis
665 1069 681 1125 l
693 1069 857 1138 Recordare,
873 1083 963 1139 queso
977 1066 1066 1124 tidelis
1087 1065 1224 1133 amicitie,
1280 1063 1414 1119 duxemnt
1429 1065 1457 1118 in
1471 1064 1589 1122 vicinam
1605 1066 1757 1124 Ecclesiam
1774 1086 1781 1133 ;
1798 1067 1857 1140 ipso
1872 1069 1962 1124 modis
1982 1073 2083 1143 quibus

423 1177 505 1236 quam
518 1167 596 1234 pater
608 1175 686 1215 meus
699 1165 726 1215 et
735 1165 822 1213 mater
831 1172 891 1213 mea
905 1171 972 1228 erga
987 1164 1048 1213 teet
1061 1163 1088 1211 tu
1112 1171 1223 1226 semper
1278 1159 1385 1222 potarat
1398 1153 1550 1223 resistente,
1566 1153 1763 1226 atquadicente
1778 1172 1785 1210 :
1804 1179 1815 1205 ι
1834 1157 1910 1212 Nihil
1938 1167 1978 1216 est
2005 1164 2081 1233 quod

422 1265 489 1319 erga
503 1263 550 1307 eos
564 1245 692 1317 habuisti,
708 1255 735 1303 et
748 1261 798 1319 per
812 1246 900 1318 ipsam
919 1243 1032 1300 obsecro
1046 1259 1081 1299 ne
1110 1243 1224 1313 patieris
1279 1239 1377 1310 facitis,
1388 1241 1455 1298 nibil
1470 1251 1510 1298 est
1525 1243 1598 1315 quod
1613 1243 1711 1299 facitis.
1730 1267 1741 1293 ι
1758 1243 1850 1300 Gestis
1870 1261 1935 1303 vero
1963 1266 2025 1320 quae
2052 1251 2082 1306 in

422 1338 508 1395 filium
520 1353 613 1396 eornm
628 1352 672 1393 mc
687 1335 715 1391 in
729 1349 842 1408 corpore
856 1341 882 1390 et
907 1335 997 1390 anima
1021 1330 1101 1388 simul
1121 1333 1222 1403 perire.
1278 1328 1325 1383 tali
1339 1345 1422 1386 cause
1436 1331 1494 1404 regi
1509 1331 1537 1385 in
1552 1331 1674 1388 Ecclesia
1697 1346 1758 1388 mos
1784 1341 1835 1402 est,
1863 1337 2006 1392 revertitur
2024 1342 2081 1395 hn-

421 1428 516 1486 geg-qus
529 1441 589 1482 sum
604 1425 676 1482 enim
691 1424 766 1496 quod
778 1423 884 1496 peribo,
909 1422 931 1478 si
959 1421 1222 1495 archiepiscopatum
1276 1415 1427 1474 selmusad
1441 1420 1651 1492 regem,diccus
1665 1419 1705 1477 illi
1723 1439 1759 1474 :u
1788 1422 1855 1479 Dico
1878 1423 1936 1490 tibi,
1966 1425 2081 1486 domine

420 1520 449 1574 tn
463 1531 527 1574 meo
542 1513 664 1572 dominio
679 1509 1126 1570 tenensritamliniero.Succu1re
1140 1509 1223 1582 igitur
1276 1520 1334 1577 rex,
1351 1507 1414 1579 quia
1429 1524 1462 1563 ex
1477 1509 1529 1565 hac
1543 1518 1588 1565 tua
1602 1507 1759 1565 infirmitate
1773 1526 1826 1566 non
1841 1513 1964 1570 morieris
1973 1530 2005 1573 ac
2025 1533 2079 1588 pro

420 1605 499 1676 mihi,
521 1617 647 1660 succurre
675 1600 786 1658 domine
813 1601 904 1670 Pater,
927 1605 953 1656 et
979 1598 1085 1670 suscipe
1111 1597 1221 1669 pontiti·
1275 1592 1402 1651 hocrolo
1416 1597 1616 1670 novansquam
1631 1596 1702 1654 bene
1716 1599 1854 1671 corrigere
1872 1603 1974 1674 poteris
2001 1604 2079 1676 quod

419 1702 510 1752 mmm
524 1689 817 1765 pmgujusrecentione
831 1687 912 1743 nimis
933 1687 1096 1757 confundar,
1120 1695 1147 1743 et
1174 1703 1219 1744 re
1275 1681 1310 1737 de
1323 1699 1368 1739 me
1381 1699 1452 1739 nunc
1467 1693 1556 1740 actum
1567 1695 1615 1755 ast,
1632 1686 1695 1756 quia
1715 1702 1767 1744 nec
1780 1690 1903 1745 concessi
1929 1707 1981 1747 nec
2005 1709 2079 1748 con·

419 1781 571 1840 reorneiu
592 1787 723 1836 arternum
750 1777 812 1852 plus
835 1775 1027 1834 confundar.»
1057 1775 1218 1846 compuncti
1273 1771 1352 1838 cedo,
1378 1780 1408 1829 1¹¹
1429 1779 1516 1829 mlum
1531 1774 1604 1829 ⁵¹¹³
1633 1775 1680 1829 ¹¹¹⁵
1709 1775 1798 1846 (fiilis,
1835 1777 1939 1835 ¹0fl¹¹⁰
1968 1796 2078 1853 Em,

417 1879 479 1930 suut
493 1886 527 1928 ex
541 1870 583 1926 his
596 1867 688 1927 serbis
702 1867 803 1939 quique
816 1865 1008 1935 assistentium,
1017 1874 1044 1922 et
1057 1863 1218 1922 anselmum
1272 1857 1402 1918 discessit
1411 1861 1446 1918 ad
1457 1877 1501 1919 eo.
1511 1861 1714 1920 deducentibus
1724 1873 1813 1922 autem
1837 1882 1901 1923 eum
1924 1867 2079 1942 episcopis,

420 1977 450 2017 se
464 1965 649 2026 excusantem,
677 1962 704 2013 et
732 1963 834 2012 tentum
849 1969 917 2011 onus
938 1971 988 2012 nec
1015 1961 1078 2010 tunc
1106 1953 1217 2024 quidem
1271 1964 1335 2004 cum
1349 1957 1405 2006 tota
1418 1951 1496 2024 regni
1518 1950 1669 2022 nobilitate,
1693 1953 1818 2011 cubiculo
1845 1956 1973 2013 excessit.
2006 1958 2080 2015 Con·

418 2047 664 2115 subimvolentem,
678 2043 818 2113 invadunt,
833 2042 897 2100 talia
925 2059 986 2098 cum
1010 2041 1127 2114 quadarn
1149 2041 1421 2124 iudi-Bresusque
1435 2040 1471 2094 ed
1496 2054 1554 2109 eos,
1579 2040 1607 2094 iu
1633 2042 1692 2098 haee
1720 2043 1804 2098 verba
1830 2043 1982 2101 sciscitatus
2010 2056 2077 2104 est:

418 2137 548 2212 guntione
560 2143 587 2192 et
601 2132 807 2193 conturbatione
836 2132 886 2204 ipsi
914 2132 1121 2204 ingerentem·
1151 2129 1220 2201 Que
1277 2126 1462 2200 ¹¹¹¹0¹¹¹E¹¹¹⁵
1475 2128 1710 2200 quidm⁰l¹¹¹¹¹¹¹ii
1724 2130 1888 2188 ¹¹d⁰¹¹¹¹²¹¹¹¹¹
1903 2141 2020 2205 Eurum,
2050 2145 2080 2192 ⁰¹

417 2225 555 2286 dementia
569 2221 713 2296 occuparit
725 2230 846 2279 mentam
863 2220 965 2276 ruamt
985 2220 1089 2293 llegem
1115 2217 1217 2291 turbas,
1273 2215 1393 2271 vetulam
1407 2231 1439 2272 ac
1448 2216 1568 2272 debilem
1581 2231 1663 2274 ovem
1677 2218 1705 2273 in
1720 2227 1811 2278 aratro
1820 2223 2000 2294 conjungere,
2022 2223 2079 2280 sub

415 2315 550 2372 turbatum
565 2311 672 2384 penitus
685 2327 775 2380 necas,
791 2309 900 2382 quando
929 2307 1039 2382 quidem
1066 2307 1142 2364 illum
1158 2306 1218 2378 jam
1272 2302 1414 2377 unojugo,
1430 2303 1582 2376 disponitis.
1598 2307 1633 2362 Et
1647 2306 1713 2378 quid
1727 2307 1792 2363 inde
1808 2311 1950 2380 proveniet
1964 2311 1979 2366 l
1992 2313 2078 2371 ludo·

412 2402 572 2466 morientem
597 2398 742 2458 obstinatia
770 2406 815 2454 tus
828 2398 992 2454 exacerbare
1005 2412 1059 2452 non
1073 2395 1215 2452 formidas.
1271 2391 1380 2448 mabilis
1393 2393 1486 2466 utique
1500 2393 1592 2450 teritos
1606 2394 1675 2450 tauri
1688 2395 1730 2452 sic
1756 2411 1836 2454 ovem
1851 2397 1922 2456 ltnae
1947 2409 1974 2456 et
1996 2401 2078 2458 lactis

413 2491 491 2549 iluna
504 2489 590 2564 igitur
604 2488 673 2545 scias
685 2487 749 2560 quia
763 2501 857 2544 ornnes
871 2485 1096 2559 perturbationes,
1121 2500 1217 2541 omnes
1270 2487 1298 2536 et
1310 2495 1444 2552 ngnmm
1458 2481 1576 2539 fertilem
1590 2499 1641 2555 per
1667 2483 1761 2555 spinas
1788 2494 1815 2542 et
1842 2487 1956 2544 tribulos
1971 2489 2025 2546 hec
2048 2501 2077 2548 et

417 2579 620 2653 oppressiones,
636 2576 728 2634 omnia
742 2575 856 2632 crimina
870 2591 931 2646 quae
945 2575 1074 2646 deinceps
1088 2572 1215 2647 angliam
1269 2568 1334 2626 illac
1348 2579 1466 2640 raptam,
1482 2570 1504 2625 si
1515 2571 1623 2644 jugosa
1637 2587 1693 2629 uon
1721 2575 1880 2646 excusserit,
1900 2576 2074 2648 dilacerabit,

410 2676 548 2742 prement,
564 2667 614 2724 tibi
629 2665 874 2738 imputabuntur,si
889 2671 917 2720 tu
932 2663 1014 2720 hodie
1042 2679 1092 2734 per
1119 2678 1214 2718 susco-
1268 2665 1298 2713 ut
1311 2672 1363 2714 nec
1377 2658 1438 2730 ipsa
1452 2658 1568 2715 sibinen
1582 2660 1674 2728 alicui,
1690 2661 1755 2718 dum
1770 2663 1837 2719 nihil
1866 2665 1961 2722 horum
1985 2667 2074 2724 mirri-

413 2757 534 2831 ptionem
550 2771 624 2814 cum
636 2752 781 2826 pastorali,
795 2753 834 2810 eis
848 2767 901 2810 110„
918 2751 1081 2809 obviaveris,
1108 2773 1120 2801 „
1143 2752 1215 2807 {nter
1267 2753 1353 2803 strare
1367 2747 1479 2817 valebit,
1489 2747 1562 2803 utilis
1576 2749 1686 2806 existat.
1705 2749 1778 2820 Quid
1791 2752 1831 2807 ita
1844 2754 2075 2814 ttncnnsiderate

410 2845 460 2902 has
474 2844 615 2920 angustias
630 2843 735 2915 positus
747 2841 897 2909 Anselmns,
926 2841 1006 2900 rertit
1029 2857 1058 2896 se
1081 2838 1116 2896 sd
1145 2839 1214 2896 cluos
1266 2849 1347 2891 ovem
1364 2845 1440 2894 tauro
1455 2838 1612 2910 copulastis.
1631 2841 1758 2896 aratrum
1777 2841 1926 2899 Ecclesiam
1953 2861 2074 2918 perpen-

411 2933 570 3001 monaehos,
586 2931 632 3006 qui
647 2947 739 2988 secum
754 2939 839 3000 erant,
856 2928 1017 2986 Baldninum
1031 2928 1159 2985 videlicet
1186 2936 1214 2985 et
1267 2923 1332 2994 dite,
1354 2925 1430 2996 juxta
1448 2927 1607 2998 Apostolum
1622 2927 1757 2984 dicentem
1776 2947 1783 2984 τ
1806 2931 1857 2987 Dei
1879 2932 2071 3004 agricultura,

410 3021 599 3091 Eustachium,
615 3019 737 3092 dixitque
752 3018 806 3074 illis
821 3035 829 3072 :
847 3039 859 3072 r
876 3019 934 3073 ΛΜ
951 3017 1048 3074 iratres
1075 3017 1139 3086 mei,
1164 3033 1213 3074 cur
1264 3014 1316 3070 Μ
1327 3013 1556 3084 θᾶὶρθᾱίἱθθῐῑῐῐ
1570 3017 1595 3086 (¹
1609 3015 1673 3073 ⁶0¹·
1689 3033 1731 3084 ¹¹¹·
1748 3017 1787 3090 9)·
1808 3019 1866 3076 1¹⁰⁰
1893 3029 2015 3077 minim
2043 3023 2073 3077 ¹¹¹

409 3109 476 3168 mihi
486 3125 542 3167 nou
551 3107 702 3166 subvenitis
716 3108 731 3162 ‘t
747 3129 759 3156 a
777 3106 852 3163 Dixit
865 3106 917 3163 hoc
931 3106 1006 3178 (ecce
1021 3121 1113 3162 coram
1139 3107 1209 3176 Deo,
1263 3101 1366 3174 Anglia
1379 3103 1440 3159 Duo
1456 3103 1542 3160 boves
1556 3105 1662 3161 crateris
1678 3105 1865 3178 precellentes
1881 3111 2004 3183 regendo
2019 3119 2074 3167 tra·

410 3199 475 3274 quia
490 3215 544 3256 non
558 3197 685 3269 mentior)
697 3196 724 3252 in
739 3203 822 3265 tanta,
838 3194 908 3252 sieut
930 3193 1069 3252 nilinnara
1095 3195 1207 3267 solebat,
1263 3188 1341 3260 hunt,
1357 3198 1384 3247 et
1398 3191 1532 3250 trahendo
1546 3201 1654 3264 regunt,
1670 3195 1854 3253 rexvidelicet
1885 3207 1913 3254 et
1933 3199 2073 3272 archiepi-

410 3289 547 3345 anxietate
559 3285 728 3355 constitutus,
744 3291 773 3341 ut
793 3285 816 3340 si
845 3283 870 3340 ei
898 3290 961 3340 tunc
984 3283 1059 3356 optio
1085 3283 1207 3354 deretur,
1263 3293 1362 3351 scopus
1376 3280 1593 3337 cantuariensis.
1610 3282 1795 3341 lstesaeculari
1805 3284 1908 3356 justitia
1928 3297 1955 3344 et
1979 3289 2070 3361 impe·

408 3378 494 3435 muno
508 3376 597 3433 laetius
624 3374 700 3433 sal„
722 3374 873 3432 merentia
900 3372 1045 3431 ,olamans
1066 3373 1115 3430 nei
1139 3374 1207 3431 mori
1223 3418 1249 3483 C
1264 3368 1305 3425 rio
1322 3387 1329 3438 3
1345 3370 1392 3426 illa
1405 3370 1632 3428 diviuadoctrina
1642 3380 1669 3428 et
1677 3373 1844 3447 magisterio.
1862 3376 1964 3433 Horum
1985 3376 2071 3435 boum

410 3466 537 3539 eligeret,
546 3481 627 3537 quam
646 3462 894 3535 archiepiscopatus
908 3461 1041 3536 dignitate
1055 3463 1206 3519 sublimari.
1266 3474 1343 3527 unus,
1354 3458 1457 3515 scilieet
1472 3459 1638 3516 Lonsrancus
1647 3460 1868 3535 archiepiscopus
1880 3474 2068 3531 mortuusest;

409 3554 559 3629 Respondit
572 3553 663 3625 itaque
676 3551 823 3608 halduinus
839 3569 844 3606 :
864 3572 876 3603 ι
902 3550 931 3609 Si
945 3551 1073 3608 voluntas
1101 3551 1149 3607 Dei
1172 3559 1212 3608 est
1265 3554 1291 3603 et
1305 3546 1374 3602 alius
1389 3547 1557 3603 ferocitatem
1572 3548 1748 3606 indomabilis
1762 3552 1830 3607 tauri
1858 3554 1984 3611 obtinens
2008 3556 2070 3626 jam

408 3644 483 3701 utica
498 3642 555 3713 ssat,
570 3656 621 3698 nos
636 3640 681 3715 qui
696 3641 834 3697 voluntate
847 3638 899 3697 Dei
927 3640 1171 3696 contradicamus?
1197 3662 1208 3689 a
1264 3635 1506 3707 invenituraratro
1523 3636 1660 3708 praelatus,
1677 3646 1704 3694 et
1717 3654 1767 3696 ros
1788 3641 1848 3697 loco
1862 3644 1960 3708 mortui
1985 3645 2070 3701 bovis

409 3732 479 3804 Quoe
492 3729 577 3789 verba
591 3729 729 3803 lacrymae,
745 3736 772 3785 et
799 3728 933 3801 lacrymas
959 3728 1071 3801 sanguis
1092 3728 1210 3785 ubertim
1264 3740 1309 3781 mc
1323 3725 1441 3782 vetulam
1456 3740 1488 3781 ac
1502 3724 1622 3782 debilem
1643 3742 1724 3784 orcrn
1753 3745 1814 3784 cum
1837 3730 1969 3790 indomito
1990 3744 2069 3793 tauro

407 3834 498 3878 mm
519 3817 630 3875 naribus
651 3816 722 3872 illius
746 3818 884 3888 prolluens
911 3824 1017 3872 secutus
1045 3824 1094 3885 cst,
1119 3817 1211 3887 paiam
1264 3813 1431 3887 conjungere
1445 3813 1527 3871 vultis
1541 3814 1638 3883 lQuae
1655 3816 1727 3886 dieo,
1757 3818 1823 3873 satis
1851 3819 2012 3895 intelligitis,
2042 3816 2075 3883 et'

310 3932 312 3938 r
407 3908 512 3965 cunctis
527 3906 672 3964 ostendens
685 3920 719 3961 ex
735 3921 787 3975 qua
801 3904 891 3961 cordis
905 3904 1074 3983 contritione,
1090 3921 1150 3960 cum
1172 3906 1211 3960 la·
1264 3918 1297 3959 ea
1311 3903 1416 3976 requid
1440 3902 1483 3959 cui
1511 3902 1603 3960 velitis
1628 3905 1763 3962 associare
1791 3906 1889 3963 vellem
1913 3912 2069 3969 considera-

408 3995 509 4067 crymis
522 3992 605 4051 rerba
619 3991 783 4063 pmdierint.
799 3991 1209 4063 duditohujusmodiresponso,
1264 3991 1339 4061 retis,
1356 3992 1560 4048 considerantes
1584 3991 1619 4048 ab
1640 3992 1762 4065 iucoepto
1788 3995 1965 4056 desisteretis.
1988 4000 2069 4071 Quod

410 4080 555 4141 anselmus
571 4096 577 4133 :
597 4102 608 4130 ι
626 4080 685 4149 Vae,
701 4081 862 4153 quamcito,
891 4080 989 4153 inquit,
1014 4078 1128 4137 baculus
1150 4089 1211 4138 tuus
1263 4080 1286 4135 si
1301 4095 1355 4137 non
1371 4080 1508 4150 desistitis,
1524 4096 1559 4137 en
1573 4082 1693 4153 predico
1708 4082 1786 4140 vobis
1800 4086 1865 4157 quia
1880 4104 1933 4157 me,
1950 4090 1986 4146 de
2014 4108 2068 4163 quo

410 4171 564 4229 confractus
578 4176 627 4227 est.
645 4190 657 4217 n
675 4168 798 4224 Sentiens
812 4184 877 4241 ergo
896 4184 947 4225 rex
974 4170 1048 4240 quod
1075 4169 1211 4225 incassum
1262 4166 1355 4224 lanam
1370 4177 1397 4225 et
1409 4167 1452 4225 lae
1467 4169 1542 4226 verbi
1557 4169 1616 4239 liei,
1628 4178 1656 4226 et
1677 4185 1764 4243 agnos
1781 4173 1810 4227 in
1830 4175 1968 4232 servitium
1997 4180 2066 4250 ejus,

408 4258 623 4317 laboromnium
638 4255 853 4328 expendebatur,
870 4256 1094 4329 praecepiteisut
1117 4274 1211 4315 omues
1262 4256 1504 4329 nonnullipossent
1516 4257 1617 4314 habero
1627 4258 1717 4328 (extra
1731 4275 1813 4333 quam
1842 4264 1924 4321 modo
1952 4268 2066 4339 putetis)
2172 4309 2173 4316 .

406 4349 442 4406 ad
456 4348 539 4421 pedes
552 4346 682 4405 caderent
695 4346 717 4401 si
732 4345 801 4402 torte
815 4345 859 4404 rel
873 4345 910 4402 ita
938 4346 972 4402 ad
987 4346 1211 4403 consentiendum
1262 4346 1340 4419 regia
1354 4346 1448 4402 feritas
1461 4345 1602 4404 dirersish
1617 4362 1647 4402 se
1661 4346 1801 4420 fatigatum
1810 4350 1916 4423 injuriis
1929 4357 2068 4427 opprimet

407 4436 474 4495 illici
481 4444 582 4509 posset.
599 4436 654 4491 Sed
664 4434 731 4507 quid
748 4434 931 4491 lCadcntibus
945 4434 1009 4505 illis,
1027 4436 1125 4492 cecidit
1152 4436 1211 4507 ipse
1263 4443 1289 4490 et
1302 4434 1444 4508 gaudium,
1460 4436 1534 4508 quod
1548 4435 1795 4509 nuncdemequasi
1817 4455 1867 4512 pro
1891 4442 2068 4503 relevationis

408 4527 575 4598 coramejus,
592 4540 666 4581 neca
679 4523 767 4596 prima
781 4523 913 4580 sententia
924 4540 973 4580 sue
987 4524 1085 4581 cadere
1112 4526 1208 4581 voluit.
1264 4532 1359 4581 restrae
1372 4539 1420 4596 spe
1434 4540 1483 4581 vos
1498 4531 1571 4581 tonet
1584 4523 1764 4597 multos(cum
1779 4527 1847 4584 nihil
1860 4533 1982 4589 consueti
1996 4549 2066 4592 cou—
2172 4597 2173 4600 Ἴ

408 4614 503 4685 Atilii,
520 4613 631 4670 animati
647 4613 759 4683 ineum,
775 4628 857 4685 seque
871 4613 1015 4684 ipsos,pro
1030 4628 1107 4669 more
1129 4630 1210 4685 quam
1263 4612 1316 4667 silli
1331 4619 1377 4667 aut
1391 4612 1491 4683 sperati
1502 4613 1650 4685 anxiliiper
1663 4630 1708 4671 me
1724 4614 1983 4695 haberepotuerint)
2005 4640 2066 4681 cer·

409 4702 610 4777 objectionibus
624 4702 709 4772 ipsius
723 4700 969 4773 intendendopassi
993 4710 1064 4770 sunt,
1093 4702 1211 4775 ignariae
1263 4717 1323 4756 sum
1340 4700 1368 4755 in
1392 4700 1546 4757 moestitiam
1577 4702 1699 4759 dolentes
1721 4700 1832 4761 efficiet.
1862 4707 1957 4781 quue
1984 4713 2068 4783 proli-

409 4792 612 4865 redarguentes,
628 4791 735 4863 virgam
750 4790 803 4846 huc
817 4788 992 4861 pastoralem,
1014 4790 1130 4863 virgam,
1156 4792 1210 4849 cla·
1224 4774 1252 4837 D
1265 4790 1342 4847 cietis
1354 4798 1383 4846 ut
1397 4790 1546 4847 Ecclesiam
1560 4806 1642 4861 quarn
1656 4792 1780 4850 revelare
1795 4809 1812 4849 a
1838 4794 1980 4869 viduitate,
2007 4808 2068 4857 tan-
2172 4791 2173 4804 ¹

410 4882 518 4949 mitent,
534 4880 707 4953 pastoralem.
724 4878 758 4934 Et
771 4885 879 4951 arrepto
894 4876 1007 4935 brechio
1018 4878 1077 4949 ejus
1102 4880 1208 4951 dextro,
1264 4888 1357 4951 topere
1372 4878 1504 4951 satagitis,
1524 4878 1610 4934 relahi
1634 4879 1661 4934 in
1675 4878 1834 4938 viduitatem
1849 4884 1931 4941 etiam
1956 4889 2068 4948 virente

409 4970 457 5026 alil
465 4967 628 5024 renitentem
643 4967 759 5036 trahere,
771 4965 817 5022 alii
844 4966 994 5037 impellere,
1019 4966 1143 5039 lectoque
1167 4968 1210 5039 js·
1263 4977 1371 5041 pastore
1384 4984 1444 5037 suo,
1466 4967 1540 5040 quod
1569 4969 1647 5040 pejus
1674 4979 1725 5039 est,
1749 4971 1913 5045 quandoque
1937 4981 2067 5036 cernatis.
2172 4987 2173 4998 ¹

406 5056 491 5114 acutis
506 5064 644 5127 cuperant
658 5053 806 5125 applicare.
824 5056 899 5128 Rege
921 5063 1010 5112 antem
1030 5056 1054 5111 ei
1082 5054 1209 5113 baculum
1263 5058 1297 5113 Et
1312 5060 1371 5114 haec
1384 5056 1466 5125 mala,
1483 5056 1582 5128 quibus
1606 5056 1820 5130 imputabuntur,
1843 5062 1894 5117 nisi
1920 5064 2001 5122 robis
2019 5070 2068 5141 qui

375 5137 380 5148 '
406 5146 572 5218 porrigente,
589 5158 699 5200 manum
714 5152 809 5200 contre
820 5144 918 5201 clausit
933 5152 959 5200 ct
983 5161 1044 5200 enm
1073 5145 1210 5217 suscipere
1265 5156 1319 5203 tem
1333 5146 1535 5203 inconsiderate
1542 5146 1614 5218 regis
1628 5145 1763 5203 feritatem
1773 5157 1800 5204 et
1819 5165 1909 5207 meam
1936 5153 2068 5213 imbecil-

407 5248 580 5307 nequaquam
601 5230 746 5289 consensit.
768 5232 894 5305 Episcopi
923 5248 986 5290 vero
1022 5233 1125 5307 digitos
1150 5234 1211 5305 ejus
1263 5234 1367 5293 litatem
1397 5233 1603 5306 conjunxistis?
1631 5234 1698 5291 Cum
1728 5236 1820 5309 igitur,
1840 5254 1885 5296 me
1921 5258 2066 5318 oppresso,
2172 5251 2173 5254 ’

408 5318 1008 5394 strictimrolaeinfixoserigereconatisunt,
1026 5338 1079 5394 quo
1102 5322 1145 5380 rel
1171 5323 1211 5379 sic
1264 5324 1355 5381 nullus
1381 5340 1413 5381 ex
1439 5324 1517 5381 robis
1541 5323 1630 5391 fuerit,
1656 5324 1702 5397 qni
1730 5324 1755 5380 ei
1779 5326 1807 5381 iu
1836 5327 1928 5402 aliquo
1965 5336 2068 5393 audeat

408 5409 983 5483 manniejusbaculnsingereretur:rerum
994 5410 1092 5467 cumin
1107 5412 1211 5468 hocco-
1263 5414 1384 5483 obviare,
1401 5428 1451 5471 ros
1471 5428 1579 5485 quoque
1590 5412 1684 5485 procul
1699 5412 1929 5487 dubioprolibitu
1943 5435 1997 5479 sun
2010 5441 2067 5482 non

308 5514 311 5521 ’
406 5516 501 5565 natum
510 5524 589 5564 suum
604 5506 762 5580 aliquandiu
771 5508 872 5564 frustra
880 5508 1076 5580 expenderent,
1097 5517 1123 5566 et
1150 5510 1210 5581 ipse
1263 5511 1399 5569 dubitabit
1424 5510 1544 5584 undique
1564 5509 1734 5568 conculcare.
1761 5534 1773 5560 ι
1802 5513 1868 5571 llaec
1895 5515 2000 5589 dicens,
2034 5540 2068 5582 ne

405 5620 611 5679 prosua,quam
621 5604 1210 5676 patiebatur,laesionererhadolantisaede-
1264 5610 1468 5683 erumpentibus
1487 5608 1616 5683 lacrymis
1642 5607 1765 5666 dolorem
1805 5612 1896 5668 cordis
1935 5615 2068 5677 simulare

404 5712 456 5775 ret,
473 5703 592 5773 tandem,
607 5702 696 5759 indice
712 5703 1080 5775 levato,sedprotinusohco
1095 5704 1209 5773 reflexo,
1264 5726 1321 5766 non
1342 5708 1444 5779 ralcns,
1468 5707 1504 5764 ad
1540 5706 1687 5780 hospitium
1709 5722 1798 5781 suum,
1833 5708 1949 5769 dimissa
1972 5718 2062 5790 curin,

406 5797 506 5857 clausae
515 5798 606 5855 manui
614 5799 673 5869 ejus
687 5799 800 5856 baculus
814 5799 954 5872 appositus
968 5806 1017 5868 est,
1047 5808 1073 5857 et
1101 5801 1211 5873 episco-
1266 5797 1352 5857 radit.

402 5894 805 5975 porummanibuscumcadem
813 5903 1211 5971 manucompressusatquare·
1300 5896 1375 5954 Acta
1388 5898 1514 5954 sunthao
1527 5909 1600 5954 anno
1612 5893 1811 5953 iucarnationis
1829 5896 1983 5958 Domiuicae
2003 5899 2067 5958 rnil-
