4750 6725
412 572 464 631 127

704 583 738 644 S.
755 587 908 643 tnsatut
927 587 1100 645 CANTUAE.
1122 588 1286 647 suculae.
1303 593 1383 657 OPP.
1402 600 1494 659 PARS
1509 601 1557 659 111.
1575 634 1610 646 -
1624 604 1811 662 EPISTOLAE.

2015 611 2069 667 tte

413 701 547 771 possibile
561 713 612 773 est,
629 708 685 764 Deo
700 710 854 782 adjuvante,
872 712 1001 769 radicitus
1017 714 1148 770 dedomo
1164 715 1212 769 Dei
1228 715 1254 776 Α
1268 720 1309 776 sic
1319 738 1362 778 me
1372 725 1424 781 elia
1439 725 1509 783 bona
1524 727 1605 785 officii
1620 731 1673 785 mei
1703 730 1807 786 taciens
1835 746 1851 787 a
1877 734 2071 789 communione

413 791 583 862 extirpentur
616 806 643 851 et
667 800 851 856 excludantur.
883 802 947 858 Scio
975 803 1037 875 quia
1064 802 1096 832 ‘⁸'
1113 803 1214 875 singuli

415 889 535 935 nostram
565 883 726 941 desideratis
748 889 972 959 absolutionem;
1001 893 1050 946 aod
1088 894 1215 963 quoniam

414 964 596 1034 singulisboc
613 968 705 1024 tacere
733 971 799 1025 mibi
830 990 909 1030 nunc
928 976 1059 1045 possibile
1083 993 1136 1033 non
1164 984 1217 1041 est,

415 1054 544 1109 omnibus
559 1056 638 1110 vobis
653 1057 703 1113 Dei
718 1068 744 1114 et
759 1069 893 1125 nostram,
909 1065 1078 1134 quantumin
1095 1082 1142 1121 me
1165 1070 1217 1137 est,

414 1149 488 1210 opto,
505 1158 562 1208 oro,
580 1146 689 1211 mando,
700 1148 901 1207 absolutionem
927 1163 955 1207 et
983 1153 1216 1211 benedictionem.

413 1224 591 1294 Disciplinam
617 1230 721 1285 ordinis
736 1235 820 1287 vestri
840 1252 949 1306 semper
977 1247 1091 1293 amate:
1121 1254 1217 1307 pacem

415 1312 550 1369 intervos
574 1324 600 1371 et
626 1319 809 1375 obedientium
825 1323 859 1377 ad
884 1325 1000 1393 priorem
1026 1326 1221 1383 inviolabiliter

415 1411 532 1457 servate.
549 1405 680 1462 Dominus
696 1410 732 1463 sit
747 1427 856 1482 semper
868 1413 1019 1469 vobiscum.
1044 1417 1141 1471 Amen.

663 1533 838 1590 deistunt
859 1537 907 1592 XC
921 1541 964 1591 ⁴¹¹.

627 1636 747 1677 ansaarn
776 1640 812 1679 nn
836 1641 998 1682 annuarum.

658 1710 790 1780 Eiusdem
805 1718 980 1784 argumenti.

453 1793 608 1851 Ansaauus
618 1800 840 1872 archiepiscopus
853 1805 1005 1860 reverendo
1020 1804 1219 1861 etcbarisaimo

418 1880 508 1951 tratri,
524 1883 624 1940 domno
643 1887 725 1957 priori
739 1890 881 1960 Ennnnro,
906 1893 1023 1949 sulutem
1049 1902 1076 1948 et
1103 1893 1218 1967 gratiam

417 1967 480 2024 Dei.

1269 810 1400 868 malornm
1415 815 1577 875 abstineam.
1593 827 1775 889 conqueretur
1787 836 1837 875 rex
1852 835 1913 876 cum
1938 822 2071 878 omnibus

1270 899 1444 973 episeopiset
1460 906 1626 975 principibus
1640 908 1706 974 suis,
1723 913 1781 978 (11)
1810 910 1871 979 quia
1901 925 1962 965 erim
1991 910 2071 965 ilium

1270 1001 1402 1047 coronare
1432 995 2074 1073 nolo,anteroeicerenaesuenonorem,quarn

1270 1077 1294 1133 ei
1309 1079 1410 1147 primas
1425 1084 1502 1153 regni
1518 1086 1557 1137 sui
1573 1084 1713 1156 dabetper
1725 1088 1959 1143 consuetudinem.
1983 1089 2064 1146 Unde

1268 1164 1371 1234 justum
1387 1169 1441 1223 illis
1451 1171 1599 1240 videbitur,
1611 1181 1637 1228 et
1659 1189 1741 1244 opere
1760 1175 1944 1243 complebunt,
1965 1182 1994 1231 ut
2023 1178 2073 1233 di-

1271 1254 1362 1325 gnitas
1379 1258 1507 1314 Ecclesiae
1521 1269 1619 1317 nostrae
1632 1262 1667 1316 ad
1682 1263 1764 1317 sliam
1777 1264 1931 1319 Ecclesiam
1947 1266 2072 1321 transle-

1273 1350 1355 1397 ratur.
1372 1344 1450 1414 Quod
1465 1364 1525 1402 cum
1537 1349 1589 1416 liat,
1607 1366 1651 1405 me
1672 1351 1790 1419 vivente,
1813 1351 1840 1406 in
1856 1368 1953 1425 regno,
1978 1370 2073 1427 neque

1271 1447 1320 1500 per
1335 1449 1377 1487 me
1387 1442 1430 1489 aut
1446 1451 1497 1505 per
1511 1436 1592 1491 elium
1609 1439 1754 1507 probibere
1779 1448 1883 1512 potero.
1896 1440 2075 1498 confirmabi·

1273 1524 1317 1575 tur
1328 1522 1459 1579 ecclesie
1474 1534 1575 1583 nostrae
1587 1527 1767 1584 intolerabilis
1796 1530 1961 1586 imminutio.
1990 1530 2075 1601 Quod

1271 1618 1359 1665 autam
1384 1613 1477 1668 dicunt
1500 1616 1571 1686 quod
1592 1632 1644 1671 non
1669 1619 1820 1689 oportuerit
1845 1635 1906 1674 eum
1937 1634 1988 1691 pro
2015 1636 2074 1677 uno

1272 1700 1356 1755 verbo
1370 1700 1480 1773 lugere,
1496 1704 1540 1775 qni
1562 1722 1639 1759 suurn
1653 1707 1815 1778 sanguinem
1832 1722 1883 1778 pro
1898 1708 1994 1765 ovibus
2016 1710 2077 1765 suis

1272 1796 1299 1842 et
1313 1804 1363 1858 pro
1378 1791 1496 1846 Ecclesia
1514 1793 1563 1847 Dei
1589 1794 1717 1848 debuerit
1745 1792 1894 1863 effundere,
1922 1798 1985 1852 dieo
2014 1798 2080 1869 quia

1272 1887 1379 1933 nonest
1394 1880 1643 1950 parvipendendum
1660 1882 1727 1937 iilud
1738 1884 1860 1947 verbum,
1879 1884 1907 1939 in
1938 1901 1992 1956 quo
2022 1894 2080 1942 tem

1271 1968 1368 2039 gravia
1380 1968 1450 2023 mala
1462 1970 1637 2027 continentur
1651 1986 1710 2043 quie
1731 1972 1788 2040 jem
1803 1971 1859 2028 dixi
1883 1971 1926 2042 ⁴¹⁴,
1958 1974 1986 2029 in
2017 1992 2083 2045 quta

456 2059 536 2127 Quod
555 2078 604 2117 vos
625 2071 650 2117 et
675 2066 755 2121 amici
782 2067 868 2123 nostri
897 2068 995 2125 doletis
1016 2070 1078 2143 quia
1110 2056 1584 2133 redienssssiflellfflffllssfllffi*
1609 2076 1678 2117 Μ
1705 2069 1732 2115 θῑ
1752 2060 1810 2116 Βῑῦθ
1834 2061 1999 2119 ἀθῑῐῑῐῃθῦω
2028 2065 2080 2121 Εὖ·

420 2147 548 2204 Romaiu
563 2152 690 2224 Angliam
704 2171 757 2209 non
774 2157 846 2221 veni,
859 2159 913 2214 boc
930 2159 994 2214 tacit
1009 2159 1118 2216 dilectio
1134 2178 1142 2223 ;
1171 2160 1220 2216 sad

420 2237 494 2306 quod
509 2242 673 2307 pastoralem
689 2258 782 2299 auram
796 2246 854 2301 sine
871 2247 926 2302 ulia
940 2249 1046 2303 ratione
1068 2249 1222 2320 relinquere

420 2324 523 2392 videor,
541 2343 596 2383 non
612 2330 665 2386 boc
678 2335 814 2389 aestimaut
828 2336 966 2405 sapientes
984 2337 1103 2410 religiosi
1124 2339 1223 2408 quibus

421 2429 478 2468 rem
494 2417 619 2483 ostendo,
635 2436 724 2489 neque
744 2438 795 2494 ego
819 2424 955 2495 intelligo.
984 2426 1044 2481 Non
1073 2426 1145 2481 enim
1169 2442 1223 2497 ego

422 2516 494 2564 earn
511 2514 641 2573 quantum
656 2506 683 2561 in
699 2524 743 2564 me
757 2518 809 2580 ast,
827 2511 961 2583 relinquo,
976 2513 1025 2567 sed
1045 2512 1085 2567 ibi
1100 2514 1146 2567 ubi
1161 2530 1223 2568 eam

420 2606 464 2643 me
475 2606 606 2649 exercere
620 2605 768 2666 oporteret,
784 2601 941 2655 conversari
957 2603 1093 2667 sicutvos,
1109 2602 1131 2657 si
1155 2602 1223 2657 dili·

420 2685 521 2750 genter
534 2681 683 2747 intenditis,
699 2700 863 2758 cognoscere
878 2690 1001 2758 potestis,
1018 2706 1134 2762 nequeo.
1165 2695 1223 2746 Au-

418 2766 498 2823 distis
513 2770 587 2824 enim
601 2774 700 2841 quibus
714 2791 748 2829 ex
772 2786 910 2847 precepto
926 2779 1048 2847 Apostoli
1068 2782 1224 2835 communi·

420 2869 484 2910 care
499 2874 552 2913 non
569 2861 668 2930 possim
684 2862 744 2918 sine
759 2865 858 2919 animae
869 2883 936 2921 rneae
949 2867 1090 2937 periculo;
1109 2884 1223 2939 quorum

420 2947 640 3002 communionem
677 2952 737 3023 regi
765 2955 984 3020 communicans,
1013 2957 1077 3010 dum
1107 2957 1166 3026 ipse
1183 2958 1224 3013 eis

420 3034 612 3104 communicat,
628 3037 714 3092 vitare
729 3055 782 3094 non
805 3044 895 3097 valeo.
923 3043 974 3097 Hie
1002 3045 1157 3100 consideret
1178 3046 1226 3100 eli·

421 3121 480 3189 quis
495 3122 559 3191 quid
574 3123 662 3180 lacere
679 3128 778 3196 possim
794 3128 838 3201 ⁴⁸⁸,
853 3147 914 3186 cum
930 3132 1036 3187 veniam
1065 3134 1099 3188 ad
1129 3151 1223 3206 regern

422 3212 620 3272 coronandum.
631 3224 657 3268 et
672 3218 783 3271 missam
799 3218 957 3286 celebrabo,
973 3226 1000 3274 et
1015 3220 1066 3290 ipsi
1082 3222 1153 3277 circa
1176 3238 1225 3278 me

423 3307 510 3353 erunt.
528 3300 607 3355 Certe
622 3303 684 3357 illos
697 3305 833 3374 expellere
849 3324 964 3380 nequeo,
983 3324 1046 3364 oum
1063 3309 1116 3365 illis
1145 3325 1225 3367 orare

1275 2147 1365 2203 olesiae
1381 2146 1446 2201 mibi
1460 2147 1613 2203 commissae
1627 2148 1780 2205 nullatenus
1795 2166 1838 2205 me
1851 2166 1962 2219 possum
1991 2152 2076 2223 inge-

1276 2252 1348 2293 rere.
1369 2236 1496 2307 benique
1510 2252 1565 2291 uon
1578 2237 1660 2293 timeo
1674 2238 1817 2310 sanguinis
1832 2236 2004 2308 effusionem,
2026 2249 2079 2297 aut

1277 2326 1426 2397 quamlibet
1436 2325 1558 2395 corporis
1571 2326 1624 2380 mei
1653 2324 1886 2389 destructionem,
1912 2336 1958 2383 aut
1980 2344 2075 2385 rerum

1275 2415 1463 2470 amissionem.
1480 2413 1547 2483 Qnaa
1557 2416 1579 2469 si
1591 2430 1716 2484 personae
1731 2431 1798 2471 meas
1812 2416 1960 2482 evenirent,
1982 2416 2077 2473 liben-

1276 2513 1316 2559 ter
1331 2512 1437 2573 paterer
1452 2511 1564 2573 propter
1584 2502 1706 2559 veritntis
1734 2503 1921 2560 assertionem.
1951 2507 1984 2560 111
2006 2506 2076 2562 nibil

1277 2594 1373 2647 horum
1390 2606 1472 2660 super
1485 2591 1619 2647 mecedet
1633 2611 1641 2657 ;
1657 2592 1706 2647 sad
1726 2592 1878 2649 Ecclesiam
1896 2602 2017 2649 nostram
2048 2603 2078 2650 et

1276 2680 1400 2737 homines
1415 2681 1449 2736 ad
1462 2695 1521 2734 carn
1536 2678 1715 2751 pertinentes,
1730 2681 1752 2734 si
1780 2680 1806 2736 in
1834 2681 1939 2754 Augila
1965 2682 1997 2711 ‘⁸⁸
2010 2699 2076 2739 cum

1277 2769 1660 2842 regccontenderem.gravis
1683 2770 1825 2839 oppressio
1846 2770 1955 2839 trustra=
1975 2783 2074 2829 conte-

1277 2866 1362 2923 reret,
1378 2868 1405 2914 et
1433 2858 1576 2913 mnlntndo
1602 2864 1762 2913 vexatorum
1784 2858 1819 2914 ad
1845 2859 1955 2930 eulpam
1984 2877 2075 2917 meam

1276 2962 1413 3005 aerumnas
1423 2963 1497 3010 suas,
1513 2962 1556 3001 mc
1572 2946 1749 3009 exsecrando.
1775 2956 1954 3005 converteret.
1978 2950 2076 3006 ttelins

1277 3038 1368 3108 itaque
1384 3036 1449 3090 mibi
1465 3036 1571 3090 videtur
1584 3044 1613 3089 ut
1624 3051 1667 3090 me
1694 3035 1810 3092 absente
1831 3037 1956 3108 quelibet
1985 3038 2077 3094 tribu-

1277 3126 1348 3189 istis,
1365 3125 1387 3178 si
1401 3123 1480 3179 vitari
1496 3123 1597 3193 nequit,
1609 3122 1635 3177 in
1652 3124 1746 3191 dngba
1761 3126 1968 3193 debacoebetur,
1994 3143 2076 3197 quam

1278 3232 1329 3286 per
1345 3211 1615 3282 meampraesentiam
1633 3196 1718 3265 400
1734 3206 2078 3286 ettolerantiam'quaelibet

1277 3319 1360 3376 prava
1375 3301 1542 3359 consuetudo
1556 3300 1583 3355 in
1598 3300 1716 3355 laturum
1732 3300 1909 3357 confirmetur
1923 3312 1988 3370 ;sut
2001 3304 2076 3358 mul-

419 3401 475 3442 non
499 3389 599 3456 audeo,
625 3393 683 3464 regi
706 3396 865 3452 subtrahere
891 3397 999 3453 solitum
1029 3398 1149 3454 officium
1169 3416 1222 3454 nnn
1239 3423 1263 3486 C
1278 3394 1363 3448 titt¹d0
1379 3392 1583 3458 hominemne
1598 3389 1756 3457 θὸβῑΰῑθῡῑθι
1774 3400 1885 3462 l³¹'⁰l³¹er
1909 3409 1953 3448 ¹¹¹⁰
1983 3393 2073 3448 Uibu·

420 3475 519 3540 debeo,
547 3480 675 3548 quonium
695 3483 823 3538 dominus
842 3499 913 3555 pape
934 3487 1009 3541 etilli
1030 3487 1164 3556 concedit,
1188 3495 1216 3544 et
1278 3484 1410 3538 lationem
1426 3496 1455 3536 ὅθ
1470 3480 1524 3549 pati
1536 3480 1694 3534 'flfflffllleffls
1699 3519 1706 3532 ·
1722 3479 1751 3534 Sl
1763 3479 1892 3549 ⁰bj¹⁰l¹t¹l
1902 3480 2076 3553 (1110(11111111ι

419 3563 499 3630 milri,
517 3575 545 3620 ut
562 3567 660 3624 iactam
676 3572 700 3624 si
710 3588 832 3642 praesens
844 3591 918 3640 sum,
936 3575 1067 3645 praeeipit.
1094 3576 1122 3630 Si
1149 3577 1217 3631 milri
1270 3579 1311 3627 ast
1325 3570 1452 3624 damnum
1468 3569 1619 3623 animarum
1649 3567 1721 3639 quod
1751 3570 1889 3641 continget
1908 3569 1941 3600 ‘⁸'
1961 3579 2078 3642 pmpter

419 3652 489 3708 dixit
502 3653 534 3683 ‘⁸'
551 3664 579 3711 ut
593 3657 668 3714 dorni
684 3676 818 3728 maneam,
836 3663 871 3717 ad
886 3664 991 3719 curiam
1020 3681 1074 3720 non
1095 3681 1165 3732 earn,
1191 3671 1218 3722 at
1272 3677 1361 3716 meam
1376 3658 1539 3724 absentiam,
1555 3672 1636 3729 quam
1645 3656 1745 3711 maium
1757 3657 1906 3729 temporale
1917 3659 1990 3732 quod
2010 3675 2078 3716 con-

1069 3781 1186 3835 VARlAE
1220 3778 1425 3836 Lectiones,

451 3867 484 3896 ‘⁸’
499 3868 564 3924 Sico
579 3871 639 3940 qnia
654 3889 706 3929 rna.
723 3874 779 3930 scio
790 3877 863 3947 quia.
884 3876 987 3933 ιιι(ἔιιηι
1003 3878 1099 3933 eodem
1114 3895 1171 3932 ras.
1191 3879 1306 3935 collate.
1330 3876 1489 3938 ‘⁸'Possum,
1506 3889 1578 3940 cum,
1591 3891 1646 3934 ma.
1661 3873 1777 3940 cossim.
1798 3888 1870 3928 cum·
1896 3871 2079 3943 ‘'⁸1³¹”ffi09l’ib

416 3937 439 3990 ai
456 3939 520 3992 mitri
536 3942 717 4012 nraeeipitms.
733 3947 866 4015 przecipit,
884 3947 906 4000 si
921 3949 1072 4002 mrbidrrit.
1100 3948 1204 4017 ‘'‘Qnra
1221 3953 1274 4018 jum
1287 3949 1342 4003 disi
1356 3963 1409 4001 rna.
1427 3945 1552 4018 qnaejrnn
1577 3947 1644 4001 dixi.
1658 3945 1723 4001 ‘'‘ln
1752 3945 1881 4018 Angliam
1893 3960 1947 4000 ms.
1964 3947 1994 4000 in
2019 3949 2079 4002 dn-

416 4007 483 4077 glia.
520 4009 632 4080 ‘'⁸Qnod
642 4018 883 4086 cognosciturmt.
899 4020 971 4088 quod
984 4020 1135 4092 continget.

1050 4116 1201 4175 toenitis
1217 4114 1472 4174 etennbtnotd.

419 4205 534 4261 salutem
561 4209 760 4278 charissimam,
790 4219 817 4270 et
843 4214 1061 4271 benedictionem
1089 4215 1222 4284 apostoli·
1276 4231 1348 4270 snno
1364 4213 1521 4283 tldt,etin
1550 4212 1648 4270 Galliis
1685 4229 1766 4284 supra
1791 4221 1845 4268 tres
1873 4227 1983 4270 menses
2013 4229 2075 4270 esse

418 4290 492 4332 eam
512 4279 658 4350 vigilantia
673 4284 833 4339 universalis
859 4287 999 4358 regiminis
1011 4285 1146 4341 assiduum
1162 4285 1221 4341 sol·
1275 4295 1481 4350 commoratum,
1497 4293 1609 4356 propter
1622 4285 1812 4341 nimiostestus
1831 4285 1983 4367 similisque
2011 4301 2078 4340 cor·

418 4347 585 4406 licitudinem
603 4354 729 4409 omnibus
743 4355 987 4426 debentes.quaein
1000 4357 1221 4412 Constantiniana
1273 4358 1377 4428 puscuti
1389 4357 1612 4421 imbecillitatem,
1643 4357 1679 4410 ita
1697 4365 1724 4410 ut
1750 4372 1779 4412 se
1808 4355 1914 4411 dederit
1949 4357 1976 4412 in
2003 4357 2076 4411 viam

417 4421 777 4490 synodonupercelebrata
799 4439 1024 4484 conmeantum
1054 4428 1220 4498 etamplius
1273 4427 1734 4499 Nonasciroiternugustes:bunc
1759 4427 1831 4482 enirn
1853 4426 1927 4482 diam
1956 4428 2077 4496 produnt

418 4491 565 4561 episcopis,
579 4495 643 4550 licet
667 4498 746 4553 nobis
773 4498 914 4552 immeritis
938 4500 1125 4568 presentibus,
1156 4507 1219 4554 sunt
1272 4501 1394 4570 epistolae
1410 4503 1437 4553 81
1458 4506 1486 4553 et
1502 4501 1544 4554 2⁸5.
1558 4498 1752 4568 anteaquam.
1769 4498 1841 4580 91191]
1857 4497 2076 4580 (110103ῧῇ01·

416 4565 1124 4632 canoniceinstituta.vobisnotiticareeuravimus;
1154 4571 1218 4641 quia
1270 4571 1438 4636 rent,virum
1453 4569 1878 4646 multoconlectumsenronsse
1899 4577 1926 4623 et
1944 4569 2073 4649 'rednsse

417 4633 576 4692 adsalutem
593 4647 711 4693 nostram
727 4655 821 4694 norum
836 4650 1061 4696 exsecutoresvos
1075 4650 1215 4711 optamus,
1270 4653 1324 4695 tarn
1339 4639 1417 4695 brevi
1432 4648 1460 4694 ut
1470 4642 1566 4695 eodem
1580 4647 1761 4695 reverteretur
1771 4656 1843 4695 anno
1858 4653 1912 4711 quo
1923 4639 2073 4696 discessis-

416 4706 1097 4781 etapostolieaauctoritntejubendomandamus.
1125 4712 1216 4767 Primo
1267 4722 1316 4770 set.
1330 4711 1501 4781 maximeque
1516 4711 1628 4766 hiberno
1642 4718 1774 4779 tempore.
1885 4780 1901 4792 ..
2060 4781 2066 4794 ι

416 4792 548 4846 namque,
565 4781 719 4849 inspectore
736 4783 804 4843 Deo.
821 4782 1054 4853 utabeatopapa
1071 4783 1161 4837 Leone
1189 4791 1215 4838 et
1303 4785 1453 4838 tinnovero
1468 4783 1667 4852 separationem
1679 4781 1801 4837 nrrselrni
1830 4796 1957 4851 regatque
1983 4780 2069 4851 legata

415 4845 502 4903 beatae
515 4855 664 4917 ,memorie
687 4853 801 4908 Nicoluo
827 4856 901 4922 prins
923 4861 1051 4908 staturum
1078 4861 1121 4906 cst
1147 4868 1214 4924 erga
1267 4854 1404 4911 Gnillelmi
1417 4852 1598 4908 Guarlenastii
1612 4853 1760 4924 contigisse
1775 4851 1845 4908 baud
1859 4852 1952 4921 procul
1967 4852 2072 4924 abug-

417 4917 589 4974 Simoniaeos
603 4922 705 4976 nullam
722 4925 934 4980 misericordiam
946 4928 971 4977 in
992 4924 1124 4996 dignitate
1150 4939 1213 4978 sar·
1267 4928 1354 4988 duno.
1367 4923 1529 4990 Eedrnerus,
1542 4923 1800 4988 lialmesberiensis,
1816 4930 1842 4977 et
1870 4924 1913 4977 ulii
1933 4931 1996 4978 sunt
2021 4939 2071 4978 an·

417 4988 507 5042 venda
523 4991 675 5046 babendum
688 5011 751 5050 asse
765 4997 948 5050 decernimus.
962 5018 973 5043 e
989 4997 1022 5050 Et
1047 4995 1127 5064 paulo
1150 5003 1211 5074 post
1266 5006 1367 5053 atores.
1385 4997 1515 5051 Drvetsus
1526 4993 1784 5066 igitnrbugdunum
1800 4994 1948 5050 wilmus
1970 4997 2072 5051 ”umas

415 5069 508 5114 sancta
522 5065 644 5184 Troilus
672 5066 722 5119 boc
751 5067 839 5134 capite
861 5067 912 5120 sub
933 5065 1253 5144 excommunicationeD
1270 5066 1469 5136 insequentium
1479 5065 2071 5148 epistolarumscripsitaduregemffireginam,

414 5130 517 5193 statuit,
550 5132 624 5186 icens
641 5152 648 5188 :
668 5135 996 5205 ·Quicuoquesacerdos
1014 5137 1060 5191 vel
1080 5135 1213 5190 diaconus
1271 5138 1415 5204 antistites,
1441 5137 1644 5194 oaenobrarcbas
1664 5144 1690 5193 et
1712 5137 1875 5206 coenobrtas,
1898 5136 1999 5210 alnque
2037 5137 2073 5193 ad

416 5201 734 5276 velsubdiaconuspost
758 5208 931 5262 constitutum
963 5209 1051 5262 beatae
1078 5209 1216 5262 memoriae
1271 5225 1343 5265 eum.

413 5273 734 5340 praedecessorisnostri.
752 5277 917 5331 sanctissimi
944 5295 1021 5348 papae
1047 5277 1144 5332 Leonis
1170 5288 1218 5333 aut

414 5342 520 5397 Nicolai
532 5345 566 5400 de
581 5348 703 5401 castitate
716 5347 877 5403 clericorum
893 5352 1073 5404 concubinam
1090 5349 1211 5412 duxerit,

415 5413 458 5468 vel
474 5415 585 5470 ductam
607 5434 661 5472 non
684 5418 832 5487 reliquerit.
856 5435 887 5472 ex
916 5430 993 5486 parta
1022 5418 1219 5488 omnipotentis

417 5485 477 5550 Dei,
491 5495 518 5540 et
533 5489 693 5544 auctoritate
706 5490 890 5558 apostolorum
907 5491 977 5544 Petri
992 5498 1018 5544 et
1028 5490 1102 5544 Pauli
1120 5491 1218 5559 praeci·

415 5571 517 5626 prmus,
534 5567 560 5612 et
574 5559 733 5615 omnimodo
758 5559 945 5614 interdicimus
972 5569 1001 5614 ut
1025 5563 1136 5614 missam
1164 5577 1220 5616 non

414 5636 517 5691 cantet,
545 5645 633 5698 neque
662 5632 855 5700 Evangelium,
885 5647 973 5700 neque
1002 5631 1161 5701 Epistulam·
1185 5633 1218 5687 ad

320 5734 324 5740 -
415 5700 656 5772 mosomagen-
688 5702 752 5756 llaec
779 5701 893 5773 carptim
922 5718 955 5756 ex
975 5703 1080 5772 syuodo
1103 5703 1218 5759 Latera-

413 5786 535 5898 nessdlrro
546 5844 594 5897 tras
609 5842 733 5898 Auselmi
749 5842 852 5897 litteras
876 5843 1010 5916 Lugduno
1030 5843 1113 5900 tuisse
1141 5844 1219 5899 datas

411 5927 484 5967 anno
500 5915 570 5970 11115
580 5913 645 5968 inde
654 5919 763 5970 constat
774 5914 1216 5985 quodobservaverimusinepist.

412 5982 447 6036 ta
462 5985 623 6040 Anselrnum
640 5986 755 6042 Romam
763 5985 953 6058 protecturum
961 5986 1112 6042 excessisse
1120 5985 1217 6060 Anglie

1306 5280 1363 5348 (tt)
1380 5278 1451 5346 Quin
1466 5294 1531 5334 cum
1546 5279 1629 5334 illem
1640 5295 1775 5336 acreacre
1787 5279 1863 5335 noto.
1880 5277 1940 5347 Quo
1950 5295 2035 5334 sensu
2045 5276 2075 5334 id

1272 5351 1344 5406 dicat
1360 5351 1516 5414 dnselmus,
1534 5348 1688 5409 nonvideo.
1699 5352 1763 5422 qnia
1774 5360 1922 5420 antequem
1938 5351 2075 5406 ilenricus

1273 5420 1434 5490 cumprime
1447 5427 1602 5474 revocasset
1615 5420 1642 5473 in
1656 5421 1854 5493 angliamjam
1867 5421 1989 5493 insignia
2000 5420 2075 5493 regis

1273 5500 1422 5560 sumpserat
1436 5489 1554 5560 ipsomet
1569 5498 1646 5552 teste,
1663 5495 1729 5561 cpit.
1751 5494 1784 5547 td
1808 5507 1906 5560 snpra.
1939 5493 2077 5548 Praeterea

1274 5571 1302 5616 ut
1322 5563 1530 5615 monstravimus
1550 5562 1584 5615 ad
1606 5561 1712 5628 epistol.
1731 5563 1775 5622 88.
1803 5563 1844 5616 bre
1871 5563 1971 5618 litterae
1995 5562 2076 5619 luere

1274 5633 1380 5702 scriptae
1390 5633 1512 5704 Lugduni
1524 5634 1592 5685 intra
1610 5649 1709 5688 annum
1721 5635 1805 5696 ttofn
1819 5633 1966 5688 ilenricum
1981 5642 2078 5689 antem

1277 5705 1360 5758 luisse
1382 5703 1408 5757 in
1438 5719 1530 5774 regern
1555 5703 1661 5775 Angliae
1679 5713 1788 5761 unctum
1812 5720 1884 5758 snno
1912 5705 1992 5766 11011,
2023 5721 2078 5774 po-

1276 5775 1355 5830 strid.
1368 5773 1486 5829 Kalend.
1498 5779 1615 5847 August.
1636 5791 1690 5831 uno
1708 5783 1844 5831 testantur
1860 5791 1909 5831 ore
1928 5775 2079 5832 Hontidon.

1274 5846 1321 5900 lib.
1334 5861 1374 5900 vn
1390 5846 1565 5900 blalmesbun
1584 5845 1632 5900 tib.
1654 5861 1670 5900 v
1691 5846 1731 5902 De
1751 5863 1809 5920 reg.
1835 5846 1933 5918 Aegl„
1956 5845 2077 5902 Flerant.

1272 5916 1400 5990 Wigorn.
1411 5917 1449 5972 in.
1461 5915 1607 5986 chronic,
1626 5915 1735 5974 lloned.
1747 5917 1774 5973 iu
1784 5916 1900 5974 Aunnln
1916 5925 1997 5989 part,
2006 5917 2079 5974 Neu·

1274 5988 1348 6062 brig.
1366 5986 1418 6046 lib.
1432 6004 1451 6057 r,
1464 5990 1563 6060 eapd.
