4750 6725
334 536 367 595 te
613 540 641 600 S.
657 542 809 602 casanat
823 540 994 602 Cle'UllR.
1010 538 1173 599 aaudiat.
1192 534 1272 599 OPP.
1290 538 1378 601 PARS
1392 540 1439 599 lll.
1456 568 1491 585 -
1505 536 1695 603 EPISTOLAE.

1960 535 1995 599 96

334 637 413 694 vobis
427 637 568 711 mittimus,
579 650 607 699 ut
623 644 772 700 seeundum
787 644 859 715 qood
889 642 1025 698 recordati
1052 649 1132 714 pote·
1148 644 1177 705 Α
1193 648 1254 697 sunt
1286 640 1417 697 multandi
1450 641 1623 713 penitentia.
1652 643 1740 712 Quam
1767 640 1996 700 etiamiuvestra

331 726 400 799 ritis,
417 746 468 786 nos
483 731 516 787 de
532 731 586 786 illis
601 732 757 789 decrevisse
773 732 866 788 sciatis
882 731 922 788 ¹¹⁷.
939 733 979 787 lle
1001 733 1058 787 illis
1087 730 1134 803 qui

330 825 393 873 ante
407 822 716 877 excommunicationem
732 822 773 876 vel
795 830 854 893 post
870 822 1131 877 excommunicatio-

329 923 402 974 nem,
419 911 570 965 nescientes
584 927 644 965 eam
660 910 765 970 iactam,
784 910 928 967 Sodomico
938 918 1050 981 peceato
1065 926 1132 981 pec-

330 1006 468 1063 caverunt,
493 1016 543 1070 per
558 1002 586 1054 et
606 999 757 1054 similiseit
774 1003 805 1035 ³¹⁸
842 1002 986 1067 sententia,
1005 1001 1028 1054 sl
1043 998 1132 1055 conii-

330 1096 419 1143 teutes
434 1088 616 1157 penitentiam
632 1088 769 1159 petierint.
797 1087 882 1157 Qnum
901 1090 1051 1145 secuudum
1073 1089 1131 1145 dis·

328 1178 476 1232 cretionem
492 1183 610 1232 vetrum
642 1177 752 1243 dabitis,
777 1179 982 1233 considerantes
1010 1187 1129 1244 etatem,

326 1266 434 1338 peccati
444 1264 657 1333 diuturnitatem,
674 1275 701 1321 et
711 1276 800 1321 utrum
829 1267 946 1322 habeant
963 1284 1076 1335 uxores,
1097 1284 1131 1324 an

333 1369 409 1423 non;
432 1362 458 1409 et
468 1355 617 1409 secundum
640 1355 712 1424 qnod
742 1355 858 1410 ridentis
881 1373 927 1411 eos
947 1357 1086 1426 penitere,
1107 1365 1133 1413 et

331 1442 459 1514 deinceps
474 1445 610 1516 integram
619 1452 838 1500 eorreetrounem
853 1447 1025 1516 promittere.
1038 1448 1134 1502 Consi-

330 1531 478 1588 derandum
493 1533 574 1587 etiam
591 1533 707 1605 estquis
720 1533 850 1589 hacteuus
865 1534 903 1589 ite
918 1534 966 1589 luit
982 1534 1133 1604 plublioum

329 1620 382 1676 hec
394 1627 543 1691 peccatam,
561 1630 589 1675 at
604 1622 651 1676 vix
666 1623 763 1692 aliquis
780 1638 828 1692 pro
844 1638 877 1678 ee
893 1623 1091 1692 erubesceret,·
1107 1633 1133 1679 et

329 1706 476 1763 ideomalti
493 1709 708 1781 magnitudinem
724 1712 783 1779 ejus
793 1711 956 1778 nescientes,
973 1711 1000 1765 in
1016 1711 1081 1766 illud
1104 1729 1133 1767 se

334 1796 549 1867 precipitabant.
565 1797 606 1851 llll
616 1814 681 1853 vero
691 1798 735 1870 qui
748 1808 809 1870 post
826 1800 1133 1856 excommunicationem

335 1885 478 1958 cognitam
513 1901 541 1941 se
569 1894 682 1958 peceato
713 1887 979 1956 contaminaverunt,
1010 1889 1134 1962 graviori

1186 732 1352 788 discretione
1367 733 1517 789 secundum
1534 732 1680 804 praedictas
1695 748 1790 789 causas
1806 734 1945 804 ponimus.
1955 734 1996 788 De

1186 821 1228 875 his
1243 821 1289 893 qui
1300 820 1406 876 tonderi
1422 822 1526 886 nolunt,
1544 821 1646 877 dictum
1664 828 1746 877 estut
1768 822 1911 879 ecclesiam
1940 837 1996 878 non

1185 908 1397 980 ingrederentur
1413 926 1487 976 ;non
1505 918 1594 965 tamen
1612 918 1780 981 praeceptum
1797 918 1837 967 est
1851 915 1889 977 ul,
1920 910 1943 965 si
1967 910 1996 966 in

1185 998 1376 1068 grederenlur,
1390 1002 1532 1053 cessarent
1546 999 1714 1065 sacerdotes,
1737 998 1785 1055 sed
1806 1005 1912 1055 tantum
1941 1015 1994 1055 en-

1186 1087 1345 1141 nuntiarent
1359 1087 1413 1143 illis
1424 1088 1487 1160 qula
1503 1096 1596 1143 eontra
1613 1088 1701 1143 Deum
1719 1094 1746 1143 et
1771 1088 1805 1143 ad
1835 1087 1995 1143 damnatio·

1186 1190 1337 1231 nemsuam
1353 1176 1552 1249 ingrediantur.
1576 1178 1616 1232 De
1641 1176 1831 1233 calceamentis
1855 1175 1991 1232 laieorum

1186 1262 1252 1318 nihil
1268 1266 1450 1331 decrevimus,
1468 1266 1515 1320 sed
1531 1273 1633 1320 tantum
1649 1264 1817 1321 elericorum.
1836 1266 1875 1319 De
1900 1263 1993 1320 archi-

1185 1355 1347 1410 diaconibus
1363 1364 1387 1409 et
1402 1354 1554 1419 canonicis,
1572 1354 1616 1425 qui
1633 1369 1730 1409 uxores
1758 1369 1821 1407 suas
1848 1352 1994 1408 derelictas

1186 1450 1264 1500 extra
1278 1444 1375 1499 domos
1389 1459 1455 1499 suas
1471 1442 1497 1497 in
1512 1442 1642 1497 maneriis
1657 1441 1713 1496 suis
1728 1449 1841 1512 ponunt,
1869 1441 1996 1497 existimo

1186 1533 1304 1598 interim,
1321 1532 1493 1603 doneevaliud
1509 1536 1657 1598 statuatur,
1675 1530 1857 1595 tolerandum,
1887 1530 1910 1585 si
1930 1546 1995 1586 eer-

1187 1628 1241 1677 tum
1256 1621 1463 1693 promissionem
1478 1620 1593 1676 iecerint
1619 1635 1648 1675 se
1669 1619 1769 1675 nullam
1798 1617 1997 1675 conversatio-

1187 1728 1250 1767 nem
1265 1726 1326 1765 eum
1341 1709 1394 1765 illis
1406 1709 1557 1775 habituros,
1570 1724 1620 1763 nec
1635 1709 1696 1763 siue
1721 1706 1850 1778 legitimis
1876 1706 1998 1762 testibus

1188 1800 1403 1871 locuturostlt).
1420 1797 1639 1869 Depresbylerls
1660 1795 1707 1867 qui
1736 1796 1831 1852 timore
1861 1810 1914 1853 nen
1944 1811 1998 1852 au-

1187 1889 1254 1949 dent
1268 1889 1384 1945 seminas
1399 1902 1465 1946 suas
1480 1887 1643 1961 relinquere,
1660 1886 1733 1958 quod
1747 1891 1878 1943 statutum
1903 1891 1945 1941 est
1969 1884 1999 1941 in

987 1997 1106 2051 thlllAE
1134 1992 1341 2056 Lectiones!

339 2079 371 2113 '¹'
380 2080 539 2139 Decrerisse
553 2081 656 2138 faciatis
668 2099 720 2139 ms.
738 2083 895 2141 decrevisse
910 2083 1014 2139 sciatis.
1031 2083 1102 2141 '¹⁸llt
1115 2087 1196 2143 simul
1210 2088 1261 2144 erit
1274 2102 1328 2142 ras.
1344 2092 1370 2140 et
1378 2084 1473 2141 similis
1487 2084 1544 2141 erit.

933 2181 1081 2240 toenitis
1119 2186 1262 2242 PlCAllDl
1288 2183 1406 2240 NOTAE.

384 2280 438 2348 (tt)
454 2280 665 2353 ssepa-cshytcris
679 2280 751 2352 qaod
764 2284 906 2336 statute-m
917 2283 959 2336 est
975 2283 1006 2336 ta
1020 2283 1140 2338 concillo
1155 2286 1182 2345 B
1197 2286 1278 2340 cicae
1292 2282 1499 2337 carereaoleat.
1519 2278 1572 2348 Qui
1592 2293 1673 2334 eccas
1689 2276 1772 2350 tacit,
1788 2274 1994 2349 dignitatesve

349 2353 518 2409 seruabitur.
538 2350 686 2407 Concilium
698 2352 731 2405 ad
741 2353 892 2406 Londinum
907 2351 1038 2418 habitum,
1048 2354 1140 2422 proxi-

348 2438 446 2490 meque
461 2432 638 2477 memoratum
653 2424 791 2494 intelligit,
807 2424 853 2478 eui
869 2422 1014 2477 anselmus
1038 2425 1139 2493 praesi·

350 2492 417 2547 deris
431 2494 635 2549 conlidentibus
647 2494 809 2547 liboraeensi
825 2494 1040 2563 archiepiscopo,
1056 2505 1140 2548 eaete-

349 2564 441 2632 risque
455 2568 498 2619 dn
521 2566 564 2619 lias
579 2563 752 2633 pontificibus
768 2580 818 2618 nee
840 2579 895 2618 non
922 2564 1140 2619 archimandritis

348 2635 434 2688 multa
449 2583 558 2705 quidem
573 2635 668 2689 statuit
682 2635 901 2705 pernecessarie;
912 2634 1141 2704 hocqueeompri-

349 2705 419 2759 mis:
438 2728 447 2751 u
467 2708 499 2761 Ut
513 2708 655 2776 presbyter
669 2705 806 2776 qnandiau
821 2705 940 2760 illicitam
955 2707 1141 2761 couversatio-

350 2791 412 2831 uem
429 2776 562 2831 habuerit.
579 2792 633 2831 non
652 2778 686 2830 sit
700 2776 796 2847 legalis
811 2791 881 2841 ;nec
895 2776 1139 2832 missameelebret:

353 2861 416 2912 nee,
428 2846 449 2899 si
466 2847 653 2910 celebraverit,
666 2847 996 2915 ejusmissaaudiutur.Ut
1010 2847 1143 2901 nullusad

352 2917 577 2971 subdiaconatum
589 2926 633 2970 aut
652 2933 730 2985 supra
746 2916 1142 2986 ordinetursineprolessionne

351 2986 481 3042 castitatis
501 3007 506 3042 ε
525 2996 553 3041 ut
568 2988 659 3040 nullus
692 2987 906 3051 archidiacenus,
917 2986 1068 3055 presbyter,
1081 2988 1142 3042 dia·

350 3062 590 3112 conuscanonieus
606 3073 716 3111 uxorem
731 3058 824 3122 ducat,
839 3064 884 3112 aut
897 3060 1006 3113 ductam
1016 3060 1142 3122 retineat;

350 3128 534 3183 subdiaconus
547 3143 611 3183 vero
622 3127 735 3197 quilibet
748 3131 794 3194 qui
809 3128 955 3183 eanonicus
970 3144 1022 3183 uon
1041 3137 1090 3191 est,
1121 3128 1144 3183 si

349 3207 411 3270 post
426 3198 641 3268 professionnem
652 3199 781 3254 castitatis
796 3199 1034 3268 uxeremduxerit,
1048 3199 1144 3254 eadem

350 3270 446 3339 regula
461 3270 674 3339 constringatur.
695 3293 706 3317 n
724 3270 788 3325 llaec
803 3270 831 3323 in
846 3272 949 3340 synodo
964 3269 1143 3335 Londinensi,

349 3340 487 3412 quamdat
503 3344 620 3410 integret
637 3339 776 3394 Willelm.
794 3341 970 3396 llalmesber.
1000 3340 1047 3396 lih.
1071 3358 1080 3396 1
1107 3342 1147 3397 De

348 3411 447 3481 pontii.
459 3413 590 3482 duglas,
603 3425 665 3481 pag.
685 3412 744 3477 129,
761 3412 828 3467 edit.
847 3413 961 3468 Londin.
979 3413 1058 3468 1596.
1069 3413 1144 3467 llen·

349 3483 424 3537 ricus
438 3483 703 3552 huntingdoniensis
717 3483 927 3538 archidiacones
941 3483 1038 3538 eodem
1054 3498 1145 3546 auno,

348 3550 617 3633 iisdemtypisdatus
632 3553 678 3609 tol.
697 3557 758 3616 atr,
776 3569 843 3626 pag.
859 3555 885 3620 1,
901 3554 952 3607 lib.
975 3570 1013 3609 vu
1038 3569 1146 3609 suarum

1216 2354 1417 2410 ertetitcbitar.
1435 2351 1582 2405 Photiusin
1604 2350 1810 2414 Nomoeauone,
1839 2347 1992 2403 burchard.

1234 2432 1334 2479 ermat.
1355 2422 1651 2490 hh.n.eap.tuo.1vo
1669 2420 1832 2474 Carnotens.
1862 2434 1890 2471 rx
1911 2424 1992 2487 part,

1195 2512 1246 2565 cup
1264 2498 1323 2549 tao.
1338 2494 1454 2547 tetland.
1472 2490 1610 2562 Crysopol.
1627 2490 1676 2544 sub
1692 2489 1738 2544 lin.
1755 2490 1803 2543 lib.
1814 2506 1842 2542 vr
1853 2504 1910 2543 suae
1921 2489 1996 2543 Cun-

1195 2566 1264 2621 delae
1281 2564 1416 2631 ,Gratiam
1435 2561 1726 2631 32,laterdiait‚lraue
1736 2560 1907 2615 sanctionem
1919 2565 1996 2613 retu·

1196 2638 1265 2701 lere,
1281 2646 1306 2691 et
1321 2635 1429 2705 quidem
1445 2633 1524 2703 paulo
1548 2632 1717 2687 articulatius
1734 2647 1813 2700 quarn
1830 2628 1900 2685 liulf.
1919 2629 1969 2683 lib.
1987 2645 1997 2685 r

1196 2708 1348 2764 continuat.
1367 2706 1468 2762 Hister.
1479 2704 1585 2759 Eccles.
1595 2718 1659 2773 cap.
1672 2700 1998 2772 bQuapropterNicaena

1196 2777 1367 2849 synodalem
1383 2774 1547 2829 unanimiter
1580 2780 1705 2844 suscepta
1731 2787 1747 2827 a
1772 2771 1885 2842 primate
1913 2771 1999 2825 totius

1197 2848 1312 2913 nnetiae,
1337 2862 1388 2902 nec
1416 2861 1472 2900 non
1499 2845 1590 2915 episoo
1612 2844 1634 2897 is
1662 2852 1688 2897 et
1725 2842 1846 2914 quinne
1881 2842 1999 2913 regibus

1197 2894 1297 2975 ibidem
1314 2916 1527 2979 considentibus,
1543 2862 1676 2993 quidquid
1686 2915 1783 2969 Patres
1834 2912 1912 2968 lemni
1931 2928 1999 2966 san-

1198 2991 1331 3053 civerunt,
1358 2988 1440 3057 Angli
1468 3002 1522 3055 quo
1543 3002 1576 3040 ue
1598 2982 1741 3055 pontifices
1770 2983 1997 3054 comprobarunt,

1199 3059 1335 3129 simulque
1350 3058 1489 3113 decretum
1511 3003 1579 3111 idue
1594 3056 1628 3111 de
1655 3054 1780 3110 caelibatu
1804 3054 1994 3111 sacerdotum.

1199 3130 1278 3197 Quod
1294 3130 1359 3183 hine
1372 3129 1488 3199 amplius
1502 3136 1528 3182 et
1542 3126 1598 3182 sole
1614 3126 1766 3181 meridiano
1781 3125 1877 3181 elarius
1887 3125 1996 3191 emicat,

1200 3218 1261 3258 eum
1277 3200 1401 3256 excussis
1425 3215 1486 3270 quaa
1516 3198 1549 3253 ud
1576 3195 1657 3252 tidem
1680 3197 1855 3268 pertinerent,
1886 3194 1997 3251 auctarii

1200 3273 1286 3327 instar
1301 3272 1428 3326 Nieaeuus
1448 3270 1604 3324 sanctiones
1620 3283 1674 3323 une
1689 3282 1737 3322 ore
1756 3266 1899 3322 laudarint.
1926 3264 1997 3335 Quae

1200 3344 1267 3401 ratio
1283 3342 1332 3398 etsi
1341 3342 1462 3397 adultam
1478 3340 1633 3396 conciliatio
1648 3338 1838 3394 auctoritatem
1854 3353 1890 3392 ex
1917 3352 1996 3395 com-

1200 3413 1275 3470 muni
1291 3416 1431 3484 utriusque
1450 3411 1546 3483 synodi
1576 3409 1769 3466 ecclesiastieae
1788 3424 1936 3474 consensu,
1960 3409 1997 3464 ita

1201 3493 1229 3540 ut
1259 3485 1415 3540 acutissima
1438 3483 1550 3554 ingenia
1571 3481 1719 3536 hebescant
1734 3480 1767 3536 ad
1792 3479 1878 3536 aciem
1903 3481 1911 3534 l
1970 3495 1998 3533 m

1201 3555 1295 3611 divino
1309 3555 1412 3624 Spiritu
1439 3561 1604 3626 suggerente
1632 3551 1879 3622 promulgaturum,
1904 3567 1934 3605 su
1954 3549 1997 3620 ji-

349 3623 541 3689 Historiarum,
570 3625 674 3679 dehoc
693 3625 810 3679 concilio
838 3625 876 3678 ita
900 3624 1018 3679 scribit:
1046 3625 1271 3691 Eodemceiam
1287 3634 1376 3680 tamen
1398 3623 1528 3696 quidquid
1543 3622 1577 3677 ad
1594 3625 1662 3677 hanc
1676 3637 1735 3677 rem
1749 3637 1780 3676 ex
1801 3620 1916 3676 historia
1947 3625 1997 3675 An·

350 3696 470 3749 enrtoad
477 3698 582 3765 sestam
594 3696 687 3750 suncti
695 3697 837 3752 dictinctio
845 3697 1146 3752 tcaaittaselmusar·

349 3764 543 3837 etriepisccpas
558 3767 712 3822 concilium
734 3767 810 3837 apud
827 3768 1014 3833 londoniam,
1045 3769 1076 3822 ia
1095 3782 1147 3838 que

349 3837 494 3905 prohibuit
508 3852 611 3892 exores
621 3837 813 3891 sacerdotibus
824 3839 976 3907 duplorum
991 3842 1077 3893 autea
1089 3853 1147 3892 aaa

354 3906 518 3976 prohibitas.
536 3907 564 3959 lo
580 3907 678 3976 quihus
694 3908 785 3959 verbis
809 3909 869 3974 quis
897 3923 950 3961 non
976 3909 1065 3963 videat
1091 3917 1149 3962 tum

350 3976 496 4045 superbam
513 3977 629 4030 hominis
652 3977 835 4030 temeritatem
864 3978 921 4045 (qui
946 3982 1092 4033 concilium
1121 3978 1149 4031 in

352 4045 458 4114 Spiritu
467 4055 559 4101 saneto
575 4047 697 4117 legitime
710 4056 908 4117 congregatum
920 4049 989 4102 ausit
1001 4050 1150 4118 reprehen-

354 4116 418 4170 dere
430 4116 621 4186 imprudentia
632 4117 667 4171 ob
683 4133 794 4181 novum,
805 4133 855 4172 suo
867 4117 980 4189 judicio,
988 4119 1152 4174 constitutio

353 4186 436 4256 nem),
454 4188 558 4242 eumin
587 4187 719 4242 historico
748 4203 882 4242 summam
912 4189 972 4244 veri
998 4205 1151 4259 rerumque

352 4255 561 4313 domesticarum
573 4258 707 4313 inscitiam
723 4274 772 4312 seu
790 4259 980 4314 oblivionem?
1013 4261 1151 4316 adversus

352 4343 433 4397 quem
449 4329 476 4383 in
491 4329 586 4398 primis
600 4344 681 4401 agam
700 4345 753 4383 una
766 4329 897 4385 duntaxat
908 4331 1005 4386 tabella
1021 4332 1152 4403 obsigna-

351 4406 388 4453 ta.
405 4400 514 4454 lsenim
530 4400 579 4454 lib.
593 4417 619 4455 rr
634 4416 744 4454 suarum
761 4402 866 4456 llistor.
893 4401 921 4455 in
942 4403 1056 4474 princip.
1088 4409 1151 4472 post

349 4470 461 4534 Bedam,
476 4478 603 4527 recenset
616 4475 684 4526 dcta
697 4472 807 4527 concilii
829 4472 1029 4528 Halteldieusis
1059 4474 1151 4527 Theo-

350 4540 801 4613 doroCantnariaearchiepiscopo
830 4543 915 4597 habiti
944 4559 1016 4600 auno
1045 4544 1106 4607 680,
1125 4544 1153 4597 in

353 4628 406 4680 quo
420 4621 482 4683 post
497 4614 580 4668 multa
595 4613 628 4668 ad
644 4613 807 4668 orthodoxae
829 4613 892 4667 lidei
922 4615 1069 4684 puritatem
1084 4629 1152 4669 eou-

351 4681 509 4739 firmandam
553 4691 676 4749 tractata,
704 4693 797 4738 sauata
824 4684 942 4755 synodus
974 4686 1031 4738 suia
1060 4685 1154 4739 litteris

352 4754 411 4808 haec
426 4755 530 4809 addidit
548 4772 554 4808 :
572 4757 754 4826 suscipimus
774 4761 899 4822 sanctas,
925 4759 953 4810 et
977 4756 1153 4812 eninersates

353 4825 474 4895 quinque
482 4827 599 4898 synodos
614 4827 793 4881 beatoramet
807 4829 861 4881 lieo
873 4827 1089 4897 acceptabilium
1098 4827 1154 4880 Pa·

354 4896 1153 4968 tram.idestqaitullieceacongregatitucraatcccxvru.

1201 3699 1306 3770 glicane
1321 3697 1511 3766 depromptum
1526 3693 1629 3749 venerit
1643 3693 1670 3747 iu
1686 3698 1817 3748 mentem.
1827 3690 1907 3760 Quod
1914 3693 1999 3762 igitur

1201 3767 1377 3825 sacerdotalis
1396 3765 1536 3822 caelrbatus
1558 3763 1657 3820 diutius
1679 3763 1707 3818 in
1731 3763 1830 3836 Augila
1867 3763 1892 3818 vi
1917 3763 1997 3827 uerit,

1221 3841 1323 3895 osthaee
1348 3854 1408 3910 quae
1436 3853 1519 3908 supra
1540 3835 1759 3896 memoravimus,
1786 3832 1867 3888 tidem
1895 3779 1999 3888 ficiunt

1203 3857 1338 3972 Falconis,
1368 3909 1513 3963 Remorum
1542 3907 1570 3960 in
1606 3903 1693 3960 Gallia
1726 3904 1833 3975 Belgica
1864 3903 2003 3973 arehiepi.

1203 3981 1289 4049 scopi,
1319 3979 1417 4035 litterae
1435 3975 1724 4032 missaeadAllredum
1748 3975 1886 4031 Senonum
1915 3973 2001 4030 Ocel-

1203 4050 1350 4107 dentalium
1366 4065 1460 4121 regem
1485 4049 1512 4103 in
1534 4048 1645 4119 Augila,
1670 4045 1769 4116 qulbus
1795 4045 2002 4101 commendetur

1204 4124 1240 4178 ob
1254 4121 1489 4190 arehiepiscopum
1505 4118 1710 4191 integerrimum
1726 4115 1859 4173 ecelesiae
1878 4117 2000 4172 Cantus-

1206 4193 1287 4248 riensi
1316 4191 1484 4264 praeleetum,
1522 4187 1826 4260 pestilentissimamque
1864 4186 2001 4242 licentiam

1205 4263 1290 4318 diuini
1306 4262 1384 4318 verbi
1399 4261 1493 4332 gladio
1508 4261 1632 4326 recisam,
1649 4267 1676 4314 et
1690 4259 1724 4312 ab
1740 4259 1909 4314 ethnicorum
1939 4259 1999 4313 lle-

1206 4349 1302 4389 uurum
1319 4333 1427 4388 turbido
1443 4334 1517 4388 tonte
1532 4334 1666 4396 haustam,
1683 4343 1736 4400 que
1758 4330 1946 4400 episcoporum
1975 4335 2003 4383 et

1207 4408 1425 4475 presbyterorum
1441 4402 1564 4474 plerique
1579 4416 1633 4456 non
1649 4409 1751 4456 tantum
1766 4415 1887 4470 penesse
1898 4413 2001 4455 uxores

1206 4477 1350 4543 haberent,
1366 4490 1461 4531 verum
1472 4473 1783 4542 etiemeonsauguineus
1799 4491 1806 4540 ;
1840 4486 1889 4542 pro
1911 4469 2001 4550 scele-

1207 4563 1265 4602 ruru
1288 4561 1396 4616 qnoque
1426 4547 1545 4609 cumulo,
1576 4543 1697 4615 virgines
1716 4543 1774 4597 Deo
1798 4557 1892 4598 sacrus
1918 4541 2002 4610 impie

1206 4618 1348 4682 siolarent,
1372 4615 1607 4684 concubinamque
1634 4613 1875 4682 superinducerem
1912 4611 2002 4677 uxori,

1208 4704 1261 4758 quo
1272 4687 1338 4741 nihil
1355 4687 1388 4740 ad
1403 4703 1436 4740 ex
1459 4685 1566 4741 lendum
1582 4685 1692 4739 deesset
1703 4681 1854 4752 libidinem,
1876 4680 1899 4736 si
1911 4691 2003 4736 tamen

1208 4758 1311 4829 expleri
1326 4765 1419 4827 queat.
1436 4703 1503 4826 gum
1517 4757 1610 4812 omnia
1631 4763 1659 4810 et
1684 4753 1783 4809 divinis
1806 4753 1949 4824 praeceptis
1978 4759 2005 4807 et

1208 4829 1348 4901 religionis
1372 4829 1513 4884 catholicae
1542 4827 1654 4895 puritati
1678 4824 1824 4880 adversari
1855 4821 2004 4896 magnilica

1208 4901 1325 4956 docebat
1342 4899 1432 4966 Falco,
1445 4904 1511 4954 teste
1527 4896 1715 4952 Flodoardoc.
1734 4897 1750 4949 5
1764 4895 1895 4950 Historia·
1914 4893 2005 4949 ecele-

353 4965 475 5035 Atquiin
485 4966 535 5020 huc
542 4968 796 5035 synodemaniteste
807 4968 916 5022 clericis
925 4967 973 5021 suit
981 4967 1151 5022 interdictum
1166 4973 1192 5033 D
1208 4972 1326 5026 siastieee
1341 4971 1495 5034 Remensis,
1508 4968 1554 5022 ubi
1565 4965 1883 5037 interpresGallieuspro
1894 4963 2004 5020 dllredo

354 5036 498 5099 uxoribus,
514 5052 575 5092 ean.
588 5041 614 5102 3,
625 5053 703 5106 quem
720 5037 1008 5108 Gelasiustlyzicenus,
1018 5039 1154 5093 Caesarem

363 5106 1035 5177 Palestinaeepiseopus,hisonrninoverbishubet,
1053 5109 1152 5178 llpart.

355 5186 464 5251 Acten,
489 5186 612 5257 ejusdcm
638 5185 756 5251 concilii,
783 5203 847 5255 cap.
875 5192 907 5242 'ti
934 5207 939 5242 :
974 5179 1155 5263 Ἀπηγόρευσε

354 5255 470 5318 καθόλου
484 5263 501 5331 ἤ
517 5257 618 5337 μεγάλη
634 5257 750 5332 σύνοδος,
766 5263 803 5336 μή
818 5257 964 5337 iraeadem,
977 5260 1156 5344 epieteetpe,

353 5337 466 5400 διακόνω
484 5345 546 5420 μηθ’
563 5338 630 5407 ὅλως
647 5345 700 5399 τῶν
716 5342 795 5400 ἐντῶ
816 5343 906 5422 adripe
925 5345 977 5404 stul
990 5343 1081 5413 ἐξεῖναι
1097 5367 1155 5403 euv-

353 5421 475 5481 eleuxroe
499 5421 518 5481 i*
531 5447 578 5494 arv,
603 5422 625 5480 εὶ
645 5420 682 5500 μὴ
705 5421 758 5503 ἄρα
776 5421 888 5503 μητέρα,
907 5425 952 5483 καὶ
975 5423 1097 5507 ἃδελφῂν,
1112 5425 1158 5485 καὶ

351 5503 432 5574 Θείαν,
442 5504 486 5563 καὶ
527 5503 595 5582 μόνα
609 5502 740 5585 πρόσωπα
755 5503 909 5586 διαπέφευγε
923 5515 1011 5566 πᾶσαν
1030 5506 1154 5589 ὑποψίαν,

360 5589 395 5646 ‘0
410 5583 437 5644 di
450 5583 524 5668 παρὰ
537 5590 620 5644 ταῦτα
642 5585 895 5645 nominabuntur
924 5588 984 5669 περὶ
1000 5594 1048 5660 τήν
1064 5587 1157 5647 ἐαυτοῦ

355 5666 442 5736 ἀξίαν,
461 5669 539 5721 llunc
554 5680 686 5720 canonem
701 5667 739 5719 sie
750 5666 887 5721 llalloreus
898 5671 976 5722 vertit
989 5685 996 5728 ·,
1009 5670 1158 5740 liogaasy-

357 5745 875 5819 nodusplentssimeaetatepiscupcm,
883 5747 1090 5818 presbyteram.
1101 5748 1159 5802 dia-

358 5817 1159 5874 ceriamautatlemclericeremhatereseeemmatterem

358 5890 561 5959 introducta-m,
569 5888 626 5942 atsi
633 5890 707 5957 sorte
715 5889 1026 5959 motrcmuetscrerem,
1034 5891 1077 5944 vet
1089 5890 1160 5944 ami·

362 5959 1046 6037 tam,eeldcaiqaeeastelespertoaasqaoeomat
1064 5961 1159 6032 suspi-

1207 5059 1255 5097 seu
1270 5040 1390 5096 AEllredo
1405 5039 1568 5104 etdlvredo,
1584 5036 1805 5102 vertitttdrodo,
1821 5051 1882 5106 cap.
1898 5035 1961 5090 item
1988 5038 2004 5089 e

1205 5113 1328 5181 ejusdem
1340 5110 1565 5179 ilistoriaepleno
1594 5108 1718 5164 laudatur
1747 5122 1796 5164 ore
1821 5104 2006 5179 Peigmuudus

1204 5182 1404 5238 cantuariensis
1418 5181 1529 5236 antistes
1544 5187 1654 5250 propter
1677 5177 1863 5234 sanctissimos
1889 5183 2005 5233 conatus

1206 5253 1393 5324 expurgandis
1421 5251 1544 5318 luxurias,
1573 5250 1668 5320 stupri,
1698 5249 1817 5304 incestus
1843 5257 1869 5304 et
1892 5247 2007 5304 tornica-

1207 5325 1287 5379 tionis
1298 5324 1435 5378 sordibus.
1446 5323 1531 5378 Porro
1549 5321 1697 5376 Falconem
1713 5319 1825 5375 liltredo
1841 5319 1900 5391 regi
1916 5319 2005 5374 luisse

1206 5395 1386 5458 notissimum,
1404 5393 1468 5449 sciet
1489 5393 1533 5465 qui
1549 5391 1645 5462 legerit
1659 5391 1895 5446 llalmesburieus.
1912 5391 2006 5514 capt

1207 5467 1255 5520 lib.
1276 5481 1295 5520 rr
1308 5468 1346 5522 De
1362 5483 1374 5519 r
1412 5465 1472 5519 ibus
1497 5463 1661 5534 anglorum.
1695 5463 1816 5532 Contigit
1837 5469 1927 5516 autem
1967 5475 2008 5516 aec

1208 5538 1366 5620 huglicanae
1403 5535 1510 5590 eclesiae
1524 5533 1685 5589 restauratio
1700 5548 1800 5588 annum
1816 5532 1923 5588 eireiter
1943 5531 2006 5586 890.

1207 5607 1468 5680 AEltrediregoantis
1492 5621 1570 5671 xviri,
1593 5602 1754 5676 Peigmuudi
1784 5603 1875 5675 (quern
1905 5602 2005 5658 Peent-

1209 5696 1273 5736 cam
1285 5689 1362 5734 vocat
1373 5677 1494 5734 Gallicus
1512 5677 1653 5748 interpres)
1669 5673 1787 5729 sedentis
1817 5689 1846 5728 rr.
1873 5671 2007 5742 Quaado·

1209 5750 1316 5822 quidem
1331 5745 1491 5804 ellrenatam
1507 5747 1647 5802 libidinem
1663 5744 1803 5818 inhugliae
1818 5760 1933 5817 regnum
1949 5744 2006 5799 Ee·

1210 5821 1375 5892 elesiarnque
1396 5820 1501 5890 pridem
1530 5826 1609 5873 antea
1635 5817 1767 5887 irrupisse
1791 5824 1893 5884 uotum,
1920 5822 2005 5870 testa-

1212 5887 1574 5964 tumqueestoxeplstolaS.
1603 5885 1737 5946 llonilaeii
1760 5886 1886 5957 martyris
1917 5885 2008 5943 arehi-
