4750 6725
336 601 388 664 315

856 603 989 664 sauata.
1004 633 1039 646 ·-
1053 599 1100 661 ba
1114 599 1286 660 CONCEPT.
1303 599 1332 658 tt.
1348 600 1475 661 blata.

1940 609 1992 665 306

341 727 463 803 afieujus
473 746 509 790 ex
524 732 619 805 prima
632 729 865 807 praevaricationis
879 731 984 806 origine
1009 729 1144 788 maerdsru
1158 727 1186 790 A
1201 725 1259 784 fieri
1269 736 1383 786 marran
1399 745 1486 800 suam,
1502 737 1529 787 et
1542 729 1606 802 quia
1619 729 1715 799 soluit,
1731 729 1795 791 fecit
1816 746 1876 790 esse
1891 747 1898 789 t
1915 732 1993 806 quasi

339 821 423 878 traxit
440 819 483 892 Μ,
498 823 545 894 qui
555 823 676 880 dicemus
689 825 703 876 ‘l
718 822 811 894 utiquc
840 837 906 880 uoce
932 822 1025 876 diuina
1046 821 1145 878 dicitur

341 911 538 968 adferemiam
551 914 709 986 :Priasprte
727 917 754 968 te
769 915 923 984 formarem
939 913 970 968 ιἰι
978 910 1145 976 adcremari

341 1002 367 1056 te
377 1017 386 1052 :
398 1005 595 1074 etenteouenr
604 1003 699 1058 exires
708 1001 858 1068 daventre,
875 1001 1144 1070 sanctificatriteret

340 1088 551 1162 prophetantia
560 1091 696 1163 gentibue
706 1091 769 1147 dedi
777 1095 803 1146 te
813 1087 914 1159 ¹⁷¹(ler.
922 1105 941 1158 ι,
952 1091 988 1160 tt).
997 1089 1144 1144 DeJoanne

344 1193 456 1250 qunque
470 1178 596 1250 angelus,
612 1179 657 1249 qui
673 1195 738 1235 eum
754 1180 922 1235 naseiturum
939 1177 1143 1248 praenuntiabat,

344 1267 464 1322 asseruit
474 1266 548 1338 qnod
563 1267 667 1338 Spiritu
696 1275 789 1324 saneto
813 1267 966 1337 repleretur
992 1266 1083 1322 adbuc
1112 1281 1144 1320 ιι

343 1361 420 1409 utero
435 1354 594 1412 matrissuae
605 1357 685 1428 (Lete.
701 1373 720 1426 1,
730 1359 786 1425 rc).
800 1357 827 1412 Si
841 1355 1071 1428 igiturleremias,
1082 1354 1145 1425 quia

345 1439 374 1471 ”¹
389 1442 561 1516 ingentibus
589 1453 650 1500 erat
678 1447 811 1515 propbeta
827 1445 943 1511 futurus,
960 1443 988 1497 in
1003 1443 1082 1498 rulra
1103 1451 1145 1497 est

344 1531 544 1600 sanctificatus,
560 1540 588 1588 et
601 1533 728 1598 loannes,
737 1532 893 1600 Dominum,
902 1533 928 1586 ia
937 1532 1042 1603 spiritu,
1054 1537 1079 1587 et
1090 1531 1144 1586 rir-

346 1628 403 1676 tute
414 1621 483 1678 Eliae
497 1637 679 1688 processurus
694 1621 783 1692 (trid,
795 1622 849 1694 ll),
868 1621 967 1692 Spiritu
996 1627 1088 1676 saneto
1104 1625 1146 1676 est

344 1725 380 1765 ιιι
392 1717 475 1766 utero
490 1711 584 1766 matris
591 1711 723 1781 repletus,
730 1710 789 1782 quis
799 1710 892 1765 dicere
903 1708 1145 1781 audeatsingulare

346 1799 429 1854 totius
437 1798 530 1855 seeculi
538 1797 768 1870 propitiatorium,
785 1798 938 1854 acFiliiDei
949 1798 1144 1868 omnipotentis

346 1887 541 1944 dulcissimum
562 1888 774 1955 reclinatorium,
789 1902 853 1942 mox
861 1886 889 1942 in
898 1885 1145 1958 suaeeoneeptionis

347 1976 463 2032 exordio
481 1976 596 2048 Spiritus
610 1976 802 2048 sanetigratiae
824 1975 1003 2032 illustratione
1027 1975 1143 2030 destitu-

1199 817 1343 887 dieeretur,
1359 819 1470 876 blatrem
1486 838 1565 876 suam
1577 830 1602 877 to
1616 821 1680 878 fecit
1707 821 1754 880 ille
1777 839 1868 879 rerum
1892 825 1993 880 Domi-

1200 924 1258 973 nus,
1271 908 1384 964 Creator
1399 910 1612 980 etgubernat0r;
1622 912 1990 982 rerunr,inquam,omnium,

1199 1012 1253 1051 rrou
1267 997 1357 1052 solum
1373 999 1596 1070 intelligibilium,
1624 1001 1672 1055 sed
1686 1016 1795 1056 omnem
1823 1002 1992 1058 intellectum

1200 1087 1443 1142 transcendentium
1455 1088 1586 1143 Donniuus
1613 1095 1639 1143 et
1666 1088 1754 1146 factor
1768 1098 1793 1144 te
1815 1090 1953 1146 dominam
1965 1097 1992 1146 et

1198 1175 1402 1244 imperatricem
1418 1177 1555 1231 constituit
1579 1176 1710 1234 erulorum
1739 1188 1820 1250 atquc
1849 1189 1991 1249 terrarum,

1200 1273 1226 1319 et
1239 1264 1279 1318 sic
1292 1265 1409 1318 narium
1424 1273 1450 1319 et
1464 1265 1585 1320 omnium
1595 1267 1801 1336 elementorum,
1821 1284 1884 1324 eum
1899 1270 1991 1324 omni·

1198 1352 1250 1408 bus
1264 1369 1324 1423 quae
1339 1353 1365 1406 iu
1381 1354 1448 1423 ipsis
1461 1363 1532 1421 sunl,
1548 1355 1658 1409 dontius
1677 1365 1703 1411 el
1716 1357 1876 1427 imperatrix
1904 1356 1991 1413 exsti·

1200 1441 1251 1496 listi
1277 1451 1303 1497 et
1325 1441 1429 1509 aristis,
1441 1451 1468 1498 et
1482 1451 1510 1496 ut
1525 1443 1562 1497 ita
1590 1459 1671 1513 esses,
1686 1445 1714 1498 in
1727 1454 1802 1502 utero
1817 1448 1910 1502 aratris
1939 1455 1992 1503 tuae

1199 1546 1215 1586 a
1229 1531 1390 1600 primordiis
1405 1532 1602 1602 conceptionis,
1619 1542 1749 1602 operante
1763 1535 1865 1605 Spiritu
1887 1545 1990 1602 sancto,

1199 1620 1335 1675 creabaris
1361 1619 1402 1676 ¹⁷⁷.
1430 1621 1471 1675 lta
1496 1629 1544 1688 est,
1569 1620 1642 1676 bona
1677 1623 1804 1692 Domina,
1831 1632 1858 1679 ιι
1888 1624 1991 1696 gaude·

1198 1725 1258 1762 nius
1281 1710 1320 1763 ita
1346 1725 1413 1764 esse.
1438 1709 1565 1780 Nunquid
1592 1727 1669 1782 ergo,
1694 1711 1852 1767 dulcissima
1870 1712 1990 1781 domina,

1197 1796 1317 1866 nunquid
1333 1805 1360 1852 tu
1375 1805 1449 1852 tanta
1463 1799 1552 1854 futura
1565 1796 1605 1868 Μ,
1623 1799 1730 1855 Summi
1753 1799 1882 1857 videlieet
1908 1803 1993 1856 linter

1198 1885 1291 1952 unica,
1301 1894 1328 1942 ct
1341 1886 1462 1941 omnium
1478 1904 1538 1957 quae
1552 1888 1668 1957 fuerunt,
1679 1898 1741 1944 sunt
1754 1890 1797 1945 vel
1812 1898 1902 1957 erunt,
1924 1907 1990 1960 pru-

1198 1973 1264 2028 dens
1277 1974 1418 2030 aenobilis
1431 1984 1495 2044 post
1522 1976 1609 2030 tilium
1625 1985 1699 2032 tuum
1726 1977 1895 2048 imperatrix,
1918 1995 1990 2034 nun·

345 2073 414 2121 turn.
427 2066 555 2122 Testente
565 2081 629 2122 uero
645 2065 795 2136 Scriptura:
807 2064 854 2124 titt
873 2066 996 2137 Spiritus
1016 2065 1139 2131 domiai,
1155 2084 1181 2144 B
1197 2063 1262 2133 quid
1276 2063 1303 2117 in
1318 2063 1484 2120 exordiatuo
1495 2064 1556 2119 talis
1567 2081 1628 2120 ease
1638 2065 1992 2138 debuistiutomniumquo-

343 2151 385 2208 r'bi
401 2153 566 2225 libertosffl
575 2153 635 2210 Car.
646 2169 685 2220 111,
697 2153 752 2223 ll),
771 2168 786 2208 a
807 2152 1026 2224 servituteigitur
1053 2151 1141 2208 omnis

342 2242 450 2314 peccati
469 2243 554 2298 libera
567 2242 626 2311 fuit,
643 2259 704 2312 quae
715 2240 874 2297 omniumffl
887 2250 1061 2312 peecatorum
1076 2256 1141 2310 pro-

340 2330 541 2402 pitiatoriaula,
551 2329 578 2386 in
588 2337 675 2404 quaet
690 2347 726 2385 ex
741 2345 793 2401 qua
809 2331 985 2402 personaliter
1000 2328 1142 2386 homode-

342 2428 395 2489 ret,
411 2420 530 2491 Spiritus
545 2419 631 2475 saneti
649 2420 825 2491 prasentiaet
838 2418 1142 2490 operationeeonstrue-

344 2507 433 2564 batur.
452 2507 568 2577 Quodsi
583 2508 643 2581 quis
653 2523 714 2563 eam
729 2507 828 2578 primas
843 2506 955 2580 originis
971 2513 1142 2576 peceatonon

342 2597 502 2653 omnimodo
518 2605 657 2668 expertem
672 2596 756 2651 fuisse
772 2597 937 2667 pronuntiat,
948 2611 1009 2651 eum
1025 2593 1098 2649 illam
1108 2609 1142 2650 ex

347 2683 1141 2758 legaliconjugiomarisctfeminaeconeeptamverissime

345 2781 462 2842 constet,
479 2774 614 2830 sententia
628 2773 762 2830 catholica
776 2781 827 2828 est.
840 2775 899 2844 Ego
922 2787 938 2826 a
962 2771 1103 2828 catlroliere
1116 2777 1142 2826 ιι

344 2863 512 2920 uniuersalis
525 2862 658 2918 Ecclesiae
673 2863 786 2919 veritate
800 2861 875 2916 nulla
886 2859 989 2916 ratione
1005 2859 1067 2915 eolo
1082 2859 1141 2916 dis-

344 2953 459 3022 sentire,
476 2950 707 3022 magnifieentiam
722 2948 752 2978 '⁷⁶
769 2958 859 3004 tamen
873 2948 1061 3019 operationum
1083 2948 1141 3004 ιιι·
1167 2979 1169 2984 -

343 3039 518 3096 tutisdirinae
546 3039 662 3110 quadam
685 3039 761 3110 quasi
789 3038 890 3094 mentis
908 3037 1069 3109 lippitudine
1093 3052 1141 3106 pro

340 3143 426 3200 posse
441 3128 629 3198 considerans,
645 3126 740 3182 ridear
754 3127 820 3181 mibi
835 3126 926 3182 ridere
942 3125 1004 3196 quia
1034 3125 1057 3180 si
1076 3124 1141 3194 quid

345 3215 489 3289 originalis
498 3215 602 3286 peccati
617 3215 644 3268 in
657 3213 852 3286 propagatione
878 3213 946 3283 ejus,
961 3220 988 3268 et
1016 3228 1141 3269 eommu-

340 3307 383 3363 nis
393 3305 452 3363 ritii
462 3304 575 3373 exstitit,
592 3303 657 3359 illud
682 3302 891 3377 propagandum
908 3310 934 3358 et
956 3317 1010 3358 non
1037 3316 1141 3374 propa-

343 3404 414 3468 gatae
427 3395 514 3467 prolis
526 3394 590 3450 fuit.

380 3484 543 3541 Castaneam
558 3482 674 3539 inuicem
686 3482 795 3539 attende
812 3500 819 3536 :
834 3496 893 3537 cum
909 3482 944 3537 de
959 3481 999 3536 sui
1014 3480 1139 3538 videlieet

342 3572 454 3645 generis
468 3572 565 3629 arbore
583 3572 674 3643 prodit
699 3571 842 3641 nascitura,
871 3570 1039 3627 involuerum
1067 3570 1140 3625 illius

344 3670 430 3718 totum
472 3660 608 3731 bispidum
636 3669 662 3715 ιι
689 3659 858 3715 densissimis
892 3659 993 3716 aculeis
1021 3658 1140 3727 undique

343 3758 449 3821 septum
470 3756 595 3821 apparet.
615 3749 688 3803 latus
715 3756 844 3802 castanea
870 3747 1032 3816 coneipitur,
1052 3746 1140 3816 primo

344 3837 455 3909 quidem
470 3837 595 3893 nucleum
611 3835 690 3891 lactei
706 3835 831 3905 liqueris,
846 3834 912 3889 nibil
927 3833 1074 3903 bispidum,
1094 3834 1139 3887 ni-

347 3926 384 3981 bil
399 3942 540 3997 asperum,
556 3940 606 3980 aee
621 3923 756 3995 aliquibus
766 3921 989 3978 aculeisnoxium
1004 3921 1031 3975 in
1055 3922 1141 3977 seha·

345 4015 427 4087 bens,
444 4014 532 4071 sedai
549 4014 721 4083 aliquatenus
736 4011 908 4067 serrensillic
922 4010 949 4064 in
965 4009 1140 4065 summaleni-

346 4112 398 4159 tate
412 4102 536 4169 nutritur,
553 4102 658 4157 fovetur
672 4109 698 4157 ιι
708 4101 796 4167 alitur,
815 4115 848 4154 ac
861 4099 949 4155 forma
976 4098 1004 4151 in
1019 4099 1062 4153 sui
1075 4115 1140 4170 spe-

343 4194 413 4249 eiem
426 4200 454 4247 et
469 4190 653 4247 habitudinem
667 4189 726 4258 jam
740 4188 840 4254 adulta,
857 4196 935 4258 rupto
950 4186 1091 4243 involucro
1106 4186 1140 4241 ab

344 4281 417 4339 omni
429 4279 569 4351 spinarum
585 4277 730 4349 punctione
746 4286 773 4333 et
787 4292 868 4333 onere
883 4276 1021 4331 liberrima
1046 4283 1142 4331 natura

337 4368 495 4441 egreditur.
515 4364 644 4422 Attendo.

377 4456 407 4512 Si
422 4456 496 4511 Deus
510 4462 644 4511 castanea
659 4454 764 4510 confert
790 4460 819 4509 ut
833 4453 903 4508 inter
931 4452 1024 4523 spinas
1037 4458 1141 4507 remota

345 4544 493 4615 punctione
522 4542 692 4613 concipiatur
719 4540 761 4607 m,
790 4540 887 4607 alatur,
915 4542 1058 4606 formetur,
1086 4555 1141 4595 non

344 4633 433 4704 potuit
448 4633 509 4687 hece
523 4632 588 4687 dare
602 4632 720 4685 humano
735 4628 808 4701 quod
823 4629 882 4699 ipse
892 4629 942 4684 sibi
957 4629 1142 4699 parabattem-

1196 2166 1255 2205 rum
1272 2160 1297 2206 te
1307 2152 1452 2207 Dominum
1465 2150 1496 2180 ¹⁷⁰
1510 2168 1604 2224 gerere
1626 2155 1775 2210 certissime
1791 2156 1917 2212 norimus
1945 2163 1992 2210 aut

1196 2239 1345 2309 impuritati
1361 2250 1407 2296 aut
1420 2240 1582 2311 subjectioni
1598 2243 1730 2313 potuisset
1741 2244 1829 2301 addici
1844 2245 1858 2298 i
1872 2245 1921 2300 tlte
1944 2259 1991 2300 aa·

1196 2337 1284 2384 sertor
1296 2346 1372 2398 purae
1386 2331 1515 2396 veritatis,
1532 2339 1558 2387 et
1573 2347 1589 2385 a
1603 2330 1659 2387 filio
1672 2341 1717 2388 tuo
1729 2333 1786 2401 jam
1799 2333 1827 2387 in
1837 2333 1908 2390 eoelo
1921 2350 1990 2403 prae·

1196 2417 1302 2472 sidente
1312 2434 1360 2473 ras
1375 2419 1513 2474 electionis
1527 2420 1744 2492 cognominatus,
1760 2436 1854 2476 omnes
1869 2423 1993 2478 homines

1195 2520 1328 2575 peccasse
1341 2507 1369 2560 in
1383 2507 1470 2561 Adam
1486 2508 1593 2574 fatetur,
1609 2523 1674 2562 vera
1699 2508 1791 2579 utique
1806 2510 1946 2579 sententia,
1965 2520 1992 2566 et

1197 2596 1241 2650 cui
1257 2595 1404 2651 contradici
1419 2595 1496 2650 nefus
1511 2611 1571 2651 esse
1584 2596 1739 2666 pronuntio.
1763 2597 1817 2652 Sed
1844 2613 1907 2652 curu
1919 2599 1990 2654 emi-

1196 2683 1314 2738 nentiam
1328 2683 1424 2756 gratiae
1437 2684 1488 2738 Dei
1500 2684 1528 2738 ia
1535 2693 1560 2740 ιι
1569 2684 1720 2753 considero,
1736 2685 1806 2740 sicut
1820 2694 1845 2741 ιι
1862 2701 1916 2743 non
1944 2688 1990 2742 in-

1197 2781 1237 2827 tra
1251 2772 1355 2834 oriiuia,
1371 2771 1419 2826 sed
1435 2788 1517 2842 super
1531 2773 1623 2828 omnia
1637 2789 1697 2843 quae
1715 2773 1869 2842 factasunt,
1884 2775 1989 2831 inaesti-

1196 2860 1289 2914 mabili
1307 2861 1389 2916 modo
1404 2869 1541 2926 contueor,
1571 2860 1608 2915 iia
1631 2869 1657 2917 ta
1683 2862 1809 2935 nunlege
1835 2867 1937 2920 natura
1963 2872 1992 2920 ιιι

1196 2950 1265 3005 alios
1291 2949 1318 3003 in
1347 2957 1392 3004 tua
1416 2950 1595 3019 conceptione
1609 2950 1764 3005 deuinctam
1778 2951 1863 3006 fuisse
1877 2952 1986 3022 opinor.

1195 3038 1242 3092 sed
1258 3037 1390 3110 singulari
1414 3042 1441 3093 et
1464 3038 1584 3093 humano
1606 3039 1753 3093 intellectui
1790 3040 1990 3110 impenetrabili

1196 3127 1344 3182 divinitatis
1358 3128 1457 3182 virtute
1471 3135 1497 3181 et
1512 3128 1667 3197 operatione
1676 3127 1710 3182 ab
1725 3129 1798 3183 omni
1817 3130 1922 3198 peccati
1937 3130 1990 3185 ed·

1193 3216 1331 3286 junctione
1345 3215 1525 3270 liberrimam.
1541 3215 1636 3272 Solum
1650 3216 1749 3271 etenim
1760 3218 1991 3288 peceatumluerat

1196 3304 1269 3377 quod
1282 3304 1431 3359 horninesa
1443 3313 1520 3374 perte
1532 3304 1582 3359 Dei
1597 3303 1741 3361 dirimebat
1756 3323 1764 3374 ;
1780 3312 1807 3363 ιι
1821 3307 1930 3362 utillud
1943 3308 1991 3363 Fi·

1196 3395 1248 3449 lius
1262 3394 1311 3448 Dei
1327 3402 1481 3460 evacuaret,
1497 3392 1592 3465 sieque
1606 3393 1641 3449 cd
1655 3395 1765 3464 placere
1778 3395 1827 3450 Dei
1843 3397 1991 3451 humanum

1194 3499 1282 3556 genus
1293 3490 1442 3547 revocaret,
1460 3482 1541 3536 bomo
1556 3481 1614 3536 lieri
1629 3482 1722 3551 voluit,
1740 3490 1766 3537 ιι
1780 3484 1852 3550 talis,
1866 3492 1895 3539 ut
1909 3484 1990 3539 necin

1194 3588 1227 3627 eo
1253 3571 1423 3641 aliquatenus
1444 3570 1591 3625 coneordat
1618 3570 1654 3638 ei,
1690 3571 1761 3626 unde
1781 3571 1865 3627 bomo
1888 3590 1906 3627 a
1933 3573 1990 3628 Deo

1194 3659 1387 3715 discordabat:
1405 3658 1451 3727 qui
1479 3673 1544 3729 ergo
1572 3658 1611 3711 ita
1624 3657 1682 3713 fieri
1695 3659 1850 3728 oportebat,
1878 3668 1991 3715 rrratrem

1194 3748 1229 3805 de
1258 3763 1310 3819 qua
1334 3747 1396 3802 talis
1423 3752 1561 3801 crearetur
1576 3744 1616 3812 Μ,
1632 3746 1760 3802 mundam
1789 3763 1847 3803 esse
1860 3747 1902 3817 fab
1917 3748 1990 3803 orani

1194 3844 1308 3907 praecata
1330 3834 1452 3891 decebat.
1469 3835 1555 3889 Aliter
1565 3834 1637 3890 enim
1653 3852 1706 3906 quo
1721 3844 1801 3905 paeto
1816 3837 1856 3890 illi
1878 3852 1991 3892 mmmar

1194 3925 1304 3997 puritati
1319 3940 1383 3981 earo
1394 3932 1468 3979 tanta
1482 3923 1674 3994 conjunctione
1693 3925 1824 3991 uniretur,
1853 3932 1883 3979 ut
1909 3926 1990 3980 homo

1196 4013 1394 4083 assumptusita
1409 4021 1479 4068 esset
1493 4013 1521 4067 ia
1535 4029 1629 4080 unum,
1645 4020 1674 4068 ut
1688 4029 1748 4082 quae
1758 4012 1811 4067 Dei
1823 4021 1894 4078 suat,
1910 4012 1990 4068 indif-

1195 4103 1316 4159 lerenter
1329 4102 1446 4157 hominis
1460 4108 1558 4170 essem,
1574 4109 1601 4157 ιι
1619 4117 1680 4171 quae
1694 4101 1932 4157 bominisDeiffl‘?

1231 4191 1325 4247 Adhuc
1351 4206 1475 4261 propone
1504 4191 1551 4246 tibi
1577 4190 1719 4262 palatium,
1741 4191 1814 4264 quod
1838 4191 1992 4261 specialiter

1196 4280 1252 4334 suis
1266 4279 1358 4334 usibus
1371 4285 1465 4348 aptum
1480 4279 1589 4343 existat,
1618 4288 1776 4335 construere
1802 4280 1948 4349 volentem,
1964 4281 1992 4335 1ιι

1196 4383 1249 4439 quo
1264 4375 1290 4421 et
1304 4368 1363 4436 ipse
1377 4366 1550 4435 frequentiori
1567 4374 1593 4422 ct
1607 4366 1740 4424 festiviori
1754 4384 1835 4423 cursu
1848 4381 1992 4423 converse

1197 4464 1247 4523 tur,
1263 4463 1290 4511 et
1304 4453 1430 4510 omnibus
1443 4470 1495 4524 ope
1510 4454 1569 4525 ejus
1583 4463 1663 4525 atque
1678 4455 1781 4511 auxilio
1806 4454 1992 4525 indigentibus

1195 4542 1295 4598 mitiori
1319 4549 1345 4597 et
1372 4540 1468 4597 teriori
1484 4542 1559 4597 uultu
1586 4543 1757 4612 respondeat,
1786 4551 1812 4598 et
1834 4542 1988 4599 auxilietur.

1196 4633 1380 4697 Patercturne,
1401 4647 1503 4701 quaeso,
1530 4631 1559 4685 in
1572 4630 1706 4701 principio
1720 4631 1814 4701 palatii
1826 4630 1989 4687 fundamen-

343 4723 388 4794 plo
404 4722 432 4777 in
450 4736 505 4792 quo
519 4720 700 4791 corporaliter
715 4718 856 4783 babitaret,
870 4725 896 4773 et
917 4718 950 4772 de
967 4732 1020 4790 qtro
1035 4718 1063 4770 in
1077 4717 1140 4771 uni·
1200 4729 1256 4776 tum
1272 4720 1431 4788 invalidum,
1447 4727 1632 4788 etstructurae,
1649 4735 1709 4789 quoe
1729 4720 1799 4775 foret
1823 4720 1990 4777 redificandae

344 4820 397 4867 tate
413 4826 470 4867 suae
485 4825 608 4881 personae
622 4806 758 4877 perfectus
771 4807 853 4861 bomo
869 4804 953 4874 fieret,
974 4814 1002 4861 ut
1021 4806 1083 4861 lieet
1097 4806 1141 4860 in·
1155 4792 1184 4855 D
1199 4808 1391 4879 incongruum,
1407 4814 1434 4861 ιι
1446 4807 1650 4863 noncobaerens
1664 4808 1678 4862 t
1692 4808 1753 4862 Non
1767 4815 1842 4877 puto,
1867 4808 1889 4861 si
1912 4824 1990 4878 sape-

277 4896 280 4902 '
345 4909 383 4955 ter
397 4899 491 4971 spinas
505 4904 678 4967 peecatorum
692 4894 889 4965 conciperetur,
905 4894 939 4949 ab
967 4894 1032 4964 ipsis
1053 4903 1141 4949 tamen

345 4989 482 5058 spinarum
497 4984 597 5041 aculeis
609 4984 765 5039 omnimode
780 4999 873 5038 exsors
886 4981 1043 5037 redderetur
1058 4983 1072 5037 1
1086 5000 1140 5053 po-

345 5078 392 5131 tuit
407 5076 499 5145 plane,
516 5083 542 5129 et
557 5073 642 5129 roluit
659 5090 665 5135 ;
682 5072 704 5126 si
721 5071 805 5144 igitur
820 5072 913 5139 voluit,
944 5070 1017 5127 feeit.
1035 5072 1068 5125 Et
1083 5071 1141 5141 qui-

343 5166 405 5220 dem
435 5162 567 5235 quidquid
595 5160 709 5233 dignum
737 5176 857 5231 unquam
887 5158 920 5215 de
952 5160 1042 5230 aliquo
1066 5168 1142 5214 eitra

342 5268 418 5308 suam
445 5266 593 5324 personam
615 5249 711 5319 roluit,
735 5263 877 5321 perperam
892 5256 933 5303 est
955 5264 1017 5303 euni
1042 5249 1078 5303 de
1104 5256 1138 5315 te,

344 5358 359 5399 o
375 5342 535 5399 beatissima
562 5338 734 5405 feminarum,
760 5337 880 5394 noluisse
897 5354 903 5403 ;
921 5337 1005 5393 voluit
1029 5337 1101 5392 enirn
1117 5344 1141 5391 te

1195 4903 1245 4963 ret,
1263 4901 1288 4949 et
1302 4894 1475 4965 propositum
1491 4910 1569 4949 suum
1584 4894 1618 4949 ad
1633 4892 1758 4949 ellectum
1772 4894 1988 4964 perducerevel-

1195 4984 1240 5038 let.
1254 4984 1326 5055 Ergo
1341 4983 1507 5053 Sapientiam
1521 4988 1582 5037 ante
1596 4984 1688 5037 omnia
1701 4983 1804 5038 saeeula
1812 4985 1990 5053 proposuisse

1195 5072 1247 5127 sibi
1263 5070 1458 5138 babitaculum,
1471 5070 1543 5139 quod
1558 5068 1713 5139 specialiter
1739 5070 1909 5140 inhabitaret,
1927 5088 1990 5128 con-

1195 5167 1300 5214 struere
1314 5159 1438 5214 similiter
1452 5158 1603 5213 indubitata
1617 5157 1670 5213 lide
1694 5166 1825 5214 tenemus.
1848 5159 1928 5228 Quod
1942 5177 1991 5215 eu·

1197 5256 1250 5303 tem
1266 5247 1454 5303 babitaculum
1469 5246 1539 5301 istud
1550 5247 1643 5315 fuerit,
1656 5247 1714 5316 jam
1729 5247 1831 5303 dudum
1851 5248 1967 5303 innotuit
1983 5263 1990 5317 ;

1196 5338 1249 5392 hoe
1268 5336 1340 5391 euim
1355 5335 1539 5392 liabitaeulutn
1553 5335 1621 5391 illud
1634 5336 1782 5392 sacrarium
1809 5336 1992 5408 Spiritussan·

997 5538 1120 5595 VARIAE
1136 5539 1342 5597 factiosas

382 5748 456 5806 mcd.
501 5748 644 5803 contraxit.
700 5744 765 5802 ’l'ed
794 5746 852 5801 ltere
882 5746 961 5799 erait.
1019 5742 1090 5799 ”⁸lls
1121 5744 1198 5800 Corb.
1230 5743 1314 5799 etad.
1346 5743 1404 5811 etri.
1451 5742 1524 5799 med.
1560 5744 1636 5800 olim.
1676 5742 1751 5799 med.
1780 5742 1995 5815 magnitudinem

347 5820 426 5879 ¹⁷⁸ed.
444 5818 603 5889 recipiatur.
633 5814 708 5871 mcd.
734 5817 841 5871 creatis.
871 5814 950 5872 med.
970 5816 997 5869 iu
1022 5815 1317 5883 tautal'uturagloria.
1358 5812 1621 5870 metuendorum.
1666 5814 1741 5871 ’⁸⁰cd.
1771 5816 1832 5871 talis
1860 5814 1997 5868 tolleretur

348 5890 423 5949 ”¹Ms
440 5891 516 5949 Corb.
540 5888 657 5960 Explicit
671 5888 812 5943 Anselmus
825 5886 858 5943 de
873 5886 1055 5959 conceptione
1067 5887 1097 5941 B.
1111 5886 1204 5941 bladae
1220 5886 1347 5958 Virginis,
