4750 6725
338 618 390 673 att
773 616 1000 707 btvssasottttat
1020 614 1248 673 DONATIONES
1263 619 1326 673 PlAE
1342 618 1410 677 PRO
1427 618 1586 676 CLUNlth.
1948 623 2000 679 att

346 748 409 813 bus,
426 753 480 800 tam
492 744 637 800 abbatibus
653 760 734 815 quem
759 744 899 801 monacbis
926 742 955 797 in
981 742 1049 813 ipsis
1077 742 1147 797 locis
1160 740 1189 802 Α
1204 743 1312 813 gandus
1326 744 1425 801 domno
1441 746 1550 817 llugoni
1567 744 1782 802 cluniacensium
1798 746 2004 803 uenerandoab-

345 835 404 891 Deo
419 834 611 901 servientibus,
627 834 960 902 ntltabeent,teneantet
988 831 1145 902 possideant
1198 832 1254 887 bati
1269 832 1385 903 filiisque
1400 834 1459 903 ejus
1483 834 1706 890 cluniacensibus
1732 832 1862 891 sralrsstus
1891 836 2000 891 tandem

343 924 372 978 in
387 930 549 994 perpetuum
564 920 675 977 alodum
690 923 765 979 omni
780 931 913 992 tempore,
938 920 1057 990 quandiu
1084 935 1143 975 coe·
1198 929 1259 991 post
1274 923 1405 977 diutinam
1421 923 1632 979 controversiam
1660 922 1764 991 lecerit,
1795 939 1848 995 qua
1875 924 1998 981 litterate

345 1014 402 1069 lum
418 1012 543 1067 imminet
557 1020 646 1067 terrae.
662 1014 739 1081 llaec,
755 996 876 1082 inquam,
906 1009 1092 1066 admonitione
1118 1016 1145 1063 et

343 1100 475 1157 industria
494 1100 595 1157 summi
624 1109 651 1157 et
679 1101 790 1156 illustris
819 1100 867 1155 riri
896 1099 989 1155 domni
1032 1097 1143 1154 Gereldi

343 1190 441 1258 nostri,
452 1190 482 1243 id
496 1198 537 1245 est
552 1190 725 1245 caturcensis
738 1188 874 1260 pontilicis
892 1206 898 1242 :
919 1187 1048 1243 instantia
1076 1201 1144 1242 vero

341 1286 422 1349 atque
435 1276 569 1333 diuturnis
583 1277 618 1333 ad
635 1279 720 1334 Deum
735 1278 901 1335 orationibus
916 1274 1062 1331 uenerandi
1090 1275 1143 1329 ab·

342 1366 412 1421 batis
429 1367 575 1437 Aequitilii‚
591 1376 751 1439 cunctaeque
766 1364 989 1439 congregationis
1015 1364 1143 1420 bloissia-

339 1455 436 1520 censis,
452 1455 642 1510 exhortatione
657 1471 774 1526 qnoque,
791 1463 818 1510 et
831 1463 860 1509 ut
874 1455 911 1509 ita
926 1454 1027 1522 dicem,
1043 1452 1141 1523 partim

338 1543 469 1599 uiolentia
483 1542 599 1599 filiomm
614 1559 726 1599 suorum
756 1543 825 1599 Petri
849 1548 875 1597 et
902 1541 999 1607 Pontii,
1029 1540 1143 1597 consilio

341 1629 424 1687 etiam
439 1639 467 1687 et
481 1631 619 1687 voluntate
633 1632 784 1688 amicorum
798 1646 931 1696 meorum,
947 1646 979 1685 ec
993 1628 1143 1684 multorum

340 1719 473 1775 nobilium
486 1720 619 1788 uirorum,
643 1720 690 1775 tali
718 1727 844 1789 tantaque
868 1718 1011 1774 devotione
1037 1718 1141 1789 peregi.

341 1807 369 1864 Si
384 1807 446 1879 quis
459 1808 552 1878 itaque
568 1809 636 1864 banc
647 1815 769 1865 nostram
786 1808 962 1863 donationem
981 1806 1141 1876 irmnapere,

342 1896 453 1963 violare,
470 1903 515 1951 aut
529 1896 557 1950 in
571 1896 664 1966 aliquo
679 1897 805 1952 minuere
820 1895 972 1962 tentaverit,
997 1894 1025 1949 in
1047 1894 1142 1964 primis

342 1985 410 2039 iram
424 1985 475 2040 Dei
489 1984 610 2040 uirentia
623 1986 754 2053 incurrat,
770 2000 802 2039 ac
812 1999 874 2039 cum
883 1982 992 2039 Dathan
1006 1982 1143 2039 etllbiron

1199 1010 1298 1067 luctam
1315 1010 1539 1067 corroboraverit.
1556 1010 1739 1079 Querimoniae
1750 1012 1819 1067 inter
1835 1013 1999 1071 Cluniaean-

1198 1115 1242 1153 ses
1254 1100 1352 1153 fratros
1370 1106 1397 1155 et
1410 1100 1569 1171 pradictum
1584 1100 1748 1155 Eduensem
1773 1101 1931 1172 episcopum
1962 1102 1998 1157 N.

1198 1204 1246 1259 pro
1261 1187 1340 1243 illatis
1354 1188 1388 1242 ab
1403 1189 1503 1243 eodem
1518 1188 1645 1259 episcopo
1653 1188 1759 1257 injuriis
1769 1196 1873 1244 exortae
1880 1189 1999 1259 luerunt,

1198 1284 1225 1331 et
1238 1276 1308 1331 inter
1323 1286 1419 1331 caetera
1436 1276 1599 1346 injuriarum
1615 1278 1715 1333 damna
1744 1277 1817 1333 idam
1846 1276 2000 1350 episcopus,
2060 1332 2061 1339 ,

1198 1380 1248 1419 nec
1267 1380 1321 1421 non
1346 1372 1372 1419 et
1398 1364 1569 1421 lllatiscensis
1593 1365 1690 1436 praesnl
1720 1366 1838 1421 domnus
1864 1366 2001 1422 Berardus

1198 1454 1323 1525 quaedam
1339 1469 1412 1509 nova
1427 1453 1551 1509 lecerunt
1571 1454 1730 1527 privilegia,
1756 1471 1816 1525 quea
1836 1456 2002 1514 uidebantur

1198 1543 1333 1598 contraria
1352 1541 1479 1614 quaedum
1495 1550 1589 1599 contra
1600 1543 1786 1599 cluniacensis
1800 1544 1927 1601 Ecclesia
1941 1542 2001 1615 pri-

1199 1629 1300 1702 t'ilegia
1315 1630 1461 1687 continere.
1475 1630 1510 1687 Ut
1523 1638 1613 1685 autem
1624 1630 1885 1687 domnusPaschalis
1895 1632 1916 1687 ll
1924 1646 2000 1703 papa

1197 1720 1249 1775 boc
1261 1719 1392 1790 comperit
1407 1733 1499 1774 amore
1515 1719 1608 1774 domni
1625 1718 1713 1775 Patris
1738 1720 1862 1792 llugonis
1885 1725 1913 1776 ai
1932 1720 2001 1777 Clu-

1197 1807 1361 1863 niacensium
1375 1806 1489 1862 fratrum
1510 1808 1643 1864 charitate
1664 1809 1784 1876 excitus,
1811 1808 1921 1881 scriptia
1945 1809 2000 1866 suis

1197 1885 1243 1951 illa
1257 1896 1393 1953 contraria
1409 1912 1469 1967 quae
1482 1902 1635 1953 memorata
1648 1896 1705 1967 jam
1729 1897 1863 1953 dictorum
1890 1898 2001 1969 episco-

1196 2000 1295 2057 porum
1309 1984 1456 2057 privilegia
1470 1984 1789 2041 continebantdamnere
1817 1985 1941 2049 curaait;
1972 1994 2000 2043 et

342 2074 517 2129 damnatione
532 2081 663 2143 perpetua
677 2074 864 2128 damnandum
879 2088 909 2127 se
923 2072 1026 2127 sentiat
1039 2070 1068 2125 in
1099 2070 1139 2125 in·
1155 2093 1183 2154 B
1199 2074 1303 2129 adhaec
1317 2072 1481 2143 damnanda,
1503 2080 1586 2145 atque
1606 2073 1687 2128 simul
1715 2073 1845 2130 llomanae
1873 2073 2002 2131 Ecclesiae

341 2163 460 2217 sernum.
488 2162 537 2218 Cui
567 2171 656 2217 autem
682 2162 779 2218 melior
804 2161 958 2233 apparuerit
985 2159 1066 2225 lilius,
1096 2166 1144 2214 aut

343 2252 516 2321 propinquus
529 2267 614 2320 meus,
636 2251 757 2322 potentia
784 2266 833 2305 sua
858 2256 944 2305 totum
971 2250 1006 2304 ab
1037 2248 1143 2321 integro

341 2342 467 2395 restituat
480 2347 573 2397 sancto
587 2342 665 2395 Petro
679 2340 706 2395 in
726 2339 882 2409 supradicto
898 2338 959 2393 loco
988 2338 1143 2403 bloissiaco,

340 2436 369 2482 ut
382 2429 529 2499 participes
543 2430 623 2499 hujus
636 2445 705 2484 maae
717 2430 897 2498 eleemosynae
911 2428 947 2482 sit
974 2435 1002 2482 et
1024 2426 1141 2483 haeredi-

343 2518 406 2573 tatis
427 2533 497 2574 meae
526 2520 615 2573 baeres
637 2517 734 2589 legalis
761 2524 941 2588 pamaaneat;
971 2515 1083 2584 scilicet,
1112 2522 1142 2570 ut

340 2606 413 2679 quod
430 2606 464 2661 de
477 2623 559 2662 manu
578 2606 680 2673 laicali,
695 2605 963 2671 ubibactennserat,
991 2603 1019 2658 in
1048 2603 1141 2659 omoi-

340 2695 458 2765 potentis
471 2695 520 2751 Dei
535 2704 562 2749 et
577 2710 721 2751 serrorum
737 2694 800 2765 ejus
823 2694 959 2763 stipendia
987 2700 1144 2748 eommuta-

341 2800 400 2839 mus
414 2792 495 2854 atque
519 2784 729 2850 transducimus,
758 2784 863 2853 absque
891 2780 1094 2851 perturbatione
1118 2789 1145 2835 et

341 2872 527 2943 inquietudine
551 2881 638 2928 ratum
663 2871 708 2941 sit,
737 2877 765 2927 et
794 2871 980 2926 inconvulsum
1013 2871 1145 2926 consistat

341 2962 419 3016 omni
430 2969 562 3032 tempore.

377 3051 460 3107 Facta
486 3051 573 3106 cessio
602 3048 794 3121 descriptionis
819 3048 902 3117 bajus
925 3048 1091 3104 auctoritate
1119 3055 1146 3103 et

341 3139 457 3194 consilio
472 3138 689 3195 domniGeruldi
704 3145 806 3194 sanctae
835 3139 993 3191 Caturcenae
1014 3135 1145 3191 Ecclesiae

341 3228 475 3298 episcopi,
486 3244 518 3283 ac
532 3228 694 3285 clericorum
708 3226 778 3296 ejus,
792 3240 863 3280 anno
878 3224 1028 3281 Dominicae
1049 3225 1145 3279 lncar-

341 3317 461 3373 nationis
475 3318 553 3383 lllll,
570 3316 717 3373 indictione
733 3331 823 3377 mona.
844 3312 1007 3384 praesidente
1035 3312 1063 3369 in
1087 3312 1143 3370 Eo·

1197 2161 1308 2231 negotia
1335 2161 1493 2233 peragenda
1519 2169 1545 2217 et
1578 2162 1766 2232 pertractanda
1810 2162 2003 2219 Praenestinum

1199 2250 1502 2321 episcopumdomnum
1522 2249 1663 2317 blilonem,
1688 2251 1771 2307 totius
1795 2250 1892 2308 Galliae
1920 2252 2001 2323 lega-

1199 2339 1272 2409 ,iona
1300 2338 1433 2409 itajuncta,
1459 2338 1495 2393 ad
1519 2337 1623 2395 Gallias
1650 2339 1760 2395 mittere
1778 2339 1893 2396 studuit.
1926 2340 2003 2395 idern

1199 2442 1263 2483 raro
1282 2427 1391 2499 legatus
1413 2428 1571 2483 cluniacum
1599 2426 1722 2495 veniens,
1753 2428 1836 2484 certio
1863 2428 1908 2483 die
1928 2428 2001 2484 inter

1199 2518 1343 2588 praelatum
1356 2518 1514 2587 episcopum
1531 2517 1688 2588 fratresque
1702 2516 1896 2573 cluniacenses
1914 2515 2004 2587 placi·

1200 2614 1255 2661 tum
1272 2606 1480 2663 denominatum
1495 2606 1597 2675 statuit,
1614 2605 1641 2660 in
1655 2620 1709 2677 qno
1737 2606 1849 2675 placito,
1870 2604 2005 2677 quidquid

1200 2695 1419 2765 supradictorum
1439 2694 1586 2766 privilegia
1609 2694 1801 2766 episcoporum
1830 2694 2002 2752 contrarium

1201 2784 1350 2839 aduersum
1365 2782 1553 2840 Cluniacensis
1569 2782 1698 2839 Ecclesiae
1709 2783 1852 2856 privilegia
1859 2782 2005 2855 sonabant,

1200 2882 1337 2945 praecepto
1353 2872 1459 2928 Domini
1475 2888 1555 2943 papae
1583 2872 1610 2927 in
1639 2872 1784 2943 prasentia
1811 2872 2004 2944 episcoporum

1201 2977 1269 3033 qnos
1295 2961 1555 3035 subintitnlabimns‚
1586 2968 1613 3017 et
1640 2968 1799 3017 cunctorum
1828 2961 1873 3033 qui
1890 2962 2006 3020 aderant

1200 3051 1319 3107 exclusit
1333 3066 1366 3106 ec
1378 3049 1529 3119 damnavit,
1546 3050 1721 3123 ecclesieque
1733 3048 1920 3106 cluniacensis
1941 3049 2005 3121 pri-

1200 3140 1303 3213 uilegia
1322 3138 1438 3195 linnarit
1453 3148 1479 3195 et
1493 3139 1692 3197 corroboravit.
1708 3138 1797 3197 lnboc
1812 3155 1919 3213 quoque
1941 3139 2007 3212 pla-

1201 3230 1254 3286 cito
1269 3228 1656 3299 prememoratusAEduensis
1681 3228 1826 3299 episcopus
1845 3228 1880 3282 N.
1895 3228 2006 3285 decreto

1200 3319 1338 3376 etlitteris
1356 3317 1459 3375 domini
1487 3332 1567 3390 papae
1595 3316 1735 3374 Paschalis
1762 3318 1785 3371 ll
1814 3315 2006 3387 commonitus,

343 3421 421 3460 nnana
436 3406 557 3462 Ecclesia
574 3406 701 3462 Pascbnle
716 3402 1141 3475 secundopapa,regttanlePhi-
1200 3408 1359 3479 justitiaque
1373 3423 1454 3478 quam
1465 3407 1493 3461 in
1520 3406 1653 3462 eeclesiiis
1680 3405 1879 3463 subnominatis
1906 3406 2006 3461 iratres

343 3494 419 3566 lippo
434 3495 602 3551 Francorum
625 3511 702 3567 rege,
731 3494 758 3547 in
785 3493 935 3564 praesentia
962 3500 988 3547 et
1012 3491 1146 3548 corrobo-
1202 3494 1545 3552 Cluniacensesbebebant
1561 3494 1698 3567 exigente,
1723 3495 1825 3550 domno
1852 3492 1925 3549 Patri
1953 3493 2008 3549 Eu·

342 3583 448 3639 ratione
458 3583 606 3640 multorum
621 3583 741 3638 testium.
1201 3584 1266 3656 goni
1282 3583 1466 3653 fratribusque
1481 3581 1706 3637 cluniacensibus
1727 3582 1851 3648 donavit,
1874 3580 2010 3638 concessit

378 3673 437 3744 Ego
453 3673 511 3743 ipse
522 3672 692 3727 Raimundus
705 3668 879 3741 supradictus
890 3668 1054 3736 vicecomes,
1066 3666 1149 3722 elfilii
1201 3688 1234 3728 ac
1248 3672 1371 3728 laudarit
1385 3670 1528 3727 ecclesiam
1543 3669 1576 3726 de
1593 3669 1728 3739 Carrellis,
1753 3678 1780 3726 et
1803 3669 1943 3726 Ecclesiae
1971 3671 2008 3727 de

342 3760 396 3816 mei
411 3761 522 3816 Pontius
537 3770 564 3816 et
578 3762 672 3815 Petrus
686 3757 871 3824 vicecomites,
886 3757 924 3812 ita
953 3757 1091 3812 firmamus
1120 3763 1148 3810 et
1200 3769 1290 3816 oestro
1304 3759 1460 3826 deleme,
1485 3757 1590 3814 scilicet
1614 3757 1761 3814 ecelesiam
1788 3758 1817 3814 S.
1841 3756 1951 3826 Albani,
1979 3765 2007 3815 et

341 3849 551 3904 corroboramus
565 3849 713 3904 tenendum
727 3847 756 3901 in
770 3853 949 3916 perpetuum.
1200 3849 1335 3920 capellam
1350 3849 1473 3920 ejnsdem
1490 3846 1581 3916 castri,
1603 3846 1804 3918 ecclesiamque
1824 3847 1859 3903 de
1886 3846 2007 3916 llolinis,

378 3937 436 4010 Ego
450 3937 599 3993 ademarus
615 3936 812 3995 Remedium,
829 3934 874 4004 qni
888 3932 963 4004 ipsas
976 3948 1145 4004 persucces·
1198 3946 1225 3995 et
1236 3937 1379 3996 ecclesiam
1395 3937 1430 3993 de
1445 3935 1582 3994 Trauello.
1599 3935 1759 3993 Ecclesiam
1775 3939 1866 3992 autern
1881 3934 2007 3992 datten-

342 4027 449 4083 sionem
465 4034 609 4098 parentum
624 4041 747 4081 meorum
760 4023 831 4079 male
846 4023 963 4078 teneban
990 4031 1018 4077 et
1045 4021 1145 4091 injusta
1200 4027 1276 4084 cellis
1289 4025 1370 4081 simili
1402 4025 1485 4082 modo
1513 4025 1637 4092 donavit,
1666 4025 1795 4080 similiter
1822 4024 1950 4082 concedit
1978 4031 2007 4081 et

342 4116 530 4187 possidebam,
546 4116 584 4171 ita
599 4114 683 4170 libere
696 4121 721 4169 et
737 4111 861 4168 absolute
875 4112 948 4167 dono
960 4120 1040 4182 atque
1064 4109 1143 4165 dere·
1199 4115 1329 4172 laudavit.
1350 4115 1484 4171 Statntnm
1496 4121 1637 4172 esttamen
1651 4123 1741 4187 utpro
1755 4116 1806 4172 hnc
1828 4114 1890 4187 ipsa
1914 4114 2006 4172 eccla·

342 4201 445 4274 linquo,
461 4203 541 4258 simul
555 4220 616 4259 cum
630 4201 687 4259 filio
703 4217 765 4256 mco
779 4201 805 4254 itt
819 4199 945 4254 manibus
958 4207 985 4254 el
997 4198 1146 4269 ptaesenlia
1198 4206 1240 4260 sia
1259 4205 1372 4260 anonim
1397 4203 1546 4260 solidorum
1573 4219 1670 4260 census
1695 4204 1835 4260 annuatim
1863 4204 2003 4262 reddatur.

343 4292 494 4364 supfssdlcli
509 4292 616 4348 abbfllis
631 4290 724 4348 dllfflssi
746 4288 892 4358 Asluilffib
929 4297 1009 4358 atque
1031 4288 1145 4342 alionm
1199 4295 1239 4350 lle
1253 4293 1516 4350 baciterumeadem
1529 4291 1644 4348 ecclesia
1658 4292 1719 4348 boae
1732 4292 1922 4349 convenientia
1951 4292 2004 4349 ba-

343 4382 489 4438 mnltorum
507 4381 627 4450 testium,
645 4387 700 4435 tam
726 4377 921 4433 monachorum
948 4392 1029 4446 quam
1057 4375 1146 4432 laico-
1200 4383 1287 4446 betur,
1309 4389 1338 4436 ut
1361 4382 1384 4436 si
1409 4379 1703 4436 aCorbiniacensibus
1732 4379 1876 4436 monachis
1904 4379 2004 4437 iratres

346 4487 420 4525 ruin.

378 4559 494 4632 Signum
503 4558 625 4613 Almonis
640 4556 720 4612 Eliae.

378 4647 495 4719 Signum
508 4646 649 4702 Genll'redi
665 4643 757 4699 militis
772 4643 807 4699 de
817 4642 960 4699 Calezeda.

377 4735 492 4808 Signum
507 4734 580 4790 Petri
593 4733 703 4789 dmelii.

378 4822 499 4894 Signum
513 4822 633 4878 Sicardi.

379 4911 495 4986 Signum
509 4913 636 4984 Hngonis
651 4911 757 4967 vicarii.

1200 4469 1392 4526 Cluniacanses
1405 4467 1568 4540 interpellati
1583 4467 1618 4524 de
1632 4468 1792 4524 rectitudine
1815 4465 1927 4535 luerint,
1957 4467 2004 4524 nbi

1202 4559 1392 4616 cluniacenses
1433 4556 1634 4613 testificatorem
1677 4572 1754 4612 suum
1793 4556 1912 4628 poterint
1951 4557 2004 4613 laa-

1199 4648 1276 4717 bere,
1300 4662 1355 4702 non
1378 4644 1504 4702 differant
1524 4645 1552 4700 in
1584 4645 1659 4702 curia
1697 4644 1840 4702 memorati
1879 4644 2004 4717 episcopi

1199 4734 1387 4793 EdnensisN.
1404 4734 1541 4790 iustitiam
1561 4733 1673 4804 exsequi
1702 4733 1868 4789 retitudinis.
1900 4731 2004 4790 Omnes

1201 4827 1283 4883 etiem
1298 4824 1430 4882 ecelesias
1449 4838 1517 4894 quas
1545 4824 1588 4880 vel
1605 4822 1817 4894 predecessoris
1833 4822 1876 4878 sni
1906 4821 2003 4878 domni

1202 4914 1343 4988 aganonis
1356 4923 1480 4983 tempore
1495 4919 1646 4980 tenuerant,
1663 4911 1706 4968 vel
1720 4912 1754 4967 de
1775 4910 1876 4982 quibus
1896 4910 2000 4967 donum

1203 5000 1247 5058 uel
1261 5000 1458 5068 investituram,
1474 5005 1522 5054 aut
1536 5012 1679 5054 assensum
1695 4998 1845 5054 habuerant
1867 4996 2000 5054 laudarit.

347 5126 504 5183 Concilium
510 5125 686 5182 nassitanae
696 5126 847 5193 confirmat
855 5119 1147 5195 puettemqaeetseett
1204 5089 1371 5160 Pfaeoepmm
1385 5095 1427 5144 θεῖ
1445 5102 1553 5160 ‘imque
1567 5085 1670 5143 d⁰¹¹¹i¹¹i
1686 5102 1766 5159 ¹³³9ae
1778 5085 2005 5185 puchalispmf

381 5197 694 5270 Norpottduaepiscopas
702 5194 1035 5252 AEdteeasircamdomno
1048 5193 1148 5249 cibala
1203 5185 1282 5248 cepto
1293 5181 1322 5234 02
1335 5175 1483 5248 Plaeflfflffl
1498 5191 1530 5232 ³⁰
1546 5191 1594 5247 W
1609 5175 1753 5246 Pl'aefaillffi
1776 5180 1904 5233 R⁰m⁸¹²ae
1932 5174 2007 5232 ⁸0d¹⁸

381 5269 496 5340 depone
506 5273 535 5325 et
544 5268 693 5324 mamertia
704 5265 949 5322 cluniacensibus.
1204 5266 1324 5338 legatum
1348 5265 1523 5321 Praenestinae
1545 5263 1703 5336 episcopum
1727 5264 1839 5321 domurn
1873 5263 2003 5320 blilonem

647 5356 736 5425 (dano
757 5355 855 5424 1103.)
1205 5353 1421 5422 corroboratum,
1435 5360 1465 5410 ut
1479 5353 1549 5409 sicut
1574 5352 1603 5409 in
1629 5352 1737 5424 prelati
1762 5366 1841 5424 papae
1868 5351 2007 5410 Pesebalis

384 5445 526 5518 [baama.
548 5443 630 5500 lites.
648 5443 763 5510 caece,
779 5443 825 5510 tv,
847 5443 909 5505 lib,
925 5455 961 5496 ex
976 5438 1112 5496 chartario
1207 5441 1334 5498 uidelicet
1347 5443 1371 5497 ll
1384 5440 1528 5514 privilagio
1542 5439 1671 5498 Cluniaco
1686 5441 1823 5512 impertito
1837 5440 2004 5509 continetur,

650 5527 848 5603 cluniacensi]
1208 5536 1265 5587 tam
1287 5530 1409 5587 ecclesiae
1434 5545 1515 5602 quam
1536 5529 1685 5601 presbyteri
1709 5529 1887 5588 ecelesiarum
1909 5535 1936 5584 et
1962 5541 2008 5583 res

392 5623 420 5676 ln
434 5619 546 5676 nomine
557 5627 659 5675 sancta
673 5627 700 5674 ct
714 5617 861 5675 individuas
887 5616 1038 5683 Trinitatis,
1059 5617 1157 5686 Patris,
1208 5619 1426 5676 cluniacensium
1441 5619 1574 5676 nniveraae
1583 5620 1640 5675 sina
1654 5617 1843 5691 inquietudine
1864 5617 1958 5673 liberae
1980 5621 2010 5671 et

347 5720 374 5768 et
388 5708 459 5778 Filii,
483 5715 511 5763 et
533 5707 648 5778 Spiritus
674 5707 771 5776 sancti,
794 5723 885 5762 amen.
924 5707 1028 5762 Omnes
1054 5714 1156 5764 sanctae
1210 5706 1349 5764 inviolatas
1363 5714 1549 5780 permaneant.
1565 5709 1701 5765 Haecvem
1716 5708 1751 5764 de
1766 5702 1943 5763 vizeliacensi
1957 5701 2010 5758 ab·

352 5794 536 5856 universitatis
549 5795 680 5854 Ecclesia
695 5794 904 5853 liliosvolumus
916 5794 987 5852 scire
1006 5809 1086 5865 quam
1108 5809 1160 5868 pa·
1211 5796 1284 5854 batia
1298 5801 1398 5854 atatnta
1408 5804 1471 5853 sunt
1485 5804 1512 5854 et
1525 5795 1648 5868 pralixe.
1665 5797 1798 5854 statutum
1813 5797 1855 5849 est
1882 5799 1910 5849 et
1936 5807 2013 5863 prea-

349 5903 410 5945 cem
425 5903 542 5961 quamue
552 5886 736 5956 concordiam,
749 5883 891 5942 Ednensis
913 5883 1060 5958 episcopus
1085 5885 1160 5942 Nor·
1212 5889 1357 5958 ceptumut
1368 5885 1511 5944 Edueasis
1524 5885 1670 5958 episeopus
1683 5901 1699 5941 a
1714 5879 1896 5941 vizeliacensi
1909 5879 2013 5940 abbate
