4750 6725
399 642 448 700 ttt

908 645 1066 704 aannnat
1085 640 1363 701 cannuaatnrtms
1384 639 1541 701 MONACHI

1999 639 2055 699 tta

398 765 571 826 Iudaismum
594 772 682 828 redire
702 773 890 844 compelleret.
916 770 1070 845 acquiescit
1097 769 1154 839 ille,
1170 770 1198 822 et
1211 765 1239 826 Α
1254 776 1309 823 tum
1324 767 1363 823 rei
1378 781 1427 838 pro
1440 767 1543 823 toribus
1556 766 1766 839 praestolantem,
1782 764 1895 822 invenit.
1910 764 1941 820 ln
1969 781 2054 837 quem

401 868 527 930 suscepto
542 861 629 932 pretio
644 861 797 932 apostasia,
812 863 891 932 jabet
905 876 940 916 ex
955 860 1056 916 tudaets
1070 858 1136 930 ipsis
1150 855 1199 911 ad-

403 946 463 1002 duci
479 948 513 1003 ad
528 964 566 1003 se.
582 947 651 1016 Quid
664 948 764 1021 plura‘l
778 935 872 1004 Plu'res
885 966 918 1005 ex
933 949 987 1004 illis
1002 947 1082 1002 minis
1092 953 1118 1002 et
1140 955 1197 1000 ter-

401 1035 507 1090 roribus
522 1035 629 1104 tractos,
646 1037 779 1110 abnegato
794 1037 912 1106 Christo,
928 1036 1197 1109 pristinnmerrorem

401 1123 539 1194 suscipere
555 1125 627 1178 serit.

435 1211 498 1265 Erat
518 1218 658 1283 preterea,
683 1211 735 1268 illis
764 1213 874 1284 diebus,
900 1213 1062 1270 adolescens
1088 1211 1198 1283 quidam

397 1297 516 1366 Judaeus,
533 1299 574 1354 eui
590 1317 643 1356 uno
658 1302 765 1356 dierum
781 1319 830 1374 per
844 1303 916 1358 viam
932 1303 1000 1358 sorte
1016 1301 1088 1358 eunti
1103 1315 1191 1371 appa-

397 1386 452 1440 ruit
466 1386 535 1442 alter
545 1387 655 1458 juvenis
669 1392 743 1447 vultu
760 1408 792 1447 ac
806 1398 882 1447 reste
898 1391 1025 1456 decorus,
1043 1389 1087 1462 qui
1111 1389 1197 1444 inter-

397 1484 509 1548 rogatus
537 1477 608 1533 unde
635 1479 678 1535 vel
694 1479 753 1552 quis
767 1488 848 1549 esset,
863 1479 930 1535 dixit
943 1497 982 1548 se,
993 1479 1052 1549 jam
1074 1477 1138 1533 olirn
1164 1493 1198 1532 ex

395 1562 491 1619 Judaeo
506 1564 684 1622 Christianum
699 1567 835 1637 eflectum,
852 1569 1017 1638 Stephanum
1043 1575 1196 1640 protomar-

398 1659 485 1722 tyrem
499 1669 568 1708 esse.
588 1677 599 1702 a
617 1657 672 1712 Sed
687 1672 729 1726 aa,
748 1655 845 1728 inquit,
871 1673 951 1712 rausa
974 1672 1046 1712 nunc
1068 1656 1102 1710 de
1126 1654 1196 1710 eoelo

397 1737 432 1796 ad
445 1747 531 1796 terras
549 1743 677 1799 descendi
699 1754 728 1799 nt
743 1753 781 1812 tu,
805 1745 912 1816 abjecta
942 1735 1131 1816 superstitione
1151 1743 1199 1797 Ju-

397 1825 484 1895 daiea,
500 1829 666 1887 Christianus
679 1831 813 1902 efficiaris,
830 1842 856 1888 et
870 1848 931 1888 nreo
955 1832 1076 1899 nornine,
1106 1829 1197 1902 bapti-

398 1925 473 1971 zatus
495 1919 525 1972 in
544 1920 659 1990 Christo,
684 1922 871 1993 appelleris.»
895 1921 978 1990 Dixit,
994 1929 1021 1978 et
1049 1921 1083 1975 ab
1112 1917 1199 1974 oculis

398 2005 457 2072 eius
473 2005 581 2077 elapsus
592 2025 647 2064 non
657 2009 818 2077 comparuit.
829 2009 994 2066 Adolescens
1005 2017 1093 2065 autern
1103 2007 1199 2062 timore

1250 857 1394 921 animatus,
1414 874 1424 907 ι
1442 856 1502 925 Fili,
1519 856 1566 921 ait,
1582 856 1688 921 mortis,
1718 864 1744 913 et
1771 854 1901 925 pabulum
1930 863 2054 911 externae

1252 944 1420 1016 perditionis,
1440 960 1494 1000 non
1509 943 1606 1000 sufficit
1622 944 1670 998 tibi
1686 944 1825 999 damnatio
1840 951 1886 998 tua
1899 942 1952 997 nisi
1967 949 2056 998 elme

1253 1041 1338 1088 tecum
1353 1032 1510 1104 precipites
1524 1033 1553 1086 in
1567 1033 1652 1087 eam‘l
1667 1031 1726 1104 Ego
1740 1047 1806 1089 vero
1820 1031 1863 1087 cni
1884 1032 1942 1100 jam
1972 1031 2055 1086 Chri-

1251 1129 1310 1176 stus
1323 1121 1475 1190 patefactus
1490 1128 1540 1187 est,
1556 1120 1626 1176 absit
1639 1131 1668 1176 ut
1696 1129 1722 1176 te
1749 1136 1870 1190 unquam
1897 1136 1948 1192 pro
1977 1128 2055 1190 patre

1252 1225 1398 1280 agnoscam
1414 1210 1477 1282 quia
1490 1216 1567 1280 pater
1582 1218 1644 1265 tuus
1655 1207 1781 1266 diabolus
1795 1217 1838 1264 est
1852 1210 1859 1263 l
1878 1231 1889 1258 ι
1907 1209 1978 1264 Dum
2002 1208 2057 1263 ista

1251 1297 1288 1354 ita
1303 1298 1437 1368 dicuntur,
1452 1298 1486 1353 ad
1499 1300 1606 1369 jussum
1621 1299 1694 1372 regis
1708 1297 1890 1354 introducitur
1905 1304 1969 1352 ante
1990 1313 2055 1353 curn

1250 1387 1370 1454 Judaeus,
1387 1395 1413 1442 et
1428 1387 1465 1442 ait
1478 1387 1518 1441 illi
1543 1403 1613 1442 rex:
1641 1387 1742 1443 «Ecce
1764 1385 1815 1441 leci
1839 1385 1914 1458 quod
1937 1386 2055 1458 rogasti,

1253 1475 1335 1530 redde
1349 1476 1422 1548 quod
1436 1476 1597 1546 promisisti.
1616 1499 1627 1525 ι
1645 1478 1679 1530 at
1692 1475 1729 1529 illi
1746 1493 1752 1530 :
1771 1499 1782 1523 ι
1800 1474 1885 1530 Filius
1900 1490 1977 1530 meus
1995 1475 2056 1546 jam

1252 1580 1324 1619 nunc
1337 1572 1364 1619 et
1378 1563 1405 1618 in
1420 1565 1519 1619 Christi
1534 1564 1705 1621 consessione
1733 1563 1910 1628 constantior,
1935 1571 1963 1618 et
1986 1563 2055 1618 mihi

1252 1660 1295 1707 est
1310 1653 1389 1707 solito
1404 1652 1491 1709 lactas
1504 1653 1636 1722 infestior,
1652 1661 1679 1710 et
1693 1653 1763 1708 dieis
1779 1672 1785 1708 :
1815 1651 1877 1708 Feci
1905 1651 1981 1723 quod
2003 1668 2056 1723 pe-

1252 1740 1320 1810 tisti,
1348 1741 1432 1797 redde
1461 1742 1533 1811 qnod
1556 1741 1729 1811 promisisti‘t
1752 1742 1811 1796 lmo
1835 1739 1909 1812 qnod
1936 1740 2056 1812 caepisti,

1251 1829 1339 1899 primo
1353 1829 1461 1900 pertice,
1477 1839 1503 1885 et
1517 1837 1581 1887 tunc
1594 1831 1705 1886 demum
1717 1830 1752 1886 de
1765 1828 1896 1901 pollicitis
1920 1843 1984 1900 age.
2009 1829 2056 1884 Sic

1252 1916 1323 1972 enirn
1339 1919 1466 1974 convenit
1481 1921 1552 1973 inter
1567 1935 1627 1974 nos.
1645 1919 1718 1988 Feci,
1736 1918 1813 1984 dixit,
1826 1926 1956 1988 quantum
1968 1918 2057 1988 potui,

1252 2021 1348 2060 verum
1363 2007 1486 2078 quamvis
1496 2023 1549 2062 non
1558 2007 1731 2077 profecerim,
1744 2006 1855 2061 minime
1865 2014 1954 2061 tamen
1965 2005 2055 2061 leram

399 2103 549 2164 correptus,
571 2095 646 2154 illico
674 2099 864 2171 presbyterum
892 2097 969 2166 adiit,
998 2097 1061 2170 quid
1090 2095 1302 2179 viderit,13mc
1316 2096 1375 2150 sinc
1390 2095 1477 2150 fructu
1492 2095 1639 2152 laborasse.
1659 2120 1670 2145 ι
1694 2094 1922 2167 Augustiatnsque
1948 2093 2060 2164 Judaus

402 2181 501 2252 quidve
514 2184 631 2240 audierit
645 2185 716 2244 clara
732 2203 798 2244 voce
821 2187 947 2256 innotuit,
972 2201 1055 2257 seque
1075 2185 1102 2240 in
1121 2183 1201 2240 Chri-

398 2276 467 2324 stum
488 2273 598 2330 eredere
622 2275 775 2346 coufessus,
806 2275 933 2345 baptismi
961 2275 1079 2348 gretiam
1107 2273 1199 2329 statim

398 2357 513 2430 adeptus
527 2369 574 2418 est.
593 2362 672 2432 Quod
688 2365 785 2420 sactum
801 2381 862 2420 curn
873 2365 1019 2435 paterejus
1030 2363 1198 2436 agnovisset,

398 2447 454 2503 acri
483 2450 572 2505 cordis
598 2452 693 2509 dolore
721 2453 843 2510 afficitur.
872 2455 906 2510 Et
933 2461 1052 2508 estuans
1080 2467 1198 2523 quonam

399 2537 552 2594 tnodosuis
576 2542 660 2596 sacris
688 2541 772 2597 tiliam
801 2550 891 2614 posset
921 2541 1072 2608 restituere,
1103 2539 1199 2596 didicit

398 2627 626 2696 quemadmodum
640 2630 815 2686 Willbelrnus
830 2648 874 2687 rex
887 2630 1039 2702 anglorum
1052 2628 1198 2684 nonnullos

397 2714 554 2784 hujusmodl
570 2719 692 2789 pecunias
707 2719 790 2792 gratis
804 2736 892 2790 nuper
906 2719 1044 2774 ladaisnro
1068 2717 1200 2774 reddide-

398 2802 441 2859 rit.
458 2805 511 2861 tria
537 2823 602 2878 ergo
622 2807 656 2864 ad
669 2809 756 2875 illurn,
772 2816 799 2865 el
822 2809 938 2880 qualiter
966 2807 1083 2879 perdidit
1111 2805 1196 2860 lilium

400 2909 479 2948 sunm
495 2895 607 2965 quenda
620 2911 687 2952 soce
702 2897 879 2969 deprompsit.
909 2896 975 2952 Orat
988 2896 1038 2950 sibi
1067 2895 1200 2960 misereri,

400 2988 426 3036 et
441 2982 513 3037 unici
528 2999 601 3039 more
616 3000 631 3038 a
644 3000 674 3040 se
691 2985 816 3040 dilectum
841 2985 962 3055 paternis
986 2991 1065 3058 rogat
1092 2983 1201 3056 legibus

400 3067 536 3140 imperiali
550 3073 689 3128 sanctione
703 3073 818 3128 restitui.
848 3075 930 3130 Taoat
958 3071 1003 3128 ille
1029 3072 1063 3128 ad
1091 3079 1197 3142 rogata,

399 3157 519 3212 nondum
547 3159 660 3215 audiens
674 3162 850 3232 quamobrem
866 3159 912 3216 tali
927 3161 1037 3234 negotio
1048 3176 1108 3216 sese
1119 3159 1202 3215 debe·

402 3255 440 3300 ret
455 3245 573 3303 medium
590 3247 689 3306 lacere.
705 3249 827 3306 Advertit
837 3249 947 3306 Judaeus
970 3249 1124 3320 mysterium
1154 3264 1203 3304 our

398 3334 454 3403 suis
468 3335 592 3407 precibus
605 3352 658 3393 non
674 3339 866 3410 responderet,
881 3346 909 3393 ct
930 3353 945 3393 o
972 3337 1086 3409 vestigio
1114 3352 1197 3392 sexa-

400 3422 594 3496 gintemarcas
609 3427 713 3499 argenti
728 3442 757 3483 sa
785 3426 824 3482 illi
852 3428 987 3491 daturum,
1013 3427 1036 3482 si
1063 3426 1200 3497 judaismo

1255 2199 1290 2239 ex
1305 2183 1346 2238 his
1361 2184 1406 2240 rix
1421 2184 1547 2253 obtinuit,
1561 2191 1590 2239 nt
1604 2183 1668 2240 data
1682 2183 1827 2240 medietate
1842 2183 1987 2256 promissae
2005 2199 2060 2254 pe-

1252 2272 1349 2341 cuniae,
1365 2273 1484 2328 eliasibi
1498 2272 1633 2329 medianas
1647 2273 1797 2329 laxaretur.

1287 2362 1389 2417 Praeter
1411 2363 1469 2418 haec
1493 2377 1611 2433 qnoque,
1635 2377 1686 2432 per
1707 2361 1737 2416 id
1760 2363 1891 2434 temporis
1919 2361 2057 2418 terebatur

1252 2467 1315 2505 eom
1331 2450 1358 2505 in
1372 2459 1473 2506 tantam
1488 2450 1586 2506 mentis
1599 2450 1745 2508 elationem
1760 2451 1895 2508 corruisse
1907 2459 1938 2506 nt
1950 2464 2055 2520 nequa-

1253 2556 1334 2610 quam
1351 2539 1481 2610 patienter
1496 2540 1591 2595 audire
1606 2539 1719 2610 valeret,
1734 2540 1756 2595 si
1772 2540 1863 2611 quivis
1889 2539 1974 2594 ullum
2002 2555 2056 2594 ne·

1253 2629 1357 2701 gotium
1373 2626 1445 2701 quod
1459 2627 1501 2683 rel
1518 2644 1588 2696 ase,
1604 2626 1649 2684 rel
1677 2645 1711 2684 ex
1738 2645 1788 2683 suo
1815 2637 1956 2700 praerepto
1985 2626 2057 2683 toret

1254 2718 1401 2789 agendum,
1426 2726 1541 2786 poneret
1568 2717 1617 2772 sub
1646 2716 1804 2773 conditione
1831 2716 1977 2773 volontatis
2003 2716 2057 2771 Dei

1254 2805 1324 2861 fleri.
1341 2806 1396 2861 Sed
1409 2822 1524 2878 quaeque
1538 2813 1599 2861 aeta
1613 2804 1694 2861 simul
1708 2810 1736 2862 et
1750 2806 1859 2878 agenda
1872 2823 1929 2861 suae
1944 2804 1995 2862 soli
2011 2805 2057 2859 in-

1255 2893 1365 2950 dustria
1376 2911 1408 2949 ac
1422 2894 1572 2950 fortitudini
1588 2894 1700 2950 nolebat
1723 2894 1831 2950 ascribi.
1859 2893 1928 2964 Qua>
1954 2895 2058 2950 mentis

1256 2982 1337 3039 elatio
1352 2983 1387 3038 ita
1402 2983 1522 3038 exer-erit
1537 2983 1563 3036 in
1579 2999 1612 3038 eo
1626 2991 1665 3052 ut,
1681 2983 1911 3056 quemadmodum
1939 2981 2059 3038 diceba-

1256 3075 1312 3141 tur,
1326 3071 1450 3127 crederet
1462 3079 1488 3126 et
1504 3071 1610 3144 publica
1625 3088 1695 3128 noce
1709 3080 1842 3128 assereret
1855 3071 1960 3127 nullum
1987 3087 2058 3126 san·

1257 3165 1361 3216 otonem
1375 3160 1501 3232 cuiquam
1517 3161 1589 3232 opud
1604 3161 1692 3217 Deum
1705 3177 1787 3232 posse
1801 3161 1943 3232 prodesse,
1955 3168 1984 3215 et
1993 3159 2059 3218 ideo

1257 3267 1309 3306 nec
1323 3267 1351 3304 se
1365 3249 1445 3318 velle,
1461 3266 1511 3306 nec
1525 3251 1645 3320 aliquem
1659 3250 1811 3321 sapientem
1827 3249 1928 3306 dehere
1946 3249 2059 3305 beatum

1258 3340 1376 3408 Petrum,
1392 3354 1438 3395 seu
1453 3340 1601 3410 quemlibet
1628 3338 1710 3395 alium
1739 3355 1792 3411 quo
1820 3355 1851 3395 se
1876 3339 1984 3410 juraret
2012 3337 2060 3393 in-

1260 3428 1415 3499 terpellare.
1432 3428 1488 3483 Hae
1503 3428 1555 3484 fide
1570 3428 1596 3483 in
1613 3428 1674 3499 ipso
1690 3426 1859 3501 proliciente,
1874 3428 1907 3483 ad
1923 3429 1975 3483 hoc
1988 3443 2060 3500 qno·

400 3512 551 3569 restitueret
564 3512 648 3570 filium
677 3531 765 3585 snum,
796 3514 947 3587 pollicetur.
975 3515 1089 3571 lubente
1117 3514 1201 3587 igitur
1257 3534 1311 3590 que
1326 3518 1418 3588 lapsus
1432 3526 1472 3573 est
1488 3526 1517 3572 nt
1529 3517 1690 3586 Deijudioio
1704 3516 1861 3573 incredulus
1874 3515 1965 3586 lieret,
1980 3516 2059 3588 inJu-

400 3616 475 3673 rege,
490 3601 599 3672 juvenis
611 3602 669 3676 ipse
682 3604 709 3658 in
723 3614 895 3676 conspectura
911 3620 988 3659 suum
1004 3604 1157 3667 adducitur,
1174 3610 1201 3657 et
1255 3606 1378 3677 stitaeque
1393 3604 1459 3660 illud
1475 3622 1606 3677 arguens,
1628 3607 1714 3661 Deum
1741 3614 1788 3661 aut
1816 3605 1887 3662 taeta
1914 3606 2059 3660 hominum

398 3706 446 3745 rex
460 3690 539 3745 illurn
553 3694 604 3748 hae
619 3707 686 3751 voce
701 3693 845 3764 alloquitur
862 3691 1126 3763 :rQuerilurpater
1137 3700 1199 3745 tuns
1256 3693 1396 3766 ignorare,
1425 3703 1472 3749 aut
1504 3694 1640 3765 equitatis
1670 3711 1703 3749 ea
1740 3694 1816 3750 lance
1843 3694 1917 3750 nolle
1944 3709 2062 3765 pensare

400 3777 435 3833 de
450 3785 475 3834 te
490 3780 563 3852 qnod
575 3790 673 3851 praeter
686 3781 821 3839 licentiam
837 3798 914 3837 suam
933 3780 1101 3837 Christianus
1128 3778 1198 3836 effe·
1259 3787 1401 3835 astrueret.
1417 3778 1542 3851 Exempli
1556 3795 1649 3845 causa,
1665 3779 1862 3853 quinquaginta
1874 3778 1983 3836 circiter
1995 3778 2060 3848 riri,

403 3874 462 3921 ctus
474 3884 521 3929 es;
539 3868 591 3924 boo
605 3870 628 3923 si
643 3870 678 3924 ita
695 3877 745 3938 est,
759 3869 888 3942 praecipio
904 3869 951 3923 tihi
963 3877 1093 3942 qnatenus
1108 3869 1202 3925 volun·
1259 3867 1358 3939 quibas
1373 3867 1462 3923 adhuc
1475 3867 1527 3922 illis
1541 3867 1648 3935 diebus,
1665 3884 1698 3923 ex
1713 3866 1822 3938 antiqua
1836 3868 1988 3940 anglorum
2012 3868 2059 3922 in-

401 3954 450 4008 tsti
466 3956 525 4025 ejus
541 3956 719 4019 satisfaciens.
736 3958 809 4013 omni
819 3957 939 4029 ambage
949 3958 1053 4013 seclusa
1061 3957 1201 4027 judaismo

402 4049 427 4097 te
441 4041 497 4097 sine
506 4058 583 4099 mora
596 4045 733 4099 restituas.
750 4068 761 4093 ιι
794 4046 844 4100 Cui
871 4046 980 4115 juvenis
1007 4044 1197 4116 respondeas:

1258 3957 1418 4029 genuitate,
1454 3956 1625 4012 diuitiarnnm
1653 3957 1778 4029 qnaedatn
1808 3956 1925 4029 vestigia
1940 3956 2063 4013 arridere

1259 4046 1435 4113 ridebantur,
1451 4046 1523 4117 capti
1538 4053 1609 4114 snat,
1625 4053 1652 4099 et
1666 4046 1822 4101 calumniati
1838 4047 1895 4118 (20)
1910 4045 1987 4118 qnod
2001 4061 2061 4102 ccr-

403 4152 414 4177 ι
431 4129 546 4186 Domine
564 4148 621 4197 rex,
638 4132 684 4201 ait,
701 4140 729 4187 nt
743 4142 819 4203 puto,
832 4134 947 4202 jocaris.
968 4136 1029 4188 »tlt
1055 4133 1100 4189 ille
1124 4133 1199 4187 indi-

399 4225 509 4289 gnatus,
537 4220 676 4291 «Troum,
706 4221 801 4292 inquit,
828 4222 944 4292 jocarer,
972 4222 1100 4277 stercoris
1129 4220 1197 4275 titia

400 4304 510 4362 Recede
524 4308 622 4380 potius,
639 4317 665 4365 et
677 4316 845 4381 praeceptum
860 4326 949 4365 meum
967 4310 1088 4365 velocius
1103 4309 1197 4380 imple,

403 4392 524 4466 alioquin
538 4412 588 4467 per
598 4398 702 4454 ruitum
713 4398 746 4454 de
756 4398 988 4455 Lucasacinrntibi
999 4398 1092 4454 oeulos
1101 4398 1171 4453 erui.
1186 4421 1196 4445 ι

400 4482 475 4540 Tunc
488 4484 647 4543 adolescens
663 4487 761 4543 anime
776 4487 854 4560 quior
869 4487 965 4557 iactus,
981 4502 1047 4544 voce
1068 4487 1199 4543 constanti

400 4572 436 4627 ita
451 4574 611 4647 respondit:
637 4598 647 4626 a
664 4577 761 4647 Utique
774 4590 828 4631 non
843 4575 954 4631 inciam.
976 4578 1073 4632 l'erum
1089 4575 1199 4631 norcris

400 4661 473 4733 quia,
490 4662 514 4717 si
528 4663 616 4719 bonus
636 4664 803 4720 Christianus
827 4680 1067 4736 esses,nunquan1
1095 4666 1129 4720 de
1152 4681 1199 4721 ore

399 4757 445 4806 tuo
461 4749 526 4808 talia
542 4752 710 4824 protulisses.
726 4753 869 4809 Christiani
884 4752 982 4809 etenim
998 4762 1039 4808 est
1052 4769 1099 4809 eos
1122 4754 1167 4826 qui
1183 4770 1198 4808 a

1258 4152 1308 4191 vos
1324 4136 1396 4207 regis
1408 4136 1529 4207 ceperint
1545 4134 1594 4204 (a),
1611 4133 1799 4200 mactaverint,
1815 4134 2055 4191 manducaverint.

1258 4226 1366 4297 Negant
1381 4224 1418 4279 illi
1431 4241 1437 4286 ;
1453 4224 1525 4279 undc
1538 4223 1630 4278 statim
1641 4222 1814 4294 adjudicium
1824 4224 1892 4295 rupti
1900 4222 2060 4294 judicantur

1258 4312 1383 4383 injectam
1401 4313 1564 4369 calumniam
1580 4314 1635 4383 (at)
1651 4312 1776 4367 examine
1789 4311 1865 4384 igniti
1877 4312 1913 4383 (b)
1925 4311 1992 4367 ferri
2004 4328 2019 4367 a
2031 4330 2061 4368 se

1260 4402 1418 4473 propulsare
1434 4401 1543 4456 debere.
1561 4401 1665 4456 Statuto
1680 4401 1770 4473 itaque
1785 4401 1839 4470 die,
1856 4399 1958 4473 praetixi
1971 4417 2062 4473 poenaa

1257 4491 1352 4562 judicii
1364 4490 1465 4565 pariter
1479 4490 1584 4545 subacti
1598 4498 1663 4545 sunt
1678 4497 1780 4545 remota
1795 4490 1894 4560 pietate
1917 4498 1943 4545 et
1971 4491 2059 4547 raise-

1258 4579 1386 4635 rir-ordia.
1402 4579 1466 4633 Erat
1479 4594 1545 4651 ergo
1561 4578 1698 4633 miseriam
1713 4578 1816 4634 ridere.
1840 4578 1941 4633 Verum
1965 4580 2059 4636 omni·

1258 4679 1354 4740 potens
1369 4668 1452 4734 Deus,
1468 4668 1510 4722 eni
1530 4666 1744 4723 misericordiam
1772 4674 1798 4721 et
1824 4666 1955 4738 judicium
1985 4671 2059 4725 canit

1258 4756 1406 4813 Daridieus
1420 4756 1551 4827 psalmus,
1568 4755 1721 4809 innocentia
1736 4771 1840 4821 eorum,
1857 4756 2062 4813 serratismise·

400 4838 504 4897 Christo
518 4858 567 4913 per
579 4841 795 4899 incredulitatem
811 4842 926 4913 separati
941 4849 1003 4896 sunt
1028 4840 1053 4897 ei
1082 4842 1196 4912 conjnn·
1212 4822 1239 4883 D
1255 4846 1402 4903 ricordater
1415 4845 1449 4899 ab
1473 4844 1614 4899 exustione
1640 4843 1765 4899 manibus
1793 4843 1924 4911 omnium,
1954 4847 2062 4903 cunctis

399 4944 548 5002 gere;n0n
563 4939 653 4987 antem
670 4933 776 5003 eosqui
792 4930 829 4986 itti
844 4928 1149 5002 perfidemjunctisunt
1164 4932 1199 4986 ah
1255 4930 1383 4992 ostendit,
1398 4937 1425 4984 et
1437 4928 1544 4983 malitis
1559 4928 1698 4984 hominnm
1727 4944 1775 4983 eos
1803 4928 1887 4999 impie
1915 4928 2061 4987 destruere

399 5032 433 5072 eo
447 5034 586 5087 separare.
606 5041 617 5071 ι
635 5019 768 5075 Confusus
783 5021 911 5091 princeps
927 5020 953 5073 io
969 5018 1035 5087 istis,
1056 5029 1199 5076 contume-
1254 5019 1418 5091 cupientium
1433 5034 1514 5090 qnam
1525 5016 1624 5088 injusta
1637 5016 1731 5081 luerit,
1744 5018 1820 5088 justo
1832 5016 1936 5087 judicio
1964 5018 2060 5075 decla-

400 5104 443 5160 liis
458 5105 583 5162 ellectum
596 5108 723 5178 juvenem
739 5124 800 5165 cnm
817 5109 950 5165 dedecore
962 5108 1041 5179 jussit
1056 5109 1110 5164 sais
1130 5125 1199 5165 con·
1255 5108 1337 5164 ravit.
1356 5108 1441 5181 lgitur
1453 5123 1513 5161 cum
1528 5106 1644 5177 principi
1659 5113 1730 5161 esset
1744 5104 1859 5162 relatum
1887 5104 2062 5164 condamna-

399 5196 537 5264 spectihns
552 5196 695 5252 eliminari.
705 5195 757 5266 Qui
771 5197 900 5268 expulsus
910 5206 1014 5269 patrem
1026 5214 1104 5253 suum
1116 5210 1198 5253 aven·
1256 5207 1296 5253 tos
1310 5196 1372 5253 illos
1386 5196 1465 5252 tertio
1478 5194 1574 5267 judicii
1589 5193 1633 5251 die
1648 5193 1729 5250 simul
1744 5210 1842 5251 omnes
1857 5194 1954 5250 inustis
1967 5197 2061 5252 mani-

1056 5338 1276 5395 tltsrtscttntttt
1293 5338 1408 5396 NOTAE.

426 5460 1198 5534 (a)‹tenaciores,inquitatatmesburieasis‚quasprtmo

400 5531 560 5601 indulserat,
577 5532 646 5587 adeo
660 5532 808 5603 prohibuit,
824 5542 853 5588 ut
866 5534 980 5603 capitale
993 5538 1064 5590 esset
1092 5535 1197 5607 snppli-

399 5606 482 5672 cium,
499 5603 667 5675 prendidisse
682 5619 816 5660 cervum:
837 5628 847 5651 ι
865 5605 1101 5675 quaminsaniarn,
1132 5622 1198 5687 par-

399 5676 489 5733 dentis
507 5676 648 5731 hominem
671 5689 721 5745 pro
746 5672 873 5743 bestiola,
903 5677 1015 5749 egregie
1043 5676 1200 5750 perstringit

401 5744 747 5804 loannesSarisburiensis
776 5744 824 5801 lib.
852 5763 860 5799 ι
883 5744 917 5801 de
946 5747 1025 5819 hugis
1048 5747 1198 5813 curialium,

401 5835 433 5875 ea
456 5820 504 5873 .t.

434 5836 474 5958 ¹(lb)
489 5886 594 5945 Similis
608 5885 741 5943 examinis
754 5887 908 5958 exemplum
929 5888 986 5957 jam
1015 5888 1132 5945 vidimus
1157 5888 1201 5943 dei

405 5956 569 6037 precedenti
585 5958 613 6014 in
629 5958 687 6015 tin
702 5956 731 6012 B.
748 5956 936 6029 hildegundis.
953 5958 1085 6014 Seldenns
1111 5966 1202 6014 autem

1253 5464 1280 5518 in
1295 5462 1443 5533 Spicilegio
1458 5461 1492 5517 ad
1506 5460 1579 5517 hunc
1589 5461 1678 5518 locunt
1689 5470 1764 5518 notat
1774 5462 1856 5534 hujus
1866 5477 1899 5519 ao
1909 5463 2009 5520 similis
2016 5466 2061 5536 jn·

1253 5535 1328 5600 dicii,
1344 5535 1416 5605 qnod
1432 5533 1581 5590 ordotdrnn
1591 5542 1698 5589 veteres
1708 5534 2061 5606 Saxonesdicehantthle-

1254 5607 1345 5660 marini
1363 5606 1481 5673 urthelt,
1496 5604 1573 5676 Belgi
1597 5603 1700 5660 Ordcel
1723 5605 1874 5671 nominant)
1901 5606 2059 5663 exolevisse

1253 5692 1334 5732 usum
1348 5683 1471 5744 ternpore
1486 5675 1595 5730 Henrici
1610 5676 1658 5741 llI,
1681 5682 1762 5746 atque
1788 5678 1871 5748 hujus
1898 5678 2061 5734 mandatura

1254 5762 1326 5803 anno
1345 5748 1410 5801 tata
1424 5746 1626 5817 promulgatum
1641 5746 1762 5813 exhibet,
1777 5762 1827 5817 pro
1843 5763 1896 5818 quo
1910 5746 1963 5804 isto
1987 5763 2062 5806 anno

1254 5818 1365 5873 mandat
1376 5817 1528 5888 justitiariis
1542 5816 1708 5888 quibusdam
1734 5817 1791 5873 suis
1811 5819 1949 5887 quomodo
1974 5835 2060 5891 agere

1255 5888 1372 5945 debeant
1385 5889 1411 5942 in
1425 5888 1461 5943 iis
1472 5886 1642 5957 criminibus,
1660 5910 1672 5936 ι
1690 5887 1790 5959 quibus
1802 5898 1971 5958 competeret
1982 5891 2060 5962 judi·

1256 5960 1329 6016 cium
1343 5958 1413 6031 ignis
1424 5958 1469 6016 vel
1483 5975 1570 6035 aquae,
1582 5959 1605 6015 ri
1620 5974 1675 6015 non
1684 5966 1757 6017 esset
1771 5959 1951 6036 prohibitum.
1970 5985 1982 6011 a
