<?xml version="1.0" encoding="UTF-8"?>
<!DOCTYPE html PUBLIC "-//W3C//DTD XHTML 1.0 Transitional//EN"
    "http://www.w3.org/TR/xhtml1/DTD/xhtml1-transitional.dtd">
<html xmlns="http://www.w3.org/1999/xhtml" xml:lang="en" lang="en">
 <head>
  <title>
</title>
<meta http-equiv="Content-Type" content="text/html;charset=utf-8" />
  <meta name='ocr-system' content='tesseract 3.04.00' />
  <meta name='ocr-capabilities' content='ocr_page ocr_carea ocr_par ocr_line ocrx_word'/>
</head>
<body>
  <div class='ocr_page' id='page_1' title='image "./patrologiaecurs91unkngoog_0193.png"; bbox 0 0 4750 6725; ppageno 0'>
   <div class='ocr_carea' id='block_1_1' title="bbox 320 627 372 686">
    <p class='ocr_par' dir='ltr' id='par_1_1' title="bbox 320 627 372 686">
     <span class='ocr_line' id='line_1_1' title="bbox 320 627 372 686; baseline 0 0"><span class='ocrx_word' id='word_1_1' title='bbox 320 627 372 686; x_wconf 76' lang='grc'>371</span> 
     </span>
    </p>
   </div>
   <div class='ocr_carea' id='block_1_2' title="bbox 884 619 1420 680">
    <p class='ocr_par' dir='ltr' id='par_1_2' title="bbox 884 619 1420 680">
     <span class='ocr_line' id='line_1_2' title="bbox 884 619 1420 680; baseline 0.002 -2"><span class='ocrx_word' id='word_1_2' title='bbox 884 619 1050 678; x_wconf 73' lang='lat' dir='ltr'><strong>HISTORIA</strong></span> <span class='ocrx_word' id='word_1_3' title='bbox 1064 619 1250 680; x_wconf 77' lang='lat' dir='ltr'>NOVORUbl.</span> <span class='ocrx_word' id='word_1_4' title='bbox 1266 651 1300 662; x_wconf 90' lang='lat'>·—</span> <span class='ocrx_word' id='word_1_5' title='bbox 1315 623 1380 679; x_wconf 79' lang='lat' dir='ltr'>bttt.</span> <span class='ocrx_word' id='word_1_6' title='bbox 1398 625 1420 679; x_wconf 91' lang='grc' dir='ltr'>ι.</span> 
     </span>
    </p>
   </div>
   <div class='ocr_carea' id='block_1_3' title="bbox 1919 627 1973 688">
    <p class='ocr_par' dir='ltr' id='par_1_3' title="bbox 1919 627 1973 688">
     <span class='ocr_line' id='line_1_3' title="bbox 1919 627 1973 688; baseline 0.037 -3"><span class='ocrx_word' id='word_1_7' title='bbox 1919 627 1973 688; x_wconf 74' lang='grc'>318</span> 
     </span>
    </p>
   </div>
   <div class='ocr_carea' id='block_1_4' title="bbox 321 744 1972 826">
    <p class='ocr_par' dir='ltr' id='par_1_4' title="bbox 321 744 1972 826">
     <span class='ocr_line' id='line_1_4' title="bbox 321 744 1972 826; baseline 0.001 -16"><span class='ocrx_word' id='word_1_8' title='bbox 321 771 336 810; x_wconf 90' lang='lat' dir='ltr'>a</span> <span class='ocrx_word' id='word_1_9' title='bbox 350 753 469 809; x_wconf 91' lang='lat' dir='ltr'>cinerum</span> <span class='ocrx_word' id='word_1_10' title='bbox 483 749 665 822; x_wconf 72' lang='lat' dir='ltr'><strong>susceptione,</strong></span> <span class='ocrx_word' id='word_1_11' title='bbox 681 759 708 806; x_wconf 89' lang='lat' dir='ltr'>et</span> <span class='ocrx_word' id='word_1_12' title='bbox 721 766 737 805; x_wconf 93' lang='lat' dir='ltr'>a</span> <span class='ocrx_word' id='word_1_13' title='bbox 751 765 808 806; x_wconf 86' lang='lat' dir='ltr'>suae</span> <span class='ocrx_word' id='word_1_14' title='bbox 819 747 995 806; x_wconf 74' lang='lat' dir='ltr'><strong>absolutionis</strong></span> <span class='ocrx_word' id='word_1_15' title='bbox 1006 746 1116 802; x_wconf 86' lang='lat' dir='ltr'>bencdi-</span> <span class='ocrx_word' id='word_1_16' title='bbox 1131 744 1161 805; x_wconf 80' lang='lat' dir='ltr'>A</span> <span class='ocrx_word' id='word_1_17' title='bbox 1175 765 1252 804; x_wconf 88' lang='lat' dir='ltr'>suum</span> <span class='ocrx_word' id='word_1_18' title='bbox 1267 765 1313 806; x_wconf 88' lang='lat' dir='ltr'>rex</span> <span class='ocrx_word' id='word_1_19' title='bbox 1328 749 1466 820; x_wconf 86' lang='lat' dir='ltr'>cohibere,</span> <span class='ocrx_word' id='word_1_20' title='bbox 1487 751 1536 807; x_wconf 86' lang='lat' dir='ltr'>sed</span> <span class='ocrx_word' id='word_1_21' title='bbox 1551 753 1652 824; x_wconf 91' lang='lat' dir='ltr'>oppide</span> <span class='ocrx_word' id='word_1_22' title='bbox 1666 755 1799 826; x_wconf 87' lang='lat' dir='ltr'>turbatus,</span> <span class='ocrx_word' id='word_1_23' title='bbox 1824 771 1885 812; x_wconf 91' lang='lat' dir='ltr'>curn</span> <span class='ocrx_word' id='word_1_24' title='bbox 1913 756 1972 812; x_wconf 87' lang='lat' dir='ltr'>ira-</span> 
     </span>
    </p>
   </div>
   <div class='ocr_carea' id='block_1_5' title="bbox 316 835 1118 1892">
    <p class='ocr_par' dir='ltr' id='par_1_5' title="bbox 319 835 1118 1254">
     <span class='ocr_line' id='line_1_5' title="bbox 320 835 1118 913; baseline -0.009 -14"><span class='ocrx_word' id='word_1_25' title='bbox 320 843 409 899; x_wconf 90' lang='lat' dir='ltr'>ctione</span> <span class='ocrx_word' id='word_1_26' title='bbox 424 841 574 913; x_wconf 78' lang='lat' dir='ltr'>suspendit.</span> <span class='ocrx_word' id='word_1_27' title='bbox 590 840 655 896; x_wconf 85' lang='lat' dir='ltr'>Erat</span> <span class='ocrx_word' id='word_1_28' title='bbox 669 846 759 895; x_wconf 88' lang='lat' dir='ltr'>autem</span> <span class='ocrx_word' id='word_1_29' title='bbox 788 840 817 893; x_wconf 95' lang='lat' dir='ltr'>in</span> <span class='ocrx_word' id='word_1_30' title='bbox 842 837 886 893; x_wconf 88' lang='lat' dir='ltr'>bis</span> <span class='ocrx_word' id='word_1_31' title='bbox 912 845 938 894; x_wconf 92' lang='lat' dir='ltr'>et</span> <span class='ocrx_word' id='word_1_32' title='bbox 961 835 1118 908; x_wconf 88' lang='lat' dir='ltr'>hujusmodi</span> 
     </span>
     <span class='ocr_line' id='line_1_6' title="bbox 320 924 1118 1004; baseline -0.006 -18"><span class='ocrx_word' id='word_1_33' title='bbox 320 929 469 1004; x_wconf 78' lang='lat' dir='ltr'>prudenter</span> <span class='ocrx_word' id='word_1_34' title='bbox 495 945 527 986; x_wconf 88' lang='lat' dir='ltr'>ae</span> <span class='ocrx_word' id='word_1_35' title='bbox 551 929 635 986; x_wconf 89' lang='lat' dir='ltr'>libere</span> <span class='ocrx_word' id='word_1_36' title='bbox 659 943 758 1002; x_wconf 81' lang='lat' dir='ltr'>agens.</span> <span class='ocrx_word' id='word_1_37' title='bbox 782 929 875 983; x_wconf 88' lang='lat' dir='ltr'>Neone</span> <span class='ocrx_word' id='word_1_38' title='bbox 900 926 985 982; x_wconf 89' lang='lat' dir='ltr'>solius</span> <span class='ocrx_word' id='word_1_39' title='bbox 1007 924 1118 994; x_wconf 79' lang='lat' dir='ltr'>justitiae</span> 
     </span>
     <span class='ocr_line' id='line_1_7' title="bbox 319 1012 1118 1091; baseline -0.006 -17"><span class='ocrx_word' id='word_1_40' title='bbox 319 1027 472 1091; x_wconf 87' lang='lat' dir='ltr'>respectum</span> <span class='ocrx_word' id='word_1_41' title='bbox 488 1033 544 1090; x_wconf 81' lang='lat' dir='ltr'>prae</span> <span class='ocrx_word' id='word_1_42' title='bbox 556 1017 642 1075; x_wconf 88' lang='lat' dir='ltr'>oeulis</span> <span class='ocrx_word' id='word_1_43' title='bbox 652 1017 679 1072; x_wconf 89' lang='lat' dir='ltr'>iu</span> <span class='ocrx_word' id='word_1_44' title='bbox 691 1017 817 1074; x_wconf 87' lang='lat' dir='ltr'>omnibus</span> <span class='ocrx_word' id='word_1_45' title='bbox 825 1016 940 1082; x_wconf 85' lang='lat' dir='ltr'>habens,</span> <span class='ocrx_word' id='word_1_46' title='bbox 953 1015 1072 1087; x_wconf 75' lang='lat' dir='ltr'><strong>qualiter</strong></span> <span class='ocrx_word' id='word_1_47' title='bbox 1083 1012 1118 1069; x_wconf 88' lang='lat' dir='ltr'>ad</span> 
     </span>
     <span class='ocr_line' id='line_1_8' title="bbox 320 1105 1118 1178; baseline -0.011 -13"><span class='ocrx_word' id='word_1_48' title='bbox 320 1108 369 1165; x_wconf 84' lang='lat' dir='ltr'>Dei</span> <span class='ocrx_word' id='word_1_49' title='bbox 378 1107 517 1166; x_wconf 80' lang='lat' dir='ltr'>servitiam</span> <span class='ocrx_word' id='word_1_50' title='bbox 525 1107 712 1178; x_wconf 88' lang='lat' dir='ltr'>justitiamque</span> <span class='ocrx_word' id='word_1_51' title='bbox 723 1105 865 1164; x_wconf 87' lang='lat' dir='ltr'>colendam</span> <span class='ocrx_word' id='word_1_52' title='bbox 877 1119 971 1177; x_wconf 81' lang='lat' dir='ltr'>regem</span> <span class='ocrx_word' id='word_1_53' title='bbox 984 1118 1118 1175; x_wconf 78' lang='lat' dir='ltr'>provoca-</span> 
     </span>
     <span class='ocr_line' id='line_1_9' title="bbox 319 1193 662 1254; baseline -0.009 -1"><span class='ocrx_word' id='word_1_54' title='bbox 319 1206 360 1254; x_wconf 83' lang='lat' dir='ltr'>rut</span> <span class='ocrx_word' id='word_1_55' title='bbox 373 1196 522 1252; x_wconf 71' lang='lat' dir='ltr'>studiosius</span> <span class='ocrx_word' id='word_1_56' title='bbox 535 1193 662 1251; x_wconf 89' lang='lat' dir='ltr'>intendit.</span> 
     </span>
    </p>

    <p class='ocr_par' dir='ltr' id='par_1_6' title="bbox 316 1282 1118 1892">
     <span class='ocr_line' id='line_1_10' title="bbox 355 1282 1118 1358; baseline -0.007 -17"><span class='ocrx_word' id='word_1_57' title='bbox 355 1287 405 1342; x_wconf 87' lang='lat' dir='ltr'>Die</span> <span class='ocrx_word' id='word_1_58' title='bbox 420 1284 631 1358; x_wconf 82' lang='lat' dir='ltr'>igiturquadam</span> <span class='ocrx_word' id='word_1_59' title='bbox 645 1283 756 1340; x_wconf 90' lang='lat' dir='ltr'>adeum</span> <span class='ocrx_word' id='word_1_60' title='bbox 771 1299 803 1338; x_wconf 85' lang='lat' dir='ltr'>ex</span> <span class='ocrx_word' id='word_1_61' title='bbox 818 1297 894 1338; x_wconf 89' lang='lat' dir='ltr'>more</span> <span class='ocrx_word' id='word_1_62' title='bbox 909 1283 967 1351; x_wconf 82' lang='lat' dir='ltr'>ivit,</span> <span class='ocrx_word' id='word_1_63' title='bbox 992 1286 1019 1338; x_wconf 89' lang='lat' dir='ltr'>et</span> <span class='ocrx_word' id='word_1_64' title='bbox 1040 1282 1118 1352; x_wconf 83' lang='lat' dir='ltr'>juxta</span> 
     </span>
     <span class='ocr_line' id='line_1_11' title="bbox 320 1370 1117 1442; baseline -0.006 -12"><span class='ocrx_word' id='word_1_65' title='bbox 320 1375 399 1431; x_wconf 90' lang='lat' dir='ltr'>illum</span> <span class='ocrx_word' id='word_1_66' title='bbox 413 1375 522 1442; x_wconf 88' lang='lat' dir='ltr'>sedens,</span> <span class='ocrx_word' id='word_1_67' title='bbox 538 1389 600 1428; x_wconf 89' lang='lat' dir='ltr'>enm</span> <span class='ocrx_word' id='word_1_68' title='bbox 615 1372 658 1428; x_wconf 89' lang='lat' dir='ltr'>bis</span> <span class='ocrx_word' id='word_1_69' title='bbox 670 1371 761 1429; x_wconf 84' lang='lat' dir='ltr'>verbis</span> <span class='ocrx_word' id='word_1_70' title='bbox 776 1370 877 1442; x_wconf 88' lang='lat' dir='ltr'>alloqui</span> <span class='ocrx_word' id='word_1_71' title='bbox 892 1371 973 1442; x_wconf 86' lang='lat' dir='ltr'>ooepit</span> <span class='ocrx_word' id='word_1_72' title='bbox 988 1383 995 1426; x_wconf 94' lang='lat'><strong>:</strong></span> <span class='ocrx_word' id='word_1_73' title='bbox 1012 1391 1027 1420; x_wconf 77' lang='lat' dir='ltr'>a</span> <span class='ocrx_word' id='word_1_74' title='bbox 1043 1371 1117 1425; x_wconf 88' lang='lat' dir='ltr'>blare</span> 
     </span>
     <span class='ocr_line' id='line_1_12' title="bbox 321 1459 1115 1532; baseline -0.01 -12"><span class='ocrx_word' id='word_1_75' title='bbox 321 1471 358 1532; x_wconf 89' lang='lat' dir='ltr'>te,</span> <span class='ocrx_word' id='word_1_76' title='bbox 371 1463 482 1520; x_wconf 89' lang='lat' dir='ltr'>domine</span> <span class='ocrx_word' id='word_1_77' title='bbox 505 1461 542 1518; x_wconf 91' lang='lat' dir='ltr'>mi</span> <span class='ocrx_word' id='word_1_78' title='bbox 564 1477 623 1530; x_wconf 87' lang='lat' dir='ltr'>rex,</span> <span class='ocrx_word' id='word_1_79' title='bbox 649 1461 823 1517; x_wconf 84' lang='lat' dir='ltr'>transiturum</span> <span class='ocrx_word' id='word_1_80' title='bbox 844 1467 871 1516; x_wconf 90' lang='lat' dir='ltr'>et</span> <span class='ocrx_word' id='word_1_81' title='bbox 892 1459 1115 1515; x_wconf 87' lang='lat' dir='ltr'>Nortbmanniam</span> 
     </span>
     <span class='ocr_line' id='line_1_13' title="bbox 320 1548 1116 1623; baseline -0.006 -16"><span class='ocrx_word' id='word_1_82' title='bbox 320 1560 378 1608; x_wconf 80' lang='lat' dir='ltr'>tuae</span> <span class='ocrx_word' id='word_1_83' title='bbox 404 1551 499 1609; x_wconf 85' lang='lat' dir='ltr'>ditioni</span> <span class='ocrx_word' id='word_1_84' title='bbox 519 1551 727 1623; x_wconf 82' lang='lat' dir='ltr'>subjugaturum</span> <span class='ocrx_word' id='word_1_85' title='bbox 746 1548 913 1620; x_wconf 77' lang='lat' dir='ltr'>disposuisti.</span> <span class='ocrx_word' id='word_1_86' title='bbox 938 1549 1039 1604; x_wconf 85' lang='lat' dir='ltr'>Verum</span> <span class='ocrx_word' id='word_1_87' title='bbox 1063 1562 1116 1618; x_wconf 93' lang='lat' dir='ltr'>quo</span> 
     </span>
     <span class='ocr_line' id='line_1_14' title="bbox 316 1635 1113 1712; baseline -0.01 -14"><span class='ocrx_word' id='word_1_88' title='bbox 316 1643 376 1698; x_wconf 91' lang='lat' dir='ltr'>baec</span> <span class='ocrx_word' id='word_1_89' title='bbox 391 1647 418 1697; x_wconf 90' lang='lat' dir='ltr'>et</span> <span class='ocrx_word' id='word_1_90' title='bbox 441 1640 497 1696; x_wconf 90' lang='lat' dir='ltr'>alia</span> <span class='ocrx_word' id='word_1_91' title='bbox 520 1657 582 1712; x_wconf 76' lang='lat' dir='ltr'>quas</span> <span class='ocrx_word' id='word_1_92' title='bbox 606 1639 746 1695; x_wconf 90' lang='lat' dir='ltr'>desideras</span> <span class='ocrx_word' id='word_1_93' title='bbox 770 1639 819 1693; x_wconf 92' lang='lat' dir='ltr'>tibi</span> <span class='ocrx_word' id='word_1_94' title='bbox 843 1653 972 1710; x_wconf 85' lang='lat' dir='ltr'>prospere</span> <span class='ocrx_word' id='word_1_95' title='bbox 996 1635 1113 1704; x_wconf 87' lang='lat' dir='ltr'>aedant;</span> 
     </span>
     <span class='ocr_line' id='line_1_15' title="bbox 316 1727 1115 1801; baseline -0.009 -14"><span class='ocrx_word' id='word_1_96' title='bbox 316 1730 433 1788; x_wconf 90' lang='lat' dir='ltr'>obsecro</span> <span class='ocrx_word' id='word_1_97' title='bbox 446 1730 565 1801; x_wconf 92' lang='lat' dir='ltr'>primum</span> <span class='ocrx_word' id='word_1_98' title='bbox 580 1727 620 1785; x_wconf 84' lang='lat' dir='ltr'>ier</span> <span class='ocrx_word' id='word_1_99' title='bbox 634 1745 713 1800; x_wconf 92' lang='lat' dir='ltr'>opem</span> <span class='ocrx_word' id='word_1_100' title='bbox 729 1736 755 1784; x_wconf 92' lang='lat' dir='ltr'>et</span> <span class='ocrx_word' id='word_1_101' title='bbox 779 1727 924 1784; x_wconf 84' lang='lat' dir='ltr'>consilium</span> <span class='ocrx_word' id='word_1_102' title='bbox 949 1727 1065 1798; x_wconf 87' lang='lat' dir='ltr'>qualiter</span> <span class='ocrx_word' id='word_1_103' title='bbox 1087 1727 1115 1781; x_wconf 93' lang='lat' dir='ltr'>in</span> 
     </span>
     <span class='ocr_line' id='line_1_16' title="bbox 317 1816 1114 1892; baseline -0.009 -16"><span class='ocrx_word' id='word_1_104' title='bbox 317 1821 371 1876; x_wconf 94' lang='lat' dir='ltr'>boc</span> <span class='ocrx_word' id='word_1_105' title='bbox 385 1835 470 1892; x_wconf 81' lang='lat' dir='ltr'>regno</span> <span class='ocrx_word' id='word_1_106' title='bbox 485 1827 530 1874; x_wconf 93' lang='lat' dir='ltr'>tuo</span> <span class='ocrx_word' id='word_1_107' title='bbox 544 1818 742 1886; x_wconf 79' lang='lat' dir='ltr'>christianitas,</span> <span class='ocrx_word' id='word_1_108' title='bbox 758 1833 818 1888; x_wconf 82' lang='lat' dir='ltr'>qnae</span> <span class='ocrx_word' id='word_1_109' title='bbox 840 1817 898 1888; x_wconf 86' lang='lat' dir='ltr'>jam</span> <span class='ocrx_word' id='word_1_110' title='bbox 922 1816 980 1872; x_wconf 85' lang='lat' dir='ltr'>iero</span> <span class='ocrx_word' id='word_1_111' title='bbox 1005 1819 1070 1883; x_wconf 90' lang='lat' dir='ltr'>tota,</span> <span class='ocrx_word' id='word_1_112' title='bbox 1086 1816 1114 1869; x_wconf 92' lang='lat' dir='ltr'>in</span> 
     </span>
    </p>
   </div>
   <div class='ocr_carea' id='block_1_6' title="bbox 1168 839 1972 1890">
    <p class='ocr_par' dir='ltr' id='par_1_7' title="bbox 1168 839 1972 1890">
     <span class='ocr_line' id='line_1_17' title="bbox 1174 839 1972 916; baseline 0.009 -23"><span class='ocrx_word' id='word_1_113' title='bbox 1174 839 1277 894; x_wconf 91' lang='lat' dir='ltr'>cundia</span> <span class='ocrx_word' id='word_1_114' title='bbox 1291 839 1376 894; x_wconf 81' lang='lat' dir='ltr'>dixit:</span> <span class='ocrx_word' id='word_1_115' title='bbox 1394 861 1406 892; x_wconf 81' lang='grc' dir='ltr'>ι</span> <span class='ocrx_word' id='word_1_116' title='bbox 1424 839 1496 909; x_wconf 87' lang='lat' dir='ltr'>Quid</span> <span class='ocrx_word' id='word_1_117' title='bbox 1511 841 1546 896; x_wconf 91' lang='lat' dir='ltr'>ad</span> <span class='ocrx_word' id='word_1_118' title='bbox 1561 849 1586 897; x_wconf 87' lang='lat' dir='ltr'>te</span> <span class='ocrx_word' id='word_1_119' title='bbox 1601 844 1615 898; x_wconf 83' lang='grc' dir='ltr'>ι</span> <span class='ocrx_word' id='word_1_120' title='bbox 1628 845 1758 916; x_wconf 90' lang='lat' dir='ltr'>Nunquid</span> <span class='ocrx_word' id='word_1_121' title='bbox 1772 845 1890 901; x_wconf 79' lang='lat' dir='ltr'>abbatiae</span> <span class='ocrx_word' id='word_1_122' title='bbox 1916 859 1972 902; x_wconf 92' lang='lat' dir='ltr'>non</span> 
     </span>
     <span class='ocr_line' id='line_1_18' title="bbox 1172 928 1972 1004; baseline 0.009 -22"><span class='ocrx_word' id='word_1_123' title='bbox 1172 935 1235 983; x_wconf 90' lang='lat' dir='ltr'>suut</span> <span class='ocrx_word' id='word_1_124' title='bbox 1249 943 1318 983; x_wconf 85' lang='lat' dir='ltr'>meae</span> <span class='ocrx_word' id='word_1_125' title='bbox 1331 930 1346 982; x_wconf 74' lang='grc' dir='ltr'>ι</span> <span class='ocrx_word' id='word_1_126' title='bbox 1361 928 1440 996; x_wconf 88' lang='lat' dir='ltr'>ilem,</span> <span class='ocrx_word' id='word_1_127' title='bbox 1456 937 1484 984; x_wconf 91' lang='lat' dir='ltr'>tu</span> <span class='ocrx_word' id='word_1_128' title='bbox 1499 931 1572 1001; x_wconf 90' lang='lat' dir='ltr'>quod</span> <span class='ocrx_word' id='word_1_129' title='bbox 1586 932 1631 986; x_wconf 85' lang='lat' dir='ltr'>vis</span> <span class='ocrx_word' id='word_1_130' title='bbox 1645 932 1705 1004; x_wconf 79' lang='lat' dir='ltr'>agis</span> <span class='ocrx_word' id='word_1_131' title='bbox 1716 933 1751 988; x_wconf 89' lang='lat' dir='ltr'>de</span> <span class='ocrx_word' id='word_1_132' title='bbox 1763 934 1838 988; x_wconf 84' lang='lat' dir='ltr'>villis</span> <span class='ocrx_word' id='word_1_133' title='bbox 1861 933 1929 999; x_wconf 71' lang='lat' dir='ltr'>tuis3</span> <span class='ocrx_word' id='word_1_134' title='bbox 1945 940 1972 989; x_wconf 90' lang='lat' dir='ltr'>et</span> 
     </span>
     <span class='ocr_line' id='line_1_19' title="bbox 1172 1017 1969 1089; baseline 0.009 -19"><span class='ocrx_word' id='word_1_135' title='bbox 1172 1031 1225 1088; x_wconf 78' lang='lat' dir='ltr'>ego</span> <span class='ocrx_word' id='word_1_136' title='bbox 1239 1031 1294 1072; x_wconf 93' lang='lat' dir='ltr'>non</span> <span class='ocrx_word' id='word_1_137' title='bbox 1310 1031 1392 1089; x_wconf 76' lang='lat' dir='ltr'>agam</span> <span class='ocrx_word' id='word_1_138' title='bbox 1407 1017 1479 1088; x_wconf 91' lang='lat' dir='ltr'>quod</span> <span class='ocrx_word' id='word_1_139' title='bbox 1491 1020 1554 1074; x_wconf 82' lang='lat' dir='ltr'>rolo</span> <span class='ocrx_word' id='word_1_140' title='bbox 1567 1018 1602 1075; x_wconf 89' lang='lat' dir='ltr'>de</span> <span class='ocrx_word' id='word_1_141' title='bbox 1617 1019 1734 1076; x_wconf 87' lang='lat' dir='ltr'>abbatiis</span> <span class='ocrx_word' id='word_1_142' title='bbox 1749 1022 1840 1078; x_wconf 76' lang='lat' dir='ltr'>meisi</span> <span class='ocrx_word' id='word_1_143' title='bbox 1861 1044 1873 1070; x_wconf 72' lang='grc' dir='ltr'>ι</span> <span class='ocrx_word' id='word_1_144' title='bbox 1903 1021 1969 1077; x_wconf 78' lang='lat' dir='ltr'>eit:</span> 
     </span>
     <span class='ocr_line' id='line_1_20' title="bbox 1174 1105 1970 1179; baseline 0.01 -20"><span class='ocrx_word' id='word_1_145' title='bbox 1174 1127 1185 1152; x_wconf 77' lang='grc' dir='ltr'>ι</span> <span class='ocrx_word' id='word_1_146' title='bbox 1203 1105 1268 1160; x_wconf 85' lang='lat' dir='ltr'>Tuae</span> <span class='ocrx_word' id='word_1_147' title='bbox 1283 1105 1392 1175; x_wconf 91' lang='lat' dir='ltr'>quidem</span> <span class='ocrx_word' id='word_1_148' title='bbox 1408 1115 1470 1161; x_wconf 91' lang='lat' dir='ltr'>sunt</span> <span class='ocrx_word' id='word_1_149' title='bbox 1481 1114 1510 1161; x_wconf 93' lang='lat' dir='ltr'>ut</span> <span class='ocrx_word' id='word_1_150' title='bbox 1524 1107 1588 1163; x_wconf 88' lang='lat' dir='ltr'>illas</span> <span class='ocrx_word' id='word_1_151' title='bbox 1603 1109 1676 1179; x_wconf 90' lang='lat' dir='ltr'>quasi</span> <span class='ocrx_word' id='word_1_152' title='bbox 1699 1109 1847 1166; x_wconf 84' lang='lat' dir='ltr'>advocatus</span> <span class='ocrx_word' id='word_1_153' title='bbox 1869 1110 1970 1167; x_wconf 81' lang='lat' dir='ltr'>delen·</span> 
     </span>
     <span class='ocr_line' id='line_1_21' title="bbox 1171 1193 1971 1266; baseline 0.008 -18"><span class='ocrx_word' id='word_1_154' title='bbox 1171 1193 1222 1249; x_wconf 89' lang='lat' dir='ltr'>das</span> <span class='ocrx_word' id='word_1_155' title='bbox 1236 1200 1321 1266; x_wconf 90' lang='lat' dir='ltr'>atquc</span> <span class='ocrx_word' id='word_1_156' title='bbox 1336 1194 1481 1264; x_wconf 90' lang='lat' dir='ltr'>custodias,</span> <span class='ocrx_word' id='word_1_157' title='bbox 1496 1211 1550 1252; x_wconf 91' lang='lat' dir='ltr'>uon</span> <span class='ocrx_word' id='word_1_158' title='bbox 1566 1206 1618 1253; x_wconf 80' lang='lat' dir='ltr'>tuae</span> <span class='ocrx_word' id='word_1_159' title='bbox 1631 1206 1721 1254; x_wconf 90' lang='lat' dir='ltr'>autem</span> <span class='ocrx_word' id='word_1_160' title='bbox 1736 1207 1765 1254; x_wconf 92' lang='lat' dir='ltr'>ut</span> <span class='ocrx_word' id='word_1_161' title='bbox 1788 1199 1900 1257; x_wconf 88' lang='lat' dir='ltr'>invadas</span> <span class='ocrx_word' id='word_1_162' title='bbox 1924 1206 1971 1255; x_wconf 91' lang='lat' dir='ltr'>aut</span> 
     </span>
     <span class='ocr_line' id='line_1_22' title="bbox 1172 1282 1969 1354; baseline 0.009 -17"><span class='ocrx_word' id='word_1_163' title='bbox 1172 1282 1314 1338; x_wconf 77' lang='lat' dir='ltr'>devastes.</span> <span class='ocrx_word' id='word_1_164' title='bbox 1334 1284 1384 1340; x_wconf 85' lang='lat' dir='ltr'>Dei</span> <span class='ocrx_word' id='word_1_165' title='bbox 1398 1283 1499 1341; x_wconf 84' lang='lat' dir='ltr'>scimus</span> <span class='ocrx_word' id='word_1_166' title='bbox 1513 1301 1561 1341; x_wconf 89' lang='lat' dir='ltr'>eas</span> <span class='ocrx_word' id='word_1_167' title='bbox 1575 1301 1645 1354; x_wconf 85' lang='lat' dir='ltr'>esse,</span> <span class='ocrx_word' id='word_1_168' title='bbox 1661 1294 1691 1342; x_wconf 91' lang='grc' dir='ltr'>ιιι</span> <span class='ocrx_word' id='word_1_169' title='bbox 1703 1287 1745 1344; x_wconf 92' lang='lat' dir='ltr'>sui</span> <span class='ocrx_word' id='word_1_170' title='bbox 1769 1286 1889 1343; x_wconf 89' lang='lat' dir='ltr'>ministri</span> <span class='ocrx_word' id='word_1_171' title='bbox 1904 1287 1969 1344; x_wconf 89' lang='lat' dir='ltr'>inde</span> 
     </span>
     <span class='ocr_line' id='line_1_23' title="bbox 1171 1370 1968 1444; baseline 0.006 -19"><span class='ocrx_word' id='word_1_172' title='bbox 1171 1370 1274 1440; x_wconf 84' lang='lat' dir='ltr'>virent,</span> <span class='ocrx_word' id='word_1_173' title='bbox 1290 1387 1345 1428; x_wconf 93' lang='lat' dir='ltr'>nou</span> <span class='ocrx_word' id='word_1_174' title='bbox 1360 1387 1413 1443; x_wconf 92' lang='lat' dir='ltr'>quo</span> <span class='ocrx_word' id='word_1_175' title='bbox 1422 1374 1616 1444; x_wconf 79' lang='lat' dir='ltr'>expeditiones</span> <span class='ocrx_word' id='word_1_176' title='bbox 1630 1385 1657 1431; x_wconf 91' lang='lat' dir='ltr'>et</span> <span class='ocrx_word' id='word_1_177' title='bbox 1671 1377 1742 1432; x_wconf 87' lang='lat' dir='ltr'>bella</span> <span class='ocrx_word' id='word_1_178' title='bbox 1757 1385 1802 1432; x_wconf 93' lang='lat' dir='ltr'>tua</span> <span class='ocrx_word' id='word_1_179' title='bbox 1815 1377 1880 1432; x_wconf 91' lang='lat' dir='ltr'>inde</span> <span class='ocrx_word' id='word_1_180' title='bbox 1892 1376 1968 1432; x_wconf 88' lang='lat' dir='ltr'>fiant.</span> 
     </span>
     <span class='ocr_line' id='line_1_24' title="bbox 1169 1460 1970 1536; baseline 0.007 -21"><span class='ocrx_word' id='word_1_181' title='bbox 1169 1460 1293 1532; x_wconf 90' lang='lat' dir='ltr'>Denique</span> <span class='ocrx_word' id='word_1_182' title='bbox 1306 1462 1385 1517; x_wconf 79' lang='lat' dir='ltr'>uillas</span> <span class='ocrx_word' id='word_1_183' title='bbox 1399 1467 1427 1518; x_wconf 92' lang='lat' dir='ltr'>et</span> <span class='ocrx_word' id='word_1_184' title='bbox 1443 1464 1617 1536; x_wconf 81' lang='lat' dir='ltr'>quamplures</span> <span class='ocrx_word' id='word_1_185' title='bbox 1630 1466 1754 1522; x_wconf 88' lang='lat' dir='ltr'>redditus</span> <span class='ocrx_word' id='word_1_186' title='bbox 1774 1466 1867 1534; x_wconf 86' lang='lat' dir='ltr'>babes,</span> <span class='ocrx_word' id='word_1_187' title='bbox 1897 1464 1970 1521; x_wconf 90' lang='lat' dir='ltr'>unde</span> 
     </span>
     <span class='ocr_line' id='line_1_25' title="bbox 1169 1551 1969 1625; baseline 0.005 -21"><span class='ocrx_word' id='word_1_188' title='bbox 1169 1551 1286 1622; x_wconf 88' lang='lat' dir='ltr'>pleniter</span> <span class='ocrx_word' id='word_1_189' title='bbox 1300 1551 1489 1607; x_wconf 87' lang='lat' dir='ltr'>administrare</span> <span class='ocrx_word' id='word_1_190' title='bbox 1506 1559 1552 1608; x_wconf 87' lang='lat' dir='ltr'>toa</span> <span class='ocrx_word' id='word_1_191' title='bbox 1565 1560 1656 1623; x_wconf 90' lang='lat' dir='ltr'>potes.</span> <span class='ocrx_word' id='word_1_192' title='bbox 1676 1553 1815 1620; x_wconf 87' lang='lat' dir='ltr'>Ecclesiis,</span> <span class='ocrx_word' id='word_1_193' title='bbox 1832 1554 1855 1608; x_wconf 93' lang='lat' dir='ltr'>si</span> <span class='ocrx_word' id='word_1_194' title='bbox 1869 1555 1969 1625; x_wconf 89' lang='lat' dir='ltr'>placet,</span> 
     </span>
     <span class='ocr_line' id='line_1_26' title="bbox 1169 1638 1971 1714; baseline 0.007 -20"><span class='ocrx_word' id='word_1_195' title='bbox 1169 1655 1219 1695; x_wconf 90' lang='lat' dir='ltr'>sua</span> <span class='ocrx_word' id='word_1_196' title='bbox 1233 1638 1347 1696; x_wconf 87' lang='lat' dir='ltr'>dimitte.</span> <span class='ocrx_word' id='word_1_197' title='bbox 1364 1641 1417 1696; x_wconf 89' lang='lat' dir='ltr'>Pro</span> <span class='ocrx_word' id='word_1_198' title='bbox 1435 1647 1522 1710; x_wconf 91' lang='lat' dir='ltr'>certo,</span> <span class='ocrx_word' id='word_1_199' title='bbox 1543 1641 1640 1714; x_wconf 77' lang='lat' dir='ltr'>inquit,</span> <span class='ocrx_word' id='word_1_200' title='bbox 1665 1643 1777 1698; x_wconf 78' lang='lat' dir='ltr'>noveris</span> <span class='ocrx_word' id='word_1_201' title='bbox 1799 1642 1865 1697; x_wconf 89' lang='lat' dir='ltr'>mibi</span> <span class='ocrx_word' id='word_1_202' title='bbox 1888 1642 1971 1700; x_wconf 84' lang='lat' dir='ltr'>valde</span> 
     </span>
     <span class='ocr_line' id='line_1_27' title="bbox 1168 1729 1970 1802; baseline 0.002 -18"><span class='ocrx_word' id='word_1_203' title='bbox 1168 1729 1307 1785; x_wconf 86' lang='lat' dir='ltr'>contraria</span> <span class='ocrx_word' id='word_1_204' title='bbox 1320 1745 1380 1784; x_wconf 90' lang='lat' dir='ltr'>esse</span> <span class='ocrx_word' id='word_1_205' title='bbox 1395 1746 1456 1802; x_wconf 87' lang='lat' dir='ltr'>quae</span> <span class='ocrx_word' id='word_1_206' title='bbox 1471 1730 1548 1786; x_wconf 90' lang='lat' dir='ltr'>dieis.</span> <span class='ocrx_word' id='word_1_207' title='bbox 1566 1732 1623 1787; x_wconf 91' lang='lat' dir='ltr'>Nec</span> <span class='ocrx_word' id='word_1_208' title='bbox 1637 1731 1709 1786; x_wconf 91' lang='lat' dir='ltr'>enim</span> <span class='ocrx_word' id='word_1_209' title='bbox 1724 1741 1883 1787; x_wconf 79' lang='lat' dir='ltr'>antecessor</span> <span class='ocrx_word' id='word_1_210' title='bbox 1908 1739 1970 1786; x_wconf 91' lang='lat' dir='ltr'>tuns</span> 
     </span>
     <span class='ocr_line' id='line_1_28' title="bbox 1168 1819 1970 1890; baseline 0.002 -18"><span class='ocrx_word' id='word_1_211' title='bbox 1168 1819 1281 1874; x_wconf 90' lang='lat' dir='ltr'>auderet</span> <span class='ocrx_word' id='word_1_212' title='bbox 1295 1819 1429 1874; x_wconf 90' lang='lat' dir='ltr'>ullatenus</span> <span class='ocrx_word' id='word_1_213' title='bbox 1444 1820 1513 1890; x_wconf 88' lang='lat' dir='ltr'>patri</span> <span class='ocrx_word' id='word_1_214' title='bbox 1539 1836 1601 1876; x_wconf 89' lang='lat' dir='ltr'>meo</span> <span class='ocrx_word' id='word_1_215' title='bbox 1625 1820 1688 1876; x_wconf 89' lang='lat' dir='ltr'>talia</span> <span class='ocrx_word' id='word_1_216' title='bbox 1712 1821 1826 1877; x_wconf 87' lang='lat' dir='ltr'>dicere:</span> <span class='ocrx_word' id='word_1_217' title='bbox 1851 1829 1879 1876; x_wconf 88' lang='lat' dir='ltr'>et</span> <span class='ocrx_word' id='word_1_218' title='bbox 1901 1819 1970 1875; x_wconf 87' lang='lat' dir='ltr'>nihil</span> 
     </span>
    </p>
   </div>
   <div class='ocr_carea' id='block_1_7' title="bbox 313 1905 1970 2168">
    <p class='ocr_par' dir='ltr' id='par_1_8' title="bbox 313 1905 1970 2168">
     <span class='ocr_line' id='line_1_29' title="bbox 316 1905 1969 1995; baseline 0.001 -32"><span class='ocrx_word' id='word_1_219' title='bbox 316 1909 410 1963; x_wconf 89' lang='lat' dir='ltr'>multis</span> <span class='ocrx_word' id='word_1_220' title='bbox 425 1907 516 1981; x_wconf 85' lang='lat' dir='ltr'>periit,</span> <span class='ocrx_word' id='word_1_221' title='bbox 528 1907 661 1962; x_wconf 87' lang='lat' dir='ltr'>instalum</span> <span class='ocrx_word' id='word_1_222' title='bbox 671 1923 750 1961; x_wconf 92' lang='lat' dir='ltr'>suum</span> <span class='ocrx_word' id='word_1_223' title='bbox 760 1905 848 1978; x_wconf 80' lang='lat' dir='ltr'>redigi</span> <span class='ocrx_word' id='word_1_224' title='bbox 860 1906 956 1978; x_wconf 89' lang='lat' dir='ltr'>possit.</span> <span class='ocrx_word' id='word_1_225' title='bbox 969 1927 979 1954; x_wconf 81' lang='lat' dir='ltr'>n</span> <span class='ocrx_word' id='word_1_226' title='bbox 992 1905 1113 1976; x_wconf 81' lang='lat' dir='ltr'>Respon-</span> <span class='ocrx_word' id='word_1_227' title='bbox 1166 1907 1266 1995; x_wconf 62' lang='lat' dir='ltr'>faciam</span> <span class='ocrx_word' id='word_1_228' title='bbox 1283 1923 1331 1974; x_wconf 92' lang='lat' dir='ltr'>pro</span> <span class='ocrx_word' id='word_1_229' title='bbox 1347 1914 1382 1963; x_wconf 89' lang='lat' dir='ltr'>te.</span> <span class='ocrx_word' id='word_1_230' title='bbox 1401 1931 1411 1957; x_wconf 77' lang='lat' dir='ltr'>u</span> <span class='ocrx_word' id='word_1_231' title='bbox 1429 1907 1566 1964; x_wconf 78' lang='lat' dir='ltr'>intellexit</span> <span class='ocrx_word' id='word_1_232' title='bbox 1581 1925 1649 1981; x_wconf 87' lang='lat' dir='ltr'>ergo</span> <span class='ocrx_word' id='word_1_233' title='bbox 1664 1909 1812 1966; x_wconf 68' lang='lat' dir='ltr'>anselmus</span> <span class='ocrx_word' id='word_1_234' title='bbox 1827 1925 1858 1967; x_wconf 88' lang='lat' dir='ltr'>se</span> <span class='ocrx_word' id='word_1_235' title='bbox 1883 1908 1969 1966; x_wconf 78' lang='lat' dir='ltr'>rerba</span> 
     </span>
     <span class='ocr_line' id='line_1_30' title="bbox 315 1993 1734 2071; baseline 0.001 -19"><span class='ocrx_word' id='word_1_236' title='bbox 315 1997 355 2052; x_wconf 90' lang='lat' dir='ltr'>dit</span> <span class='ocrx_word' id='word_1_237' title='bbox 372 2016 379 2052; x_wconf 90' lang='lat'>:</span> <span class='ocrx_word' id='word_1_238' title='bbox 394 2019 405 2047; x_wconf 84' lang='grc' dir='ltr'>ι</span> <span class='ocrx_word' id='word_1_239' title='bbox 421 1995 508 2066; x_wconf 86' lang='lat' dir='ltr'>Quam</span> <span class='ocrx_word' id='word_1_240' title='bbox 523 2012 614 2067; x_wconf 89' lang='lat' dir='ltr'>opem,</span> <span class='ocrx_word' id='word_1_241' title='bbox 630 1993 703 2066; x_wconf 89' lang='lat' dir='ltr'>qnod</span> <span class='ocrx_word' id='word_1_242' title='bbox 717 1995 886 2050; x_wconf 80' lang='lat' dir='ltr'>consilium?</span> <span class='ocrx_word' id='word_1_243' title='bbox 908 1995 987 2064; x_wconf 89' lang='lat' dir='ltr'>lube,</span> <span class='ocrx_word' id='word_1_244' title='bbox 1014 1993 1059 2062; x_wconf 87' lang='lat' dir='ltr'>ait,</span> <span class='ocrx_word' id='word_1_245' title='bbox 1089 1993 1112 2048; x_wconf 91' lang='lat' dir='ltr'>si</span> <span class='ocrx_word' id='word_1_246' title='bbox 1166 1999 1194 2052; x_wconf 79' lang='lat' dir='ltr'>¹n</span> <span class='ocrx_word' id='word_1_247' title='bbox 1208 2004 1318 2054; x_wconf 83' lang='lat' dir='ltr'>rentum</span> <span class='ocrx_word' id='word_1_248' title='bbox 1329 1997 1470 2068; x_wconf 77' lang='lat' dir='ltr'>proferre3</span> <span class='ocrx_word' id='word_1_249' title='bbox 1487 2005 1513 2052; x_wconf 93' lang='lat' dir='ltr'>ct</span> <span class='ocrx_word' id='word_1_250' title='bbox 1528 2015 1643 2071; x_wconf 83' lang='lat' dir='ltr'>surgens</span> <span class='ocrx_word' id='word_1_251' title='bbox 1659 1998 1734 2055; x_wconf 90' lang='lat' dir='ltr'>abiit.</span> 
     </span>
     <span class='ocr_line' id='line_1_31' title="bbox 313 2084 1970 2168; baseline 0.001 -28"><span class='ocrx_word' id='word_1_252' title='bbox 313 2087 416 2158; x_wconf 88' lang='lat' dir='ltr'>placet,</span> <span class='ocrx_word' id='word_1_253' title='bbox 428 2085 546 2142; x_wconf 87' lang='lat' dir='ltr'>eoncilia</span> <span class='ocrx_word' id='word_1_254' title='bbox 560 2101 593 2142; x_wconf 84' lang='lat' dir='ltr'>ex</span> <span class='ocrx_word' id='word_1_255' title='bbox 607 2085 716 2156; x_wconf 89' lang='lat' dir='ltr'>antiquo</span> <span class='ocrx_word' id='word_1_256' title='bbox 732 2101 780 2140; x_wconf 92' lang='lat' dir='ltr'>usn</span> <span class='ocrx_word' id='word_1_257' title='bbox 794 2084 931 2152; x_wconf 84' lang='lat' dir='ltr'>renovari,</span> <span class='ocrx_word' id='word_1_258' title='bbox 948 2099 1007 2156; x_wconf 84' lang='lat' dir='ltr'>quac</span> <span class='ocrx_word' id='word_1_259' title='bbox 1015 2097 1111 2155; x_wconf 87' lang='lat' dir='ltr'>perpa-</span> <span class='ocrx_word' id='word_1_260' title='bbox 1129 2101 1157 2168; x_wconf 73' lang='lat' dir='ltr'>B</span> <span class='ocrx_word' id='word_1_261' title='bbox 1206 2086 1351 2156; x_wconf 85' lang='lat' dir='ltr'>lteputana</span> <span class='ocrx_word' id='word_1_262' title='bbox 1365 2093 1461 2141; x_wconf 86' lang='lat' dir='ltr'>autem</span> <span class='ocrx_word' id='word_1_263' title='bbox 1475 2086 1502 2140; x_wconf 92' lang='lat' dir='ltr'>in</span> <span class='ocrx_word' id='word_1_264' title='bbox 1516 2085 1673 2158; x_wconf 82' lang='lat' dir='ltr'>hujusmodi</span> <span class='ocrx_word' id='word_1_265' title='bbox 1694 2087 1833 2158; x_wconf 86' lang='lat' dir='ltr'>responsis</span> <span class='ocrx_word' id='word_1_266' title='bbox 1848 2086 1970 2144; x_wconf 81' lang='lat' dir='ltr'>nonnihil</span> 
     </span>
    </p>
   </div>
   <div class='ocr_carea' id='block_1_8' title="bbox 313 2169 1116 3310">
    <p class='ocr_par' dir='ltr' id='par_1_9' title="bbox 313 2169 1116 3310">
     <span class='ocr_line' id='line_1_32' title="bbox 315 2169 1115 2242; baseline -0.005 -12"><span class='ocrx_word' id='word_1_267' title='bbox 315 2191 376 2230; x_wconf 89' lang='lat' dir='ltr'>ram</span> <span class='ocrx_word' id='word_1_268' title='bbox 391 2179 452 2230; x_wconf 87' lang='lat' dir='ltr'>acta</span> <span class='ocrx_word' id='word_1_269' title='bbox 466 2181 528 2230; x_wconf 88' lang='lat' dir='ltr'>sunt</span> <span class='ocrx_word' id='word_1_270' title='bbox 542 2174 570 2228; x_wconf 91' lang='lat' dir='ltr'>in</span> <span class='ocrx_word' id='word_1_271' title='bbox 586 2173 705 2228; x_wconf 90' lang='lat' dir='ltr'>medinm</span> <span class='ocrx_word' id='word_1_272' title='bbox 720 2173 853 2242; x_wconf 81' lang='lat' dir='ltr'>revocari,</span> <span class='ocrx_word' id='word_1_273' title='bbox 866 2180 993 2228; x_wconf 72' lang='lat' dir='ltr'>revocata</span> <span class='ocrx_word' id='word_1_274' title='bbox 1009 2169 1115 2227; x_wconf 88' lang='lat' dir='ltr'>exami-</span> 
     </span>
     <span class='ocr_line' id='line_1_33' title="bbox 313 2261 1116 2334; baseline -0.004 -17"><span class='ocrx_word' id='word_1_275' title='bbox 313 2263 385 2332; x_wconf 88' lang='lat' dir='ltr'>nari,</span> <span class='ocrx_word' id='word_1_276' title='bbox 401 2261 556 2319; x_wconf 86' lang='lat' dir='ltr'>examinata</span> <span class='ocrx_word' id='word_1_277' title='bbox 571 2261 711 2334; x_wconf 81' lang='lat' dir='ltr'>redargui,</span> <span class='ocrx_word' id='word_1_278' title='bbox 728 2261 877 2334; x_wconf 85' lang='lat' dir='ltr'>redarguta</span> <span class='ocrx_word' id='word_1_279' title='bbox 900 2261 998 2316; x_wconf 88' lang='lat' dir='ltr'>sedari.</span> <span class='ocrx_word' id='word_1_280' title='bbox 1023 2261 1116 2316; x_wconf 90' lang='lat' dir='ltr'>Gene-</span> 
     </span>
     <span class='ocr_line' id='line_1_34' title="bbox 313 2351 1116 2422; baseline -0.006 -14"><span class='ocrx_word' id='word_1_281' title='bbox 313 2353 373 2408; x_wconf 85' lang='lat' dir='ltr'>rale</span> <span class='ocrx_word' id='word_1_282' title='bbox 406 2367 504 2422; x_wconf 90' lang='lat' dir='ltr'>nempe</span> <span class='ocrx_word' id='word_1_283' title='bbox 532 2351 679 2407; x_wconf 90' lang='lat' dir='ltr'>concilium</span> <span class='ocrx_word' id='word_1_284' title='bbox 705 2351 905 2422; x_wconf 86' lang='lat' dir='ltr'>episcoporum,</span> <span class='ocrx_word' id='word_1_285' title='bbox 935 2366 968 2406; x_wconf 89' lang='lat' dir='ltr'>ex</span> <span class='ocrx_word' id='word_1_286' title='bbox 984 2362 1038 2422; x_wconf 90' lang='lat' dir='ltr'>quo</span> <span class='ocrx_word' id='word_1_287' title='bbox 1067 2364 1116 2403; x_wconf 81' lang='lat' dir='ltr'>rex</span> 
     </span>
     <span class='ocr_line' id='line_1_35' title="bbox 314 2439 1116 2512; baseline -0.001 -16"><span class='ocrx_word' id='word_1_288' title='bbox 314 2439 504 2509; x_wconf 83' lang='lat' dir='ltr'>lactusiuisti,</span> <span class='ocrx_word' id='word_1_289' title='bbox 520 2455 574 2495; x_wconf 90' lang='lat' dir='ltr'>non</span> <span class='ocrx_word' id='word_1_290' title='bbox 602 2439 651 2495; x_wconf 89' lang='lat' dir='ltr'>suit</span> <span class='ocrx_word' id='word_1_291' title='bbox 676 2439 704 2493; x_wconf 93' lang='lat' dir='ltr'>in</span> <span class='ocrx_word' id='word_1_292' title='bbox 731 2439 834 2512; x_wconf 80' lang='lat' dir='ltr'>Anglia</span> <span class='ocrx_word' id='word_1_293' title='bbox 862 2439 1039 2508; x_wconf 87' lang='lat' dir='ltr'>celebratum,</span> <span class='ocrx_word' id='word_1_294' title='bbox 1067 2455 1116 2495; x_wconf 86' lang='lat' dir='ltr'>nec</span> 
     </span>
     <span class='ocr_line' id='line_1_36' title="bbox 316 2527 1116 2600; baseline -0.003 -16"><span class='ocrx_word' id='word_1_295' title='bbox 316 2527 461 2586; x_wconf 77' lang='lat' dir='ltr'>retroactis</span> <span class='ocrx_word' id='word_1_296' title='bbox 474 2529 596 2600; x_wconf 88' lang='lat' dir='ltr'>pluribus</span> <span class='ocrx_word' id='word_1_297' title='bbox 608 2528 686 2584; x_wconf 88' lang='lat' dir='ltr'>annis</span> <span class='ocrx_word' id='word_1_298' title='bbox 702 2527 750 2598; x_wconf 83' lang='grc' dir='ltr'>(α).</span> <span class='ocrx_word' id='word_1_299' title='bbox 765 2527 937 2599; x_wconf 87' lang='lat' dir='ltr'>Quapropter</span> <span class='ocrx_word' id='word_1_300' title='bbox 964 2528 1047 2582; x_wconf 86' lang='lat' dir='ltr'>multa</span> <span class='ocrx_word' id='word_1_301' title='bbox 1060 2528 1116 2584; x_wconf 90' lang='lat' dir='ltr'>cri-</span> 
     </span>
     <span class='ocr_line' id='line_1_37' title="bbox 317 2617 1116 2690; baseline 0.001 -17"><span class='ocrx_word' id='word_1_302' title='bbox 317 2619 395 2674; x_wconf 88' lang='lat' dir='ltr'>mina</span> <span class='ocrx_word' id='word_1_303' title='bbox 410 2625 587 2690; x_wconf 85' lang='lat' dir='ltr'>erupuerunt,</span> <span class='ocrx_word' id='word_1_304' title='bbox 603 2625 630 2673; x_wconf 87' lang='lat' dir='ltr'>et</span> <span class='ocrx_word' id='word_1_305' title='bbox 644 2617 718 2674; x_wconf 83' lang='lat' dir='ltr'>rrullo</span> <span class='ocrx_word' id='word_1_306' title='bbox 732 2617 777 2689; x_wconf 93' lang='lat' dir='ltr'>qui</span> <span class='ocrx_word' id='word_1_307' title='bbox 793 2632 825 2672; x_wconf 87' lang='lat' dir='ltr'>ea</span> <span class='ocrx_word' id='word_1_308' title='bbox 840 2617 971 2674; x_wconf 86' lang='lat' dir='ltr'>recideret</span> <span class='ocrx_word' id='word_1_309' title='bbox 986 2617 1116 2674; x_wconf 83' lang='lat' dir='ltr'>existente</span> 
     </span>
     <span class='ocr_line' id='line_1_38' title="bbox 317 2704 1115 2778; baseline -0.001 -15"><span class='ocrx_word' id='word_1_310' title='bbox 317 2709 345 2763; x_wconf 92' lang='lat' dir='ltr'>in</span> <span class='ocrx_word' id='word_1_311' title='bbox 362 2705 475 2762; x_wconf 91' lang='lat' dir='ltr'>nimium</span> <span class='ocrx_word' id='word_1_312' title='bbox 490 2707 576 2762; x_wconf 90' lang='lat' dir='ltr'>robur</span> <span class='ocrx_word' id='word_1_313' title='bbox 590 2722 641 2778; x_wconf 86' lang='lat' dir='ltr'>per</span> <span class='ocrx_word' id='word_1_314' title='bbox 655 2704 766 2776; x_wconf 80' lang='lat' dir='ltr'>proveni</span> <span class='ocrx_word' id='word_1_315' title='bbox 781 2705 1001 2762; x_wconf 88' lang='lat' dir='ltr'>consuetudinem</span> <span class='ocrx_word' id='word_1_316' title='bbox 1017 2721 1115 2762; x_wconf 84' lang='lat' dir='ltr'>exore-</span> 
     </span>
     <span class='ocr_line' id='line_1_39' title="bbox 316 2794 1116 2866; baseline -0.003 -15"><span class='ocrx_word' id='word_1_317' title='bbox 316 2804 426 2852; x_wconf 85' lang='lat' dir='ltr'>vcrunt.</span> <span class='ocrx_word' id='word_1_318' title='bbox 447 2797 509 2851; x_wconf 79' lang='lat' dir='ltr'>»at</span> <span class='ocrx_word' id='word_1_319' title='bbox 524 2795 570 2852; x_wconf 92' lang='lat' dir='ltr'>ille</span> <span class='ocrx_word' id='word_1_320' title='bbox 587 2813 594 2850; x_wconf 93' lang='lat'>:</span> <span class='ocrx_word' id='word_1_321' title='bbox 611 2817 622 2844; x_wconf 80' lang='grc' dir='ltr'>ι</span> <span class='ocrx_word' id='word_1_322' title='bbox 640 2795 718 2864; x_wconf 87' lang='lat' dir='ltr'>Cum,</span> <span class='ocrx_word' id='word_1_323' title='bbox 738 2794 835 2866; x_wconf 89' lang='lat' dir='ltr'>inquit,</span> <span class='ocrx_word' id='word_1_324' title='bbox 851 2795 916 2850; x_wconf 86' lang='lat' dir='ltr'>mihi</span> <span class='ocrx_word' id='word_1_325' title='bbox 932 2796 1020 2850; x_wconf 82' lang='lat' dir='ltr'>visum</span> <span class='ocrx_word' id='word_1_326' title='bbox 1037 2795 1116 2851; x_wconf 84' lang='lat' dir='ltr'>tuerit</span> 
     </span>
     <span class='ocr_line' id='line_1_40' title="bbox 317 2882 1113 2957; baseline -0.003 -17"><span class='ocrx_word' id='word_1_327' title='bbox 317 2885 352 2940; x_wconf 92' lang='lat' dir='ltr'>de</span> <span class='ocrx_word' id='word_1_328' title='bbox 369 2883 413 2939; x_wconf 88' lang='lat' dir='ltr'>his</span> <span class='ocrx_word' id='word_1_329' title='bbox 427 2898 520 2957; x_wconf 79' lang='lat' dir='ltr'>agam,</span> <span class='ocrx_word' id='word_1_330' title='bbox 535 2900 589 2940; x_wconf 87' lang='lat' dir='ltr'>nort</span> <span class='ocrx_word' id='word_1_331' title='bbox 605 2884 640 2938; x_wconf 88' lang='lat' dir='ltr'>nd</span> <span class='ocrx_word' id='word_1_332' title='bbox 651 2891 724 2939; x_wconf 87' lang='lat' dir='ltr'>tuam</span> <span class='ocrx_word' id='word_1_333' title='bbox 735 2884 782 2939; x_wconf 88' lang='lat' dir='ltr'>sed</span> <span class='ocrx_word' id='word_1_334' title='bbox 793 2882 828 2938; x_wconf 90' lang='lat' dir='ltr'>ad</span> <span class='ocrx_word' id='word_1_335' title='bbox 839 2901 926 2940; x_wconf 84' lang='lat' dir='ltr'>urcem</span> <span class='ocrx_word' id='word_1_336' title='bbox 937 2884 1113 2940; x_wconf 81' lang='lat' dir='ltr'>voluntatem.</span> 
     </span>
     <span class='ocr_line' id='line_1_41' title="bbox 314 2971 1116 3044; baseline 0.001 -16"><span class='ocrx_word' id='word_1_337' title='bbox 314 2973 371 3029; x_wconf 89' lang='lat' dir='ltr'>Sed</span> <span class='ocrx_word' id='word_1_338' title='bbox 387 2973 415 3026; x_wconf 93' lang='lat' dir='ltr'>in</span> <span class='ocrx_word' id='word_1_339' title='bbox 430 2973 483 3029; x_wconf 90' lang='lat' dir='ltr'>boc</span> <span class='ocrx_word' id='word_1_340' title='bbox 503 2971 577 3028; x_wconf 90' lang='lat' dir='ltr'>aliud</span> <span class='ocrx_word' id='word_1_341' title='bbox 602 2981 708 3044; x_wconf 88' lang='lat' dir='ltr'>tempus</span> <span class='ocrx_word' id='word_1_342' title='bbox 728 2971 906 3043; x_wconf 84' lang='lat' dir='ltr'>expendetur.</span> <span class='ocrx_word' id='word_1_343' title='bbox 935 2998 946 3021; x_wconf 76' lang='grc' dir='ltr'>ι</span> <span class='ocrx_word' id='word_1_344' title='bbox 962 2975 997 3029; x_wconf 88' lang='lat' dir='ltr'>Et</span> <span class='ocrx_word' id='word_1_345' title='bbox 1016 2973 1116 3044; x_wconf 73' lang='lat' dir='ltr'>adiecit</span> 
     </span>
     <span class='ocr_line' id='line_1_42' title="bbox 314 3060 1114 3132; baseline 0.005 -17"><span class='ocrx_word' id='word_1_346' title='bbox 314 3061 488 3116; x_wconf 88' lang='lat' dir='ltr'>subsannans</span> <span class='ocrx_word' id='word_1_347' title='bbox 505 3078 511 3115; x_wconf 95' lang='lat'><strong>:</strong></span> <span class='ocrx_word' id='word_1_348' title='bbox 530 3083 540 3108; x_wconf 77' lang='grc' dir='ltr'>ι</span> <span class='ocrx_word' id='word_1_349' title='bbox 559 3061 598 3116; x_wconf 87' lang='grc' dir='ltr'>Τιι</span> <span class='ocrx_word' id='word_1_350' title='bbox 613 3075 678 3116; x_wconf 82' lang='lat' dir='ltr'>vero</span> <span class='ocrx_word' id='word_1_351' title='bbox 693 3061 721 3115; x_wconf 92' lang='lat' dir='ltr'>in</span> <span class='ocrx_word' id='word_1_352' title='bbox 735 3060 851 3117; x_wconf 89' lang='lat' dir='ltr'>concilio</span> <span class='ocrx_word' id='word_1_353' title='bbox 861 3061 932 3116; x_wconf 89' lang='lat' dir='ltr'>unde</span> <span class='ocrx_word' id='word_1_354' title='bbox 946 3061 1089 3132; x_wconf 76' lang='lat' dir='ltr'>loqueris?</span> <span class='ocrx_word' id='word_1_355' title='bbox 1101 3088 1114 3110; x_wconf 71' lang='grc' dir='ltr'>ι</span> 
     </span>
     <span class='ocr_line' id='line_1_43' title="bbox 314 3148 1116 3220; baseline 0.002 -16"><span class='ocrx_word' id='word_1_356' title='bbox 314 3151 395 3204; x_wconf 90' lang='lat' dir='ltr'>Tune</span> <span class='ocrx_word' id='word_1_357' title='bbox 416 3148 485 3205; x_wconf 89' lang='lat' dir='ltr'>ille:</span> <span class='ocrx_word' id='word_1_358' title='bbox 518 3148 775 3205; x_wconf 70' lang='lat' dir='ltr'>«Nolandissimum</span> <span class='ocrx_word' id='word_1_359' title='bbox 805 3150 933 3207; x_wconf 84' lang='lat' dir='ltr'>Sodomae</span> <span class='ocrx_word' id='word_1_360' title='bbox 959 3152 1058 3220; x_wconf 88' lang='lat' dir='ltr'>scelus,</span> <span class='ocrx_word' id='word_1_361' title='bbox 1087 3157 1116 3206; x_wconf 91' lang='lat' dir='ltr'>ut</span> 
     </span>
     <span class='ocr_line' id='line_1_44' title="bbox 314 3237 1115 3310; baseline 0.004 -17"><span class='ocrx_word' id='word_1_362' title='bbox 314 3237 414 3294; x_wconf 85' lang='lat' dir='ltr'>illicita</span> <span class='ocrx_word' id='word_1_363' title='bbox 440 3237 710 3310; x_wconf 81' lang='lat' dir='ltr'>consanguineorum</span> <span class='ocrx_word' id='word_1_364' title='bbox 733 3238 878 3308; x_wconf 88' lang='lat' dir='ltr'>connubia,</span> <span class='ocrx_word' id='word_1_365' title='bbox 907 3247 933 3294; x_wconf 91' lang='lat' dir='ltr'>ot</span> <span class='ocrx_word' id='word_1_366' title='bbox 955 3239 1010 3296; x_wconf 89' lang='lat' dir='ltr'>alie</span> <span class='ocrx_word' id='word_1_367' title='bbox 1033 3241 1115 3296; x_wconf 82' lang='lat' dir='ltr'>multa</span> 
     </span>
    </p>
   </div>
   <div class='ocr_carea' id='block_1_9' title="bbox 1169 2175 1981 3312">
    <p class='ocr_par' dir='ltr' id='par_1_10' title="bbox 1169 2175 1981 3312">
     <span class='ocr_line' id='line_1_45' title="bbox 1170 2175 1969 2246; baseline 0.005 -17"><span class='ocrx_word' id='word_1_368' title='bbox 1170 2175 1315 2246; x_wconf 91' lang='lat' dir='ltr'>pristinam</span> <span class='ocrx_word' id='word_1_369' title='bbox 1343 2176 1414 2230; x_wconf 89' lang='lat' dir='ltr'>iram</span> <span class='ocrx_word' id='word_1_370' title='bbox 1442 2175 1576 2246; x_wconf 85' lang='lat' dir='ltr'>operari,</span> <span class='ocrx_word' id='word_1_371' title='bbox 1606 2184 1632 2232; x_wconf 92' lang='lat' dir='ltr'>et</span> <span class='ocrx_word' id='word_1_372' title='bbox 1661 2177 1840 2233; x_wconf 84' lang='lat' dir='ltr'>considerans</span> <span class='ocrx_word' id='word_1_373' title='bbox 1865 2175 1969 2233; x_wconf 83' lang='lat' dir='ltr'>offenso</span> 
     </span>
     <span class='ocr_line' id='line_1_46' title="bbox 1169 2263 1969 2337; baseline 0.003 -21"><span class='ocrx_word' id='word_1_374' title='bbox 1169 2263 1303 2335; x_wconf 87' lang='lat' dir='ltr'>principis</span> <span class='ocrx_word' id='word_1_375' title='bbox 1317 2264 1409 2320; x_wconf 90' lang='lat' dir='ltr'>animo</span> <span class='ocrx_word' id='word_1_376' title='bbox 1419 2279 1591 2336; x_wconf 90' lang='lat' dir='ltr'>nequaqnam</span> <span class='ocrx_word' id='word_1_377' title='bbox 1599 2281 1681 2335; x_wconf 90' lang='lat' dir='ltr'>posse</span> <span class='ocrx_word' id='word_1_378' title='bbox 1691 2281 1787 2337; x_wconf 89' lang='lat' dir='ltr'>pacem</span> <span class='ocrx_word' id='word_1_379' title='bbox 1799 2265 1881 2321; x_wconf 88' lang='lat' dir='ltr'>rebus</span> <span class='ocrx_word' id='word_1_380' title='bbox 1890 2264 1949 2320; x_wconf 90' lang='lat' dir='ltr'>dari</span> <span class='ocrx_word' id='word_1_381' title='bbox 1961 2279 1969 2334; x_wconf 88' lang='lat'>;</span> 
     </span>
     <span class='ocr_line' id='line_1_47' title="bbox 1171 2352 1971 2424; baseline 0 -17"><span class='ocrx_word' id='word_1_382' title='bbox 1171 2367 1226 2424; x_wconf 89' lang='lat' dir='ltr'>quo</span> <span class='ocrx_word' id='word_1_383' title='bbox 1248 2359 1275 2407; x_wconf 91' lang='lat' dir='ltr'>et</span> <span class='ocrx_word' id='word_1_384' title='bbox 1298 2354 1380 2409; x_wconf 91' lang='lat' dir='ltr'>rebus</span> <span class='ocrx_word' id='word_1_385' title='bbox 1403 2353 1563 2410; x_wconf 87' lang='lat' dir='ltr'>consuleret</span> <span class='ocrx_word' id='word_1_386' title='bbox 1585 2359 1611 2408; x_wconf 89' lang='lat' dir='ltr'>et</span> <span class='ocrx_word' id='word_1_387' title='bbox 1636 2353 1758 2422; x_wconf 88' lang='lat' dir='ltr'>liberius,</span> <span class='ocrx_word' id='word_1_388' title='bbox 1781 2353 1888 2410; x_wconf 78' lang='lat' dir='ltr'>iacente</span> <span class='ocrx_word' id='word_1_389' title='bbox 1912 2352 1971 2408; x_wconf 88' lang='lat' dir='ltr'>sibi</span> 
     </span>
     <span class='ocr_line' id='line_1_48' title="bbox 1170 2440 1970 2512; baseline 0 -18"><span class='ocrx_word' id='word_1_390' title='bbox 1170 2440 1257 2512; x_wconf 83' lang='lat' dir='ltr'>regali</span> <span class='ocrx_word' id='word_1_391' title='bbox 1271 2441 1454 2512; x_wconf 84' lang='lat' dir='ltr'>providentia,</span> <span class='ocrx_word' id='word_1_392' title='bbox 1471 2442 1528 2499; x_wconf 87' lang='lat' dir='ltr'>Deo</span> <span class='ocrx_word' id='word_1_393' title='bbox 1545 2441 1727 2509; x_wconf 80' lang='lat' dir='ltr'>fructificaret,</span> <span class='ocrx_word' id='word_1_394' title='bbox 1742 2441 1838 2498; x_wconf 82' lang='lat' dir='ltr'>hunrili</span> <span class='ocrx_word' id='word_1_395' title='bbox 1855 2457 1904 2512; x_wconf 90' lang='lat' dir='ltr'>per</span> <span class='ocrx_word' id='word_1_396' title='bbox 1913 2441 1970 2512; x_wconf 88' lang='lat' dir='ltr'>epi-</span> 
     </span>
     <span class='ocr_line' id='line_1_49' title="bbox 1171 2528 1981 2603; baseline -0.005 -17"><span class='ocrx_word' id='word_1_397' title='bbox 1171 2545 1273 2601; x_wconf 90' lang='lat' dir='ltr'>scopos</span> <span class='ocrx_word' id='word_1_398' title='bbox 1286 2545 1367 2602; x_wconf 90' lang='lat' dir='ltr'>prece</span> <span class='ocrx_word' id='word_1_399' title='bbox 1384 2547 1478 2603; x_wconf 77' lang='lat' dir='ltr'>regem</span> <span class='ocrx_word' id='word_1_400' title='bbox 1495 2531 1657 2601; x_wconf 87' lang='lat' dir='ltr'>deprecatus</span> <span class='ocrx_word' id='word_1_401' title='bbox 1671 2538 1720 2597; x_wconf 81' lang='lat' dir='ltr'>est,</span> <span class='ocrx_word' id='word_1_402' title='bbox 1737 2541 1765 2586; x_wconf 90' lang='lat' dir='ltr'>ut</span> <span class='ocrx_word' id='word_1_403' title='bbox 1780 2528 1808 2585; x_wconf 91' lang='lat' dir='ltr'>in</span> <span class='ocrx_word' id='word_1_404' title='bbox 1823 2528 1981 2585; x_wconf 88' lang='lat' dir='ltr'>amicitiam.</span> 
     </span>
     <span class='ocr_line' id='line_1_50' title="bbox 1170 2617 1970 2691; baseline -0.001 -18"><span class='ocrx_word' id='word_1_405' title='bbox 1170 2617 1212 2673; x_wconf 88' lang='lat' dir='ltr'>sui</span> <span class='ocrx_word' id='word_1_406' title='bbox 1224 2633 1286 2674; x_wconf 89' lang='lat' dir='ltr'>sese</span> <span class='ocrx_word' id='word_1_407' title='bbox 1301 2620 1386 2691; x_wconf 82' lang='lat' dir='ltr'>gratis</span> <span class='ocrx_word' id='word_1_408' title='bbox 1400 2619 1565 2676; x_wconf 88' lang='lat' dir='ltr'>admitteret.</span> <span class='ocrx_word' id='word_1_409' title='bbox 1585 2643 1597 2668; x_wconf 74' lang='grc' dir='ltr'>ι</span> <span class='ocrx_word' id='word_1_410' title='bbox 1614 2619 1694 2690; x_wconf 86' lang='lat' dir='ltr'>Quod</span> <span class='ocrx_word' id='word_1_411' title='bbox 1708 2620 1742 2688; x_wconf 87' lang='lat' dir='ltr'>si,</span> <span class='ocrx_word' id='word_1_412' title='bbox 1755 2620 1802 2686; x_wconf 85' lang='lat' dir='ltr'>ait,</span> <span class='ocrx_word' id='word_1_413' title='bbox 1814 2619 1904 2674; x_wconf 83' lang='lat' dir='ltr'>lacere</span> <span class='ocrx_word' id='word_1_414' title='bbox 1913 2633 1970 2672; x_wconf 88' lang='lat' dir='ltr'>nou</span> 
     </span>
     <span class='ocr_line' id='line_1_51' title="bbox 1169 2705 1969 2776; baseline -0.003 -14"><span class='ocrx_word' id='word_1_415' title='bbox 1169 2705 1238 2774; x_wconf 90' lang='lat' dir='ltr'>vult,</span> <span class='ocrx_word' id='word_1_416' title='bbox 1253 2722 1302 2762; x_wconf 87' lang='lat' dir='ltr'>cur</span> <span class='ocrx_word' id='word_1_417' title='bbox 1315 2707 1383 2763; x_wconf 89' lang='lat' dir='ltr'>nolit</span> <span class='ocrx_word' id='word_1_418' title='bbox 1398 2708 1506 2772; x_wconf 85' lang='lat' dir='ltr'>edicat;</span> <span class='ocrx_word' id='word_1_419' title='bbox 1523 2717 1547 2764; x_wconf 91' lang='lat' dir='ltr'>et</span> <span class='ocrx_word' id='word_1_420' title='bbox 1558 2710 1580 2763; x_wconf 91' lang='lat' dir='ltr'>si</span> <span class='ocrx_word' id='word_1_421' title='bbox 1596 2706 1708 2776; x_wconf 81' lang='lat' dir='ltr'>offendi,</span> <span class='ocrx_word' id='word_1_422' title='bbox 1721 2707 1878 2763; x_wconf 84' lang='lat' dir='ltr'>satisfacere</span> <span class='ocrx_word' id='word_1_423' title='bbox 1890 2721 1969 2776; x_wconf 88' lang='lat' dir='ltr'>para·</span> 
     </span>
     <span class='ocr_line' id='line_1_52' title="bbox 1169 2794 1968 2868; baseline 0 -20"><span class='ocrx_word' id='word_1_424' title='bbox 1169 2801 1212 2849; x_wconf 90' lang='lat' dir='ltr'>tus</span> <span class='ocrx_word' id='word_1_425' title='bbox 1226 2811 1296 2850; x_wconf 84' lang='lat' dir='ltr'>sum.</span> <span class='ocrx_word' id='word_1_426' title='bbox 1316 2819 1328 2845; x_wconf 76' lang='grc' dir='ltr'>ι</span> <span class='ocrx_word' id='word_1_427' title='bbox 1345 2795 1440 2851; x_wconf 86' lang='lat' dir='ltr'>llelata</span> <span class='ocrx_word' id='word_1_428' title='bbox 1452 2804 1514 2851; x_wconf 90' lang='lat' dir='ltr'>sont</span> <span class='ocrx_word' id='word_1_429' title='bbox 1529 2796 1581 2852; x_wconf 87' lang='lat' dir='ltr'>ista</span> <span class='ocrx_word' id='word_1_430' title='bbox 1596 2797 1630 2851; x_wconf 89' lang='lat' dir='ltr'>ad</span> <span class='ocrx_word' id='word_1_431' title='bbox 1644 2811 1749 2868; x_wconf 78' lang='lat' dir='ltr'>regem,</span> <span class='ocrx_word' id='word_1_432' title='bbox 1765 2801 1792 2852; x_wconf 90' lang='lat' dir='ltr'>et</span> <span class='ocrx_word' id='word_1_433' title='bbox 1806 2794 1968 2866; x_wconf 88' lang='lat' dir='ltr'>respondit:</span> 
     </span>
     <span class='ocr_line' id='line_1_53' title="bbox 1172 2883 1968 2957; baseline 0.006 -24"><span class='ocrx_word' id='word_1_434' title='bbox 1172 2907 1183 2933; x_wconf 77' lang='grc' dir='ltr'>ι</span> <span class='ocrx_word' id='word_1_435' title='bbox 1201 2884 1241 2939; x_wconf 88' lang='lat' dir='ltr'>De</span> <span class='ocrx_word' id='word_1_436' title='bbox 1255 2884 1328 2939; x_wconf 88' lang='lat' dir='ltr'>nulle</span> <span class='ocrx_word' id='word_1_437' title='bbox 1343 2900 1373 2938; x_wconf 89' lang='lat' dir='ltr'>re</span> <span class='ocrx_word' id='word_1_438' title='bbox 1386 2883 1462 2939; x_wconf 90' lang='lat' dir='ltr'>illum</span> <span class='ocrx_word' id='word_1_439' title='bbox 1480 2885 1601 2957; x_wconf 87' lang='lat' dir='ltr'>inculpo,</span> <span class='ocrx_word' id='word_1_440' title='bbox 1617 2901 1668 2941; x_wconf 91' lang='lat' dir='ltr'>nee</span> <span class='ocrx_word' id='word_1_441' title='bbox 1687 2893 1777 2940; x_wconf 88' lang='lat' dir='ltr'>tamen</span> <span class='ocrx_word' id='word_1_442' title='bbox 1802 2884 1827 2939; x_wconf 90' lang='lat' dir='ltr'>ei</span> <span class='ocrx_word' id='word_1_443' title='bbox 1851 2884 1968 2956; x_wconf 83' lang='lat' dir='ltr'>gratiam</span> 
     </span>
     <span class='ocr_line' id='line_1_54' title="bbox 1169 2971 1969 3047; baseline 0.001 -20"><span class='ocrx_word' id='word_1_444' title='bbox 1169 2988 1269 3041; x_wconf 89' lang='lat' dir='ltr'>meam,</span> <span class='ocrx_word' id='word_1_445' title='bbox 1286 2973 1350 3044; x_wconf 86' lang='lat' dir='ltr'>quia</span> <span class='ocrx_word' id='word_1_446' title='bbox 1360 2989 1414 3029; x_wconf 92' lang='lat' dir='ltr'>non</span> <span class='ocrx_word' id='word_1_447' title='bbox 1422 2972 1504 3030; x_wconf 89' lang='lat' dir='ltr'>audio</span> <span class='ocrx_word' id='word_1_448' title='bbox 1516 2989 1610 3045; x_wconf 84' lang='lat' dir='ltr'>quare,</span> <span class='ocrx_word' id='word_1_449' title='bbox 1620 2973 1764 3047; x_wconf 74' lang='lat' dir='ltr'>indulgere</span> <span class='ocrx_word' id='word_1_450' title='bbox 1775 2974 1849 3028; x_wconf 83' lang='lat' dir='ltr'>volo.</span> <span class='ocrx_word' id='word_1_451' title='bbox 1861 2995 1871 3025; x_wconf 72' lang='lat' dir='ltr'>a</span> <span class='ocrx_word' id='word_1_452' title='bbox 1885 2971 1969 3041; x_wconf 85' lang='lat' dir='ltr'>Quod</span> 
     </span>
     <span class='ocr_line' id='line_1_55' title="bbox 1169 3060 1969 3134; baseline -0.005 -16"><span class='ocrx_word' id='word_1_453' title='bbox 1169 3075 1232 3118; x_wconf 85' lang='lat' dir='ltr'>aum</span> <span class='ocrx_word' id='word_1_454' title='bbox 1246 3061 1370 3133; x_wconf 89' lang='lat' dir='ltr'>episcopi</span> <span class='ocrx_word' id='word_1_455' title='bbox 1384 3062 1443 3119; x_wconf 83' lang='lat' dir='ltr'>viro</span> <span class='ocrx_word' id='word_1_456' title='bbox 1456 3063 1623 3130; x_wconf 88' lang='lat' dir='ltr'>retulissent,</span> <span class='ocrx_word' id='word_1_457' title='bbox 1638 3069 1828 3134; x_wconf 86' lang='lat' dir='ltr'>percunctatus</span> <span class='ocrx_word' id='word_1_458' title='bbox 1842 3060 1969 3133; x_wconf 93' lang='lat' dir='ltr'>estquid-</span> 
     </span>
     <span class='ocr_line' id='line_1_56' title="bbox 1169 3150 1970 3224; baseline -0.001 -18"><span class='ocrx_word' id='word_1_459' title='bbox 1169 3166 1233 3206; x_wconf 90' lang='lat' dir='ltr'>nam</span> <span class='ocrx_word' id='word_1_460' title='bbox 1248 3150 1316 3206; x_wconf 91' lang='lat' dir='ltr'>illud</span> <span class='ocrx_word' id='word_1_461' title='bbox 1338 3159 1411 3207; x_wconf 88' lang='lat' dir='ltr'>esset</span> <span class='ocrx_word' id='word_1_462' title='bbox 1434 3151 1517 3224; x_wconf 85' lang='lat' dir='ltr'>qood,</span> <span class='ocrx_word' id='word_1_463' title='bbox 1543 3152 1607 3222; x_wconf 91' lang='lat' dir='ltr'>quia</span> <span class='ocrx_word' id='word_1_464' title='bbox 1632 3167 1686 3207; x_wconf 93' lang='lat' dir='ltr'>non</span> <span class='ocrx_word' id='word_1_465' title='bbox 1709 3150 1848 3220; x_wconf 88' lang='lat' dir='ltr'>audiebat,</span> <span class='ocrx_word' id='word_1_466' title='bbox 1873 3164 1970 3221; x_wconf 89' lang='lat' dir='ltr'>preces</span> 
     </span>
     <span class='ocr_line' id='line_1_57' title="bbox 1169 3238 1966 3312; baseline 0 -19"><span class='ocrx_word' id='word_1_467' title='bbox 1169 3254 1232 3294; x_wconf 91' lang='lat' dir='ltr'>suas</span> <span class='ocrx_word' id='word_1_468' title='bbox 1246 3239 1380 3296; x_wconf 89' lang='lat' dir='ltr'>exaudire</span> <span class='ocrx_word' id='word_1_469' title='bbox 1403 3239 1524 3296; x_wconf 88' lang='lat' dir='ltr'>nolebat.</span> <span class='ocrx_word' id='word_1_470' title='bbox 1549 3240 1732 3312; x_wconf 67' lang='lat' dir='ltr'>«mysterium</span> <span class='ocrx_word' id='word_1_471' title='bbox 1746 3241 1808 3308; x_wconf 86' lang='lat' dir='ltr'>boc,</span> <span class='ocrx_word' id='word_1_472' title='bbox 1831 3238 1966 3310; x_wconf 89' lang='lat' dir='ltr'>inquiunt,</span> 
     </span>
    </p>
   </div>
   <div class='ocr_carea' id='block_1_10' title="bbox 314 3325 1970 3402">
    <p class='ocr_par' dir='ltr' id='par_1_11' title="bbox 314 3325 1970 3402">
     <span class='ocr_line' id='line_1_58' title="bbox 314 3325 1970 3402; baseline 0 -19"><span class='ocrx_word' id='word_1_473' title='bbox 314 3341 407 3384; x_wconf 90' lang='lat' dir='ltr'>rerum</span> <span class='ocrx_word' id='word_1_474' title='bbox 431 3325 651 3384; x_wconf 85' lang='lat' dir='ltr'>detestandorum</span> <span class='ocrx_word' id='word_1_475' title='bbox 679 3327 834 3384; x_wconf 82' lang='lat' dir='ltr'>facinorosa</span> <span class='ocrx_word' id='word_1_476' title='bbox 865 3329 975 3402; x_wconf 78' lang='lat' dir='ltr'>negotia</span> <span class='ocrx_word' id='word_1_477' title='bbox 998 3337 1114 3399; x_wconf 85' lang='lat' dir='ltr'>taceam,</span> <span class='ocrx_word' id='word_1_478' title='bbox 1169 3327 1282 3400; x_wconf 90' lang='lat' dir='ltr'>planum</span> <span class='ocrx_word' id='word_1_479' title='bbox 1294 3337 1348 3385; x_wconf 90' lang='lat' dir='ltr'>eat.</span> <span class='ocrx_word' id='word_1_480' title='bbox 1366 3329 1437 3385; x_wconf 89' lang='lat' dir='ltr'>Nam</span> <span class='ocrx_word' id='word_1_481' title='bbox 1451 3329 1473 3384; x_wconf 93' lang='lat' dir='ltr'>si</span> <span class='ocrx_word' id='word_1_482' title='bbox 1487 3344 1581 3401; x_wconf 89' lang='lat' dir='ltr'>pacem</span> <span class='ocrx_word' id='word_1_483' title='bbox 1597 3329 1658 3402; x_wconf 85' lang='lat' dir='ltr'>ejus</span> <span class='ocrx_word' id='word_1_484' title='bbox 1673 3329 1713 3386; x_wconf 81' lang='lat' dir='ltr'>sis</span> <span class='ocrx_word' id='word_1_485' title='bbox 1724 3329 1970 3398; x_wconf 88' lang='lat' dir='ltr'>babere‚neceasa·</span> 
     </span>
    </p>
   </div>
   <div class='ocr_carea' id='block_1_11' title="bbox 314 3415 1972 3758">
    <p class='ocr_par' dir='ltr' id='par_1_12' title="bbox 314 3415 1972 3758">
     <span class='ocr_line' id='line_1_59' title="bbox 314 3415 1968 3501; baseline -0.001 -29"><span class='ocrx_word' id='word_1_486' title='bbox 314 3415 417 3487; x_wconf 85' lang='lat' dir='ltr'>scelus,</span> <span class='ocrx_word' id='word_1_487' title='bbox 434 3416 556 3487; x_wconf 88' lang='lat' dir='ltr'>inquam,</span> <span class='ocrx_word' id='word_1_488' title='bbox 572 3416 700 3473; x_wconf 75' lang='lat' dir='ltr'>Sodoma</span> <span class='ocrx_word' id='word_1_489' title='bbox 714 3418 819 3474; x_wconf 85' lang='lat' dir='ltr'>noviter</span> <span class='ocrx_word' id='word_1_490' title='bbox 834 3418 862 3473; x_wconf 93' lang='lat' dir='ltr'>in</span> <span class='ocrx_word' id='word_1_491' title='bbox 878 3419 930 3475; x_wconf 86' lang='lat' dir='ltr'>hac</span> <span class='ocrx_word' id='word_1_492' title='bbox 945 3426 1017 3475; x_wconf 89' lang='lat' dir='ltr'>terra</span> <span class='ocrx_word' id='word_1_493' title='bbox 1027 3420 1114 3475; x_wconf 85' lang='lat' dir='ltr'>dirul·</span> <span class='ocrx_word' id='word_1_494' title='bbox 1129 3435 1155 3501; x_wconf 65' lang='grc' dir='ltr'>ρ</span> <span class='ocrx_word' id='word_1_495' title='bbox 1171 3416 1247 3474; x_wconf 90' lang='lat' dir='ltr'>riote</span> <span class='ocrx_word' id='word_1_496' title='bbox 1263 3425 1370 3489; x_wconf 88' lang='lat' dir='ltr'>oportet</span> <span class='ocrx_word' id='word_1_497' title='bbox 1393 3420 1418 3473; x_wconf 92' lang='lat' dir='ltr'>ei</span> <span class='ocrx_word' id='word_1_498' title='bbox 1442 3418 1477 3474; x_wconf 91' lang='lat' dir='ltr'>de</span> <span class='ocrx_word' id='word_1_499' title='bbox 1498 3418 1614 3489; x_wconf 87' lang='lat' dir='ltr'>pecunia</span> <span class='ocrx_word' id='word_1_500' title='bbox 1638 3426 1683 3474; x_wconf 89' lang='lat' dir='ltr'>tun</span> <span class='ocrx_word' id='word_1_501' title='bbox 1705 3418 1816 3491; x_wconf 86' lang='lat' dir='ltr'>copiose</span> <span class='ocrx_word' id='word_1_502' title='bbox 1834 3418 1968 3489; x_wconf 81' lang='lat' dir='ltr'>praebere.</span> 
     </span>
     <span class='ocr_line' id='line_1_60' title="bbox 314 3504 1969 3579; baseline 0.002 -20"><span class='ocrx_word' id='word_1_503' title='bbox 314 3512 413 3579; x_wconf 86' lang='lat' dir='ltr'>gutum</span> <span class='ocrx_word' id='word_1_504' title='bbox 437 3504 498 3577; x_wconf 79' lang='lat' dir='ltr'>jorn</span> <span class='ocrx_word' id='word_1_505' title='bbox 527 3505 673 3577; x_wconf 89' lang='lat' dir='ltr'>plurimum</span> <span class='ocrx_word' id='word_1_506' title='bbox 701 3505 857 3577; x_wconf 82' lang='lat' dir='ltr'>pullularit,</span> <span class='ocrx_word' id='word_1_507' title='bbox 887 3506 1041 3579; x_wconf 88' lang='lat' dir='ltr'>multosque</span> <span class='ocrx_word' id='word_1_508' title='bbox 1067 3524 1116 3564; x_wconf 87' lang='lat' dir='ltr'>sua</span> <span class='ocrx_word' id='word_1_509' title='bbox 1168 3506 1230 3560; x_wconf 84' lang='lat' dir='ltr'>lam</span> <span class='ocrx_word' id='word_1_510' title='bbox 1246 3522 1333 3577; x_wconf 88' lang='lat' dir='ltr'>nuper</span> <span class='ocrx_word' id='word_1_511' title='bbox 1345 3506 1468 3561; x_wconf 88' lang='lat' dir='ltr'>obtulisti</span> <span class='ocrx_word' id='word_1_512' title='bbox 1482 3506 1507 3561; x_wconf 89' lang='lat' dir='ltr'>ei</span> <span class='ocrx_word' id='word_1_513' title='bbox 1522 3508 1689 3578; x_wconf 76' lang='lat' dir='ltr'>quingentas</span> <span class='ocrx_word' id='word_1_514' title='bbox 1703 3506 1805 3574; x_wconf 69' lang='lat' dir='ltr'>libras,</span> <span class='ocrx_word' id='word_1_515' title='bbox 1825 3506 1874 3562; x_wconf 90' lang='lat' dir='ltr'>sed</span> <span class='ocrx_word' id='word_1_516' title='bbox 1897 3520 1969 3578; x_wconf 89' lang='lat' dir='ltr'>quo-</span> 
     </span>
     <span class='ocr_line' id='line_1_61' title="bbox 314 3594 1969 3665; baseline 0 -15"><span class='ocrx_word' id='word_1_517' title='bbox 314 3595 489 3650; x_wconf 81' lang='lat' dir='ltr'>immanitate</span> <span class='ocrx_word' id='word_1_518' title='bbox 504 3594 626 3651; x_wconf 76' lang='lat' dir='ltr'>foedarit.</span> <span class='ocrx_word' id='word_1_519' title='bbox 643 3594 702 3663; x_wconf 87' lang='lat' dir='ltr'>Cui,</span> <span class='ocrx_word' id='word_1_520' title='bbox 719 3595 815 3663; x_wconf 82' lang='lat' dir='ltr'>fateor,</span> <span class='ocrx_word' id='word_1_521' title='bbox 832 3596 884 3651; x_wconf 91' lang='lat' dir='ltr'>nisi</span> <span class='ocrx_word' id='word_1_522' title='bbox 899 3596 1045 3653; x_wconf 88' lang='lat' dir='ltr'>districtius</span> <span class='ocrx_word' id='word_1_523' title='bbox 1059 3612 1076 3652; x_wconf 92' lang='lat' dir='ltr'>a</span> <span class='ocrx_word' id='word_1_524' title='bbox 1092 3604 1116 3652; x_wconf 89' lang='lat' dir='ltr'>te</span> <span class='ocrx_word' id='word_1_525' title='bbox 1170 3594 1242 3648; x_wconf 89' lang='lat' dir='ltr'>niam</span> <span class='ocrx_word' id='word_1_526' title='bbox 1266 3610 1361 3665; x_wconf 84' lang='lat' dir='ltr'>pamm</span> <span class='ocrx_word' id='word_1_527' title='bbox 1384 3594 1437 3649; x_wconf 90' lang='lat' dir='ltr'>sibi</span> <span class='ocrx_word' id='word_1_528' title='bbox 1461 3595 1548 3651; x_wconf 82' lang='lat' dir='ltr'>risum</span> <span class='ocrx_word' id='word_1_529' title='bbox 1574 3603 1625 3661; x_wconf 89' lang='lat' dir='ltr'>est,</span> <span class='ocrx_word' id='word_1_530' title='bbox 1651 3594 1737 3650; x_wconf 92' lang='lat' dir='ltr'>noluit</span> <span class='ocrx_word' id='word_1_531' title='bbox 1757 3594 1818 3649; x_wconf 91' lang='lat' dir='ltr'>illas</span> <span class='ocrx_word' id='word_1_532' title='bbox 1832 3595 1969 3665; x_wconf 88' lang='lat' dir='ltr'>recipere.</span> 
     </span>
     <span class='ocr_line' id='line_1_62' title="bbox 315 3681 1972 3758; baseline -0.001 -20"><span class='ocrx_word' id='word_1_533' title='bbox 315 3683 598 3756; x_wconf 89' lang='lat' dir='ltr'>prodieussententia</span> <span class='ocrx_word' id='word_1_534' title='bbox 624 3683 732 3754; x_wconf 83' lang='lat' dir='ltr'>judicii,</span> <span class='ocrx_word' id='word_1_535' title='bbox 768 3691 793 3739; x_wconf 90' lang='lat' dir='ltr'>et</span> <span class='ocrx_word' id='word_1_536' title='bbox 822 3684 1011 3741; x_wconf 72' lang='lat' dir='ltr'>ecelesiastica</span> <span class='ocrx_word' id='word_1_537' title='bbox 1036 3687 1118 3758; x_wconf 84' lang='lat' dir='ltr'>vigor</span> <span class='ocrx_word' id='word_1_538' title='bbox 1169 3682 1250 3739; x_wconf 91' lang='lat' dir='ltr'>Nune</span> <span class='ocrx_word' id='word_1_539' title='bbox 1265 3683 1287 3737; x_wconf 92' lang='lat' dir='ltr'>si</span> <span class='ocrx_word' id='word_1_540' title='bbox 1300 3683 1343 3739; x_wconf 87' lang='lat' dir='ltr'>vis</span> <span class='ocrx_word' id='word_1_541' title='bbox 1358 3692 1451 3738; x_wconf 90' lang='lat' dir='ltr'>nostro</span> <span class='ocrx_word' id='word_1_542' title='bbox 1466 3682 1715 3751; x_wconf 85' lang='lat' dir='ltr'>consiliocredere‚</span> <span class='ocrx_word' id='word_1_543' title='bbox 1727 3690 1754 3738; x_wconf 93' lang='lat' dir='ltr'>et</span> <span class='ocrx_word' id='word_1_544' title='bbox 1764 3684 1837 3753; x_wconf 93' lang='lat' dir='ltr'>quod</span> <span class='ocrx_word' id='word_1_545' title='bbox 1847 3682 1874 3737; x_wconf 93' lang='lat' dir='ltr'>in</span> <span class='ocrx_word' id='word_1_546' title='bbox 1887 3681 1972 3737; x_wconf 90' lang='lat' dir='ltr'>simili</span> 
     </span>
    </p>
   </div>
   <div class='ocr_carea' id='block_1_12' title="bbox 317 3769 1972 3846">
    <p class='ocr_par' dir='ltr' id='par_1_13' title="bbox 317 3769 1972 3846">
     <span class='ocr_line' id='line_1_63' title="bbox 317 3769 1972 3846; baseline 0 -19"><span class='ocrx_word' id='word_1_547' title='bbox 317 3771 470 3841; x_wconf 79' lang='lat' dir='ltr'>disciplinae</span> <span class='ocrx_word' id='word_1_548' title='bbox 484 3772 601 3828; x_wconf 90' lang='lat' dir='ltr'>celerius</span> <span class='ocrx_word' id='word_1_549' title='bbox 615 3772 716 3841; x_wconf 73' lang='lat' dir='ltr'>obviet,</span> <span class='ocrx_word' id='word_1_550' title='bbox 736 3780 790 3829; x_wconf 89' lang='lat' dir='ltr'>tota</span> <span class='ocrx_word' id='word_1_551' title='bbox 806 3782 878 3829; x_wconf 88' lang='lat' dir='ltr'>terra</span> <span class='ocrx_word' id='word_1_552' title='bbox 892 3790 945 3830; x_wconf 90' lang='lat' dir='ltr'>uon</span> <span class='ocrx_word' id='word_1_553' title='bbox 962 3774 1045 3831; x_wconf 84' lang='lat' dir='ltr'>mutu</span> <span class='ocrx_word' id='word_1_554' title='bbox 1056 3782 1117 3846; x_wconf 94' lang='lat' dir='ltr'>post</span> <span class='ocrx_word' id='word_1_555' title='bbox 1171 3771 1281 3843; x_wconf 80' lang='lat' dir='ltr'>negotio</span> <span class='ocrx_word' id='word_1_556' title='bbox 1295 3771 1412 3826; x_wconf 84' lang='lat' dir='ltr'>facimus</span> <span class='ocrx_word' id='word_1_557' title='bbox 1428 3778 1454 3826; x_wconf 91' lang='lat' dir='ltr'>te</span> <span class='ocrx_word' id='word_1_558' title='bbox 1468 3785 1576 3841; x_wconf 91' lang='lat' dir='ltr'>quoque</span> <span class='ocrx_word' id='word_1_559' title='bbox 1591 3769 1680 3826; x_wconf 81' lang='lat' dir='ltr'>iacere</span> <span class='ocrx_word' id='word_1_560' title='bbox 1702 3770 1850 3826; x_wconf 88' lang='lat' dir='ltr'>suademus</span> <span class='ocrx_word' id='word_1_561' title='bbox 1867 3787 1875 3824; x_wconf 79' lang='lat' dir='ltr'>r</span> <span class='ocrx_word' id='word_1_562' title='bbox 1900 3770 1972 3841; x_wconf 89' lang='lat' dir='ltr'>ipsas</span> 
     </span>
    </p>
   </div>
   <div class='ocr_carea' id='block_1_13' title="bbox 315 3858 1121 4468">
    <p class='ocr_par' dir='ltr' id='par_1_14' title="bbox 315 3858 1121 4468">
     <span class='ocr_line' id='line_1_64' title="bbox 315 3858 1117 3937; baseline 0.002 -20"><span class='ocrx_word' id='word_1_563' title='bbox 315 3862 441 3917; x_wconf 88' lang='lat' dir='ltr'>Sodoma</span> <span class='ocrx_word' id='word_1_564' title='bbox 455 3858 509 3917; x_wconf 88' lang='lat' dir='ltr'>fiet.</span> <span class='ocrx_word' id='word_1_565' title='bbox 523 3860 579 3917; x_wconf 88' lang='lat' dir='ltr'>Sed</span> <span class='ocrx_word' id='word_1_566' title='bbox 602 3877 734 3917; x_wconf 86' lang='lat' dir='ltr'>conemur</span> <span class='ocrx_word' id='word_1_567' title='bbox 758 3877 822 3931; x_wconf 87' lang='lat' dir='ltr'>uua,</span> <span class='ocrx_word' id='word_1_568' title='bbox 850 3880 953 3935; x_wconf 77' lang='lat' dir='ltr'>quaeso,</span> <span class='ocrx_word' id='word_1_569' title='bbox 985 3872 1011 3918; x_wconf 93' lang='lat' dir='ltr'>tu</span> <span class='ocrx_word' id='word_1_570' title='bbox 1039 3864 1117 3937; x_wconf 80' lang='lat' dir='ltr'>regia</span> 
     </span>
     <span class='ocr_line' id='line_1_65' title="bbox 316 3950 1118 4024; baseline 0.006 -20"><span class='ocrx_word' id='word_1_571' title='bbox 316 3957 454 4021; x_wconf 87' lang='lat' dir='ltr'>potestate</span> <span class='ocrx_word' id='word_1_572' title='bbox 469 3956 496 4005; x_wconf 90' lang='lat' dir='ltr'>et</span> <span class='ocrx_word' id='word_1_573' title='bbox 511 3966 563 4023; x_wconf 86' lang='lat' dir='ltr'>ego</span> <span class='ocrx_word' id='word_1_574' title='bbox 578 3950 725 4022; x_wconf 86' lang='lat' dir='ltr'>pontificali</span> <span class='ocrx_word' id='word_1_575' title='bbox 739 3952 900 4007; x_wconf 87' lang='lat' dir='ltr'>auctoritate</span> <span class='ocrx_word' id='word_1_576' title='bbox 918 3961 1049 4024; x_wconf 89' lang='lat' dir='ltr'>quatenus</span> <span class='ocrx_word' id='word_1_577' title='bbox 1066 3954 1118 4009; x_wconf 90' lang='lat' dir='ltr'>tale</span> 
     </span>
     <span class='ocr_line' id='line_1_66' title="bbox 317 4038 1119 4111; baseline 0.006 -17"><span class='ocrx_word' id='word_1_578' title='bbox 317 4038 467 4111; x_wconf 88' lang='lat' dir='ltr'>quidinde</span> <span class='ocrx_word' id='word_1_579' title='bbox 487 4044 629 4109; x_wconf 87' lang='lat' dir='ltr'>statuatur,</span> <span class='ocrx_word' id='word_1_580' title='bbox 660 4040 733 4111; x_wconf 88' lang='lat' dir='ltr'>quod</span> <span class='ocrx_word' id='word_1_581' title='bbox 761 4056 822 4095; x_wconf 87' lang='lat' dir='ltr'>cum</span> <span class='ocrx_word' id='word_1_582' title='bbox 850 4056 899 4111; x_wconf 91' lang='lat' dir='ltr'>per</span> <span class='ocrx_word' id='word_1_583' title='bbox 927 4049 1011 4097; x_wconf 91' lang='lat' dir='ltr'>totum</span> <span class='ocrx_word' id='word_1_584' title='bbox 1038 4044 1119 4101; x_wconf 85' lang='lat' dir='ltr'>fucrit</span> 
     </span>
     <span class='ocr_line' id='line_1_67' title="bbox 317 4126 1119 4205; baseline 0.01 -24"><span class='ocrx_word' id='word_1_585' title='bbox 317 4142 438 4199; x_wconf 79' lang='lat' dir='ltr'>regnum</span> <span class='ocrx_word' id='word_1_586' title='bbox 454 4126 638 4199; x_wconf 77' lang='lat' dir='ltr'>divulgatum,</span> <span class='ocrx_word' id='word_1_587' title='bbox 661 4128 722 4183; x_wconf 92' lang='lat' dir='ltr'>solo</span> <span class='ocrx_word' id='word_1_588' title='bbox 745 4128 826 4183; x_wconf 87' lang='lat' dir='ltr'>etiam</span> <span class='ocrx_word' id='word_1_589' title='bbox 850 4130 942 4186; x_wconf 88' lang='lat' dir='ltr'>auditu</span> <span class='ocrx_word' id='word_1_590' title='bbox 966 4132 1119 4205; x_wconf 87' lang='lat' dir='ltr'>quicunque</span> 
     </span>
     <span class='ocr_line' id='line_1_68' title="bbox 316 4214 1118 4289; baseline 0.009 -19"><span class='ocrx_word' id='word_1_591' title='bbox 316 4214 393 4271; x_wconf 89' lang='lat' dir='ltr'>illius</span> <span class='ocrx_word' id='word_1_592' title='bbox 407 4216 498 4273; x_wconf 84' lang='lat' dir='ltr'>tentor</span> <span class='ocrx_word' id='word_1_593' title='bbox 512 4224 563 4285; x_wconf 84' lang='lat' dir='ltr'>est,</span> <span class='ocrx_word' id='word_1_594' title='bbox 579 4224 677 4287; x_wconf 86' lang='lat' dir='ltr'>pareat</span> <span class='ocrx_word' id='word_1_595' title='bbox 692 4224 717 4273; x_wconf 88' lang='lat' dir='ltr'>et</span> <span class='ocrx_word' id='word_1_596' title='bbox 731 4217 906 4289; x_wconf 88' lang='lat' dir='ltr'>deprimatur.</span> <span class='ocrx_word' id='word_1_597' title='bbox 934 4242 945 4267; x_wconf 81' lang='grc' dir='ltr'>ι</span> <span class='ocrx_word' id='word_1_598' title='bbox 960 4222 1020 4277; x_wconf 92' lang='lat' dir='ltr'>Non</span> <span class='ocrx_word' id='word_1_599' title='bbox 1036 4221 1118 4277; x_wconf 90' lang='lat' dir='ltr'>sede·</span> 
     </span>
     <span class='ocr_line' id='line_1_69' title="bbox 320 4304 1117 4381; baseline 0.008 -22"><span class='ocrx_word' id='word_1_600' title='bbox 320 4312 385 4359; x_wconf 89' lang='lat' dir='ltr'>runt</span> <span class='ocrx_word' id='word_1_601' title='bbox 398 4304 458 4361; x_wconf 84' lang='lat' dir='ltr'>haec</span> <span class='ocrx_word' id='word_1_602' title='bbox 473 4304 563 4360; x_wconf 83' lang='lat' dir='ltr'>animo</span> <span class='ocrx_word' id='word_1_603' title='bbox 578 4305 722 4378; x_wconf 87' lang='lat' dir='ltr'>principis,</span> <span class='ocrx_word' id='word_1_604' title='bbox 738 4314 764 4361; x_wconf 94' lang='lat' dir='ltr'>et</span> <span class='ocrx_word' id='word_1_605' title='bbox 777 4307 873 4377; x_wconf 88' lang='lat' dir='ltr'>paucis</span> <span class='ocrx_word' id='word_1_606' title='bbox 893 4307 930 4363; x_wconf 88' lang='lat' dir='ltr'>ita</span> <span class='ocrx_word' id='word_1_607' title='bbox 957 4310 1095 4381; x_wconf 87' lang='lat' dir='ltr'>respondit</span> <span class='ocrx_word' id='word_1_608' title='bbox 1111 4328 1117 4365; x_wconf 94' lang='lat'>:</span> 
     </span>
     <span class='ocr_line' id='line_1_70' title="bbox 324 4392 1121 4468; baseline 0.011 -22"><span class='ocrx_word' id='word_1_609' title='bbox 324 4410 336 4446; x_wconf 84' lang='lat' dir='ltr'>a</span> <span class='ocrx_word' id='word_1_610' title='bbox 355 4394 389 4449; x_wconf 87' lang='lat' dir='ltr'>Et</span> <span class='ocrx_word' id='word_1_611' title='bbox 402 4392 430 4447; x_wconf 90' lang='lat' dir='ltr'>in</span> <span class='ocrx_word' id='word_1_612' title='bbox 445 4395 497 4450; x_wconf 86' lang='lat' dir='ltr'>bac</span> <span class='ocrx_word' id='word_1_613' title='bbox 512 4409 540 4449; x_wconf 93' lang='lat' dir='ltr'>re</span> <span class='ocrx_word' id='word_1_614' title='bbox 556 4394 620 4465; x_wconf 89' lang='lat' dir='ltr'>quid</span> <span class='ocrx_word' id='word_1_615' title='bbox 635 4392 711 4451; x_wconf 83' lang='lat' dir='ltr'>steret</span> <span class='ocrx_word' id='word_1_616' title='bbox 724 4410 773 4465; x_wconf 93' lang='lat' dir='ltr'>pro</span> <span class='ocrx_word' id='word_1_617' title='bbox 789 4400 833 4451; x_wconf 83' lang='lat' dir='ltr'>te?</span> <span class='ocrx_word' id='word_1_618' title='bbox 847 4396 874 4451; x_wconf 88' lang='lat' dir='ltr'>Si</span> <span class='ocrx_word' id='word_1_619' title='bbox 888 4412 954 4464; x_wconf 91' lang='lat' dir='ltr'>non,</span> <span class='ocrx_word' id='word_1_620' title='bbox 967 4397 1053 4468; x_wconf 91' lang='lat' dir='ltr'>iuquit</span> <span class='ocrx_word' id='word_1_621' title='bbox 1063 4400 1121 4455; x_wconf 80' lang='lat' dir='ltr'>An·</span> 
     </span>
    </p>
   </div>
   <div class='ocr_carea' id='block_1_14' title="bbox 1171 3858 1974 4464">
    <p class='ocr_par' dir='ltr' id='par_1_15' title="bbox 1171 3858 1974 4464">
     <span class='ocr_line' id='line_1_71' title="bbox 1171 3858 1971 3933; baseline -0.004 -16"><span class='ocrx_word' id='word_1_622' title='bbox 1171 3860 1198 3917; x_wconf 88' lang='lat' dir='ltr'>ei</span> <span class='ocrx_word' id='word_1_623' title='bbox 1214 3861 1377 3933; x_wconf 77' lang='lat' dir='ltr'>quingentas</span> <span class='ocrx_word' id='word_1_624' title='bbox 1387 3859 1474 3915; x_wconf 88' lang='lat' dir='ltr'>libras</span> <span class='ocrx_word' id='word_1_625' title='bbox 1489 3860 1525 3915; x_wconf 89' lang='lat' dir='ltr'>ad</span> <span class='ocrx_word' id='word_1_626' title='bbox 1540 3875 1662 3929; x_wconf 81' lang='lat' dir='ltr'>praesens</span> <span class='ocrx_word' id='word_1_627' title='bbox 1676 3858 1722 3928; x_wconf 90' lang='lat' dir='ltr'>da,</span> <span class='ocrx_word' id='word_1_628' title='bbox 1747 3864 1775 3915; x_wconf 88' lang='lat' dir='ltr'>et</span> <span class='ocrx_word' id='word_1_629' title='bbox 1803 3859 1971 3915; x_wconf 71' lang='lat' dir='ltr'>mutumdem</span> 
     </span>
     <span class='ocr_line' id='line_1_72' title="bbox 1171 3948 1971 4021; baseline -0.001 -16"><span class='ocrx_word' id='word_1_630' title='bbox 1171 3948 1296 4020; x_wconf 83' lang='lat' dir='ltr'>pecuniae</span> <span class='ocrx_word' id='word_1_631' title='bbox 1311 3965 1395 4021; x_wconf 85' lang='lat' dir='ltr'>quam</span> <span class='ocrx_word' id='word_1_632' title='bbox 1417 3949 1452 4003; x_wconf 87' lang='lat' dir='ltr'>ab</span> <span class='ocrx_word' id='word_1_633' title='bbox 1466 3948 1623 4005; x_wconf 90' lang='lat' dir='ltr'>hominibus</span> <span class='ocrx_word' id='word_1_634' title='bbox 1638 3948 1692 4004; x_wconf 87' lang='lat' dir='ltr'>tais</span> <span class='ocrx_word' id='word_1_635' title='bbox 1708 3948 1825 4019; x_wconf 87' lang='lat' dir='ltr'>accipies</span> <span class='ocrx_word' id='word_1_636' title='bbox 1841 3948 1881 4003; x_wconf 94' lang='lat' dir='ltr'>illi</span> <span class='ocrx_word' id='word_1_637' title='bbox 1901 3964 1971 4019; x_wconf 90' lang='lat' dir='ltr'>pro-</span> 
     </span>
     <span class='ocr_line' id='line_1_73' title="bbox 1173 4035 1971 4109; baseline 0.003 -18"><span class='ocrx_word' id='word_1_638' title='bbox 1173 4037 1268 4101; x_wconf 89' lang='lat' dir='ltr'>mitte;</span> <span class='ocrx_word' id='word_1_639' title='bbox 1286 4045 1312 4093; x_wconf 92' lang='lat' dir='ltr'>et</span> <span class='ocrx_word' id='word_1_640' title='bbox 1332 4036 1494 4094; x_wconf 85' lang='lat' dir='ltr'>confidimus</span> <span class='ocrx_word' id='word_1_641' title='bbox 1518 4036 1591 4109; x_wconf 90' lang='lat' dir='ltr'>qnod</span> <span class='ocrx_word' id='word_1_642' title='bbox 1611 4042 1640 4093; x_wconf 87' lang='lat' dir='ltr'>et</span> <span class='ocrx_word' id='word_1_643' title='bbox 1663 4037 1711 4092; x_wconf 89' lang='lat' dir='ltr'>tibi</span> <span class='ocrx_word' id='word_1_644' title='bbox 1734 4035 1880 4093; x_wconf 91' lang='lat' dir='ltr'>amicitiam</span> <span class='ocrx_word' id='word_1_645' title='bbox 1894 4052 1971 4093; x_wconf 90' lang='lat' dir='ltr'>snam</span> 
     </span>
     <span class='ocr_line' id='line_1_74' title="bbox 1173 4125 1971 4199; baseline 0 -17"><span class='ocrx_word' id='word_1_646' title='bbox 1173 4126 1308 4189; x_wconf 82' lang='lat' dir='ltr'>restituet,</span> <span class='ocrx_word' id='word_1_647' title='bbox 1319 4133 1346 4182; x_wconf 91' lang='lat' dir='ltr'>et</span> <span class='ocrx_word' id='word_1_648' title='bbox 1360 4134 1435 4183; x_wconf 90' lang='lat' dir='ltr'>tuam</span> <span class='ocrx_word' id='word_1_649' title='bbox 1449 4134 1478 4181; x_wconf 91' lang='lat' dir='ltr'>nt</span> <span class='ocrx_word' id='word_1_650' title='bbox 1493 4127 1570 4183; x_wconf 83' lang='lat' dir='ltr'>voles</span> <span class='ocrx_word' id='word_1_651' title='bbox 1584 4142 1681 4199; x_wconf 88' lang='lat' dir='ltr'>pacem</span> <span class='ocrx_word' id='word_1_652' title='bbox 1700 4126 1801 4183; x_wconf 89' lang='lat' dir='ltr'>babere</span> <span class='ocrx_word' id='word_1_653' title='bbox 1822 4125 1971 4198; x_wconf 88' lang='lat' dir='ltr'>permittet.</span> 
     </span>
     <span class='ocr_line' id='line_1_75' title="bbox 1174 4214 1974 4287; baseline 0 -16"><span class='ocrx_word' id='word_1_654' title='bbox 1174 4216 1264 4271; x_wconf 77' lang='lat' dir='ltr'>Aliam</span> <span class='ocrx_word' id='word_1_655' title='bbox 1279 4230 1333 4286; x_wconf 91' lang='lat' dir='ltr'>qua</span> <span class='ocrx_word' id='word_1_656' title='bbox 1347 4231 1429 4271; x_wconf 88' lang='lat' dir='ltr'>exeas</span> <span class='ocrx_word' id='word_1_657' title='bbox 1440 4214 1515 4271; x_wconf 82' lang='lat' dir='ltr'>uiam</span> <span class='ocrx_word' id='word_1_658' title='bbox 1529 4232 1585 4271; x_wconf 91' lang='lat' dir='ltr'>non</span> <span class='ocrx_word' id='word_1_659' title='bbox 1604 4216 1748 4284; x_wconf 83' lang='lat' dir='ltr'>videmus;</span> <span class='ocrx_word' id='word_1_660' title='bbox 1771 4230 1821 4273; x_wconf 92' lang='lat' dir='ltr'>nec</span> <span class='ocrx_word' id='word_1_661' title='bbox 1844 4230 1894 4271; x_wconf 88' lang='lat' dir='ltr'>nos</span> <span class='ocrx_word' id='word_1_662' title='bbox 1913 4215 1974 4287; x_wconf 84' lang='lat' dir='ltr'>pan&#39;</span> 
     </span>
     <span class='ocr_line' id='line_1_76' title="bbox 1176 4303 1973 4376; baseline 0.003 -17"><span class='ocrx_word' id='word_1_663' title='bbox 1176 4303 1300 4376; x_wconf 83' lang='lat' dir='ltr'>angustia</span> <span class='ocrx_word' id='word_1_664' title='bbox 1313 4304 1398 4360; x_wconf 91' lang='lat' dir='ltr'>clausi</span> <span class='ocrx_word' id='word_1_665' title='bbox 1422 4304 1504 4360; x_wconf 88' lang='lat' dir='ltr'>aliam</span> <span class='ocrx_word' id='word_1_666' title='bbox 1527 4304 1642 4360; x_wconf 90' lang='lat' dir='ltr'>exeundi</span> <span class='ocrx_word' id='word_1_667' title='bbox 1670 4306 1844 4360; x_wconf 72' lang='lat' dir='ltr'>babemus.»</span> <span class='ocrx_word' id='word_1_668' title='bbox 1865 4304 1903 4361; x_wconf 73' lang='lat' dir='ltr'>At</span> <span class='ocrx_word' id='word_1_669' title='bbox 1926 4303 1973 4361; x_wconf 92' lang='lat' dir='ltr'>ille</span> 
     </span>
     <span class='ocr_line' id='line_1_77' title="bbox 1174 4392 1970 4464; baseline 0 -15"><span class='ocrx_word' id='word_1_670' title='bbox 1174 4392 1302 4449; x_wconf 84' lang='lat' dir='ltr'>continuo</span> <span class='ocrx_word' id='word_1_671' title='bbox 1317 4392 1474 4464; x_wconf 82' lang='lat' dir='ltr'>intelligens</span> <span class='ocrx_word' id='word_1_672' title='bbox 1490 4392 1535 4463; x_wconf 92' lang='lat' dir='ltr'>qui</span> <span class='ocrx_word' id='word_1_673' title='bbox 1550 4393 1656 4449; x_wconf 90' lang='lat' dir='ltr'>consilii</span> <span class='ocrx_word' id='word_1_674' title='bbox 1671 4394 1752 4463; x_wconf 87' lang='lat' dir='ltr'>hujus</span> <span class='ocrx_word' id='word_1_675' title='bbox 1766 4392 1877 4449; x_wconf 84' lang='lat' dir='ltr'>olfactus</span> <span class='ocrx_word' id='word_1_676' title='bbox 1897 4408 1970 4464; x_wconf 75' lang='lat' dir='ltr'>praa-</span> 
     </span>
    </p>
   </div>
   <div class='ocr_carea' id='block_1_15' title="bbox 319 4480 1973 5623">
    <p class='ocr_par' dir='ltr' id='par_1_16' title="bbox 319 4480 1973 5623">
     <span class='ocr_line' id='line_1_78' title="bbox 319 4480 1971 4557; baseline -0.001 -20"><span class='ocrx_word' id='word_1_677' title='bbox 319 4482 433 4549; x_wconf 87' lang='lat' dir='ltr'>sebnas,</span> <span class='ocrx_word' id='word_1_678' title='bbox 449 4498 498 4554; x_wconf 89' lang='lat' dir='ltr'>pro</span> <span class='ocrx_word' id='word_1_679' title='bbox 514 4500 567 4552; x_wconf 87' lang='lat' dir='ltr'>me,</span> <span class='ocrx_word' id='word_1_680' title='bbox 584 4498 665 4555; x_wconf 90' lang='lat' dir='ltr'>spero</span> <span class='ocrx_word' id='word_1_681' title='bbox 679 4482 755 4539; x_wconf 88' lang='lat' dir='ltr'>lieret</span> <span class='ocrx_word' id='word_1_682' title='bbox 769 4499 820 4555; x_wconf 88' lang='lat' dir='ltr'>pro</span> <span class='ocrx_word' id='word_1_683' title='bbox 834 4484 905 4549; x_wconf 87' lang='lat' dir='ltr'>Deo,</span> <span class='ocrx_word' id='word_1_684' title='bbox 920 4494 945 4541; x_wconf 88' lang='lat' dir='ltr'>et</span> <span class='ocrx_word' id='word_1_685' title='bbox 958 4494 993 4542; x_wconf 93' lang='lat' dir='ltr'>te.</span> <span class='ocrx_word' id='word_1_686' title='bbox 1007 4487 1119 4557; x_wconf 86' lang='lat' dir='ltr'>Sufficit,</span> <span class='ocrx_word' id='word_1_687' title='bbox 1175 4480 1310 4549; x_wconf 87' lang='lat' dir='ltr'>tenderet,</span> <span class='ocrx_word' id='word_1_688' title='bbox 1326 4480 1364 4535; x_wconf 90' lang='lat' dir='ltr'>uit</span> <span class='ocrx_word' id='word_1_689' title='bbox 1380 4495 1386 4534; x_wconf 92' lang='lat'>:</span> <span class='ocrx_word' id='word_1_690' title='bbox 1405 4504 1416 4529; x_wconf 78' lang='grc' dir='ltr'>ι</span> <span class='ocrx_word' id='word_1_691' title='bbox 1433 4480 1510 4536; x_wconf 77' lang='lat' dir='ltr'>Absit</span> <span class='ocrx_word' id='word_1_692' title='bbox 1524 4481 1570 4537; x_wconf 90' lang='lat' dir='ltr'>hic</span> <span class='ocrx_word' id='word_1_693' title='bbox 1585 4482 1702 4537; x_wconf 86' lang='lat' dir='ltr'>exitusa</span> <span class='ocrx_word' id='word_1_694' title='bbox 1730 4482 1791 4537; x_wconf 91' lang='lat' dir='ltr'>mel</span> <span class='ocrx_word' id='word_1_695' title='bbox 1815 4482 1885 4536; x_wconf 88' lang='lat' dir='ltr'>Nam</span> <span class='ocrx_word' id='word_1_696' title='bbox 1909 4496 1971 4536; x_wconf 90' lang='lat' dir='ltr'>eum</span> 
     </span>
     <span class='ocr_line' id='line_1_79' title="bbox 321 4568 1972 4643; baseline -0.001 -16"><span class='ocrx_word' id='word_1_697' title='bbox 321 4568 398 4637; x_wconf 81' lang='lat' dir='ltr'>dixit¹</span> <span class='ocrx_word' id='word_1_698' title='bbox 415 4568 480 4626; x_wconf 89' lang='lat' dir='ltr'>nolo</span> <span class='ocrx_word' id='word_1_699' title='bbox 495 4569 558 4625; x_wconf 88' lang='lat' dir='ltr'>inde</span> <span class='ocrx_word' id='word_1_700' title='bbox 574 4571 643 4626; x_wconf 88' lang='lat' dir='ltr'>ultra</span> <span class='ocrx_word' id='word_1_701' title='bbox 662 4570 792 4642; x_wconf 88' lang='lat' dir='ltr'>loquaris.</span> <span class='ocrx_word' id='word_1_702' title='bbox 826 4594 835 4621; x_wconf 80' lang='lat' dir='ltr'>l</span> <span class='ocrx_word' id='word_1_703' title='bbox 863 4573 958 4629; x_wconf 86' lang='lat' dir='ltr'>Tacuit</span> <span class='ocrx_word' id='word_1_704' title='bbox 986 4575 1040 4643; x_wconf 86' lang='lat' dir='ltr'>illc,</span> <span class='ocrx_word' id='word_1_705' title='bbox 1069 4577 1119 4632; x_wconf 90' lang='lat' dir='ltr'>sed</span> <span class='ocrx_word' id='word_1_706' title='bbox 1135 4570 1233 4643; x_wconf 83' lang='lat' dir='ltr'>Dipse</span> <span class='ocrx_word' id='word_1_707' title='bbox 1249 4570 1312 4624; x_wconf 91' lang='lat' dir='ltr'>mibi</span> <span class='ocrx_word' id='word_1_708' title='bbox 1322 4570 1400 4639; x_wconf 85' lang='lat' dir='ltr'>juxta</span> <span class='ocrx_word' id='word_1_709' title='bbox 1413 4568 1487 4639; x_wconf 89' lang='lat' dir='ltr'>quod</span> <span class='ocrx_word' id='word_1_710' title='bbox 1502 4568 1601 4637; x_wconf 81' lang='lat' dir='ltr'>dicitis,</span> <span class='ocrx_word' id='word_1_711' title='bbox 1617 4570 1720 4624; x_wconf 90' lang='lat' dir='ltr'>nullam</span> <span class='ocrx_word' id='word_1_712' title='bbox 1731 4568 1847 4640; x_wconf 88' lang='lat' dir='ltr'>alicujus</span> <span class='ocrx_word' id='word_1_713' title='bbox 1858 4568 1972 4625; x_wconf 83' lang='lat' dir='ltr'>ollansaa</span> 
     </span>
     <span class='ocr_line' id='line_1_80' title="bbox 320 4657 1973 4729; baseline 0.001 -16"><span class='ocrx_word' id='word_1_714' title='bbox 320 4673 386 4713; x_wconf 85' lang='lat' dir='ltr'>mox</span> <span class='ocrx_word' id='word_1_715' title='bbox 401 4658 487 4714; x_wconf 89' lang='lat' dir='ltr'>verba</span> <span class='ocrx_word' id='word_1_716' title='bbox 501 4674 548 4714; x_wconf 90' lang='lat' dir='ltr'>sua</span> <span class='ocrx_word' id='word_1_717' title='bbox 560 4658 639 4715; x_wconf 83' lang='lat' dir='ltr'>rertit</span> <span class='ocrx_word' id='word_1_718' title='bbox 654 4660 689 4714; x_wconf 90' lang='lat' dir='ltr'>ad</span> <span class='ocrx_word' id='word_1_719' title='bbox 705 4660 758 4714; x_wconf 88' lang='lat' dir='ltr'>alia</span> <span class='ocrx_word' id='word_1_720' title='bbox 774 4660 867 4716; x_wconf 92' lang='lat' dir='ltr'>dicens</span> <span class='ocrx_word' id='word_1_721' title='bbox 884 4680 890 4714; x_wconf 92' lang='lat'>:</span> <span class='ocrx_word' id='word_1_722' title='bbox 910 4686 921 4709; x_wconf 78' lang='grc' dir='ltr'>ι</span> <span class='ocrx_word' id='word_1_723' title='bbox 939 4662 986 4717; x_wconf 86' lang='lat' dir='ltr'>Est</span> <span class='ocrx_word' id='word_1_724' title='bbox 1001 4673 1027 4719; x_wconf 86' lang='lat' dir='ltr'>et</span> <span class='ocrx_word' id='word_1_725' title='bbox 1047 4664 1121 4720; x_wconf 91' lang='lat' dir='ltr'>aliud</span> <span class='ocrx_word' id='word_1_726' title='bbox 1170 4657 1332 4713; x_wconf 89' lang='lat' dir='ltr'>calumniam</span> <span class='ocrx_word' id='word_1_727' title='bbox 1365 4658 1496 4729; x_wconf 90' lang='lat' dir='ltr'>imponat,</span> <span class='ocrx_word' id='word_1_728' title='bbox 1525 4665 1553 4713; x_wconf 90' lang='lat' dir='ltr'>ct</span> <span class='ocrx_word' id='word_1_729' title='bbox 1582 4665 1674 4713; x_wconf 86' lang='lat' dir='ltr'>tamen</span> <span class='ocrx_word' id='word_1_730' title='bbox 1696 4663 1800 4712; x_wconf 90' lang='lat' dir='ltr'>tantum</span> <span class='ocrx_word' id='word_1_731' title='bbox 1821 4657 1907 4712; x_wconf 88' lang='lat' dir='ltr'>iratus</span> <span class='ocrx_word' id='word_1_732' title='bbox 1930 4665 1973 4714; x_wconf 91' lang='lat' dir='ltr'>ost</span> 
     </span>
     <span class='ocr_line' id='line_1_81' title="bbox 322 4745 1968 4819; baseline 0.004 -16"><span class='ocrx_word' id='word_1_733' title='bbox 322 4746 366 4803; x_wconf 86' lang='lat' dir='ltr'>eui</span> <span class='ocrx_word' id='word_1_734' title='bbox 382 4754 455 4803; x_wconf 84' lang='lat' dir='ltr'>tuam</span> <span class='ocrx_word' id='word_1_735' title='bbox 467 4746 628 4803; x_wconf 81' lang='lat' dir='ltr'>industrium</span> <span class='ocrx_word' id='word_1_736' title='bbox 640 4748 781 4804; x_wconf 81' lang='lat' dir='ltr'>intendere</span> <span class='ocrx_word' id='word_1_737' title='bbox 792 4750 904 4819; x_wconf 81' lang='lat' dir='ltr'>vellem,</span> <span class='ocrx_word' id='word_1_738' title='bbox 919 4758 945 4805; x_wconf 82' lang='lat' dir='ltr'>et</span> <span class='ocrx_word' id='word_1_739' title='bbox 955 4752 1120 4810; x_wconf 75' lang='lat' dir='ltr'>intendendo</span> <span class='ocrx_word' id='word_1_740' title='bbox 1171 4746 1236 4802; x_wconf 85' lang='lat' dir='ltr'>mihi</span> <span class='ocrx_word' id='word_1_741' title='bbox 1251 4754 1280 4800; x_wconf 85' lang='lat' dir='ltr'>ut</span> <span class='ocrx_word' id='word_1_742' title='bbox 1294 4746 1403 4803; x_wconf 85' lang='lat' dir='ltr'>nonnisi</span> <span class='ocrx_word' id='word_1_743' title='bbox 1418 4747 1493 4802; x_wconf 80' lang='lat' dir='ltr'>mate</span> <span class='ocrx_word' id='word_1_744' title='bbox 1507 4746 1585 4801; x_wconf 84' lang='lat' dir='ltr'>libris</span> <span class='ocrx_word' id='word_1_745' title='bbox 1613 4745 1718 4819; x_wconf 79' lang='lat' dir='ltr'>argenti</span> <span class='ocrx_word' id='word_1_746' title='bbox 1744 4746 1835 4818; x_wconf 77' lang='lat' dir='ltr'>pacari</span> <span class='ocrx_word' id='word_1_747' title='bbox 1862 4754 1945 4817; x_wconf 78' lang='lat' dir='ltr'>queat</span> <span class='ocrx_word' id='word_1_748' title='bbox 1960 4763 1968 4801; x_wconf 72' lang='grc' dir='ltr'><em>τ</em></span> 
     </span>
     <span class='ocr_line' id='line_1_82' title="bbox 322 4832 1973 4912; baseline 0.003 -21"><span class='ocrx_word' id='word_1_749' title='bbox 322 4834 433 4891; x_wconf 87' lang='lat' dir='ltr'>consilii</span> <span class='ocrx_word' id='word_1_750' title='bbox 446 4836 485 4891; x_wconf 88' lang='lat' dir='ltr'>tui</span> <span class='ocrx_word' id='word_1_751' title='bbox 503 4851 612 4891; x_wconf 86' lang='lat' dir='ltr'>manum</span> <span class='ocrx_word' id='word_1_752' title='bbox 627 4838 786 4893; x_wconf 84' lang='lat' dir='ltr'>extendere.</span> <span class='ocrx_word' id='word_1_753' title='bbox 806 4837 933 4895; x_wconf 79' lang='lat' dir='ltr'>Abbariae</span> <span class='ocrx_word' id='word_1_754' title='bbox 948 4840 1121 4912; x_wconf 88' lang='lat' dir='ltr'>quamplures</span> <span class='ocrx_word' id='word_1_755' title='bbox 1170 4834 1241 4891; x_wconf 75' lang='lat' dir='ltr'>forle</span> <span class='ocrx_word' id='word_1_756' title='bbox 1260 4835 1283 4889; x_wconf 74' lang='lat' dir='ltr'>si</span> <span class='ocrx_word' id='word_1_757' title='bbox 1299 4851 1369 4891; x_wconf 90' lang='lat' dir='ltr'>nunc</span> <span class='ocrx_word' id='word_1_758' title='bbox 1388 4850 1475 4891; x_wconf 71' lang='lat' dir='ltr'>novus</span> <span class='ocrx_word' id='word_1_759' title='bbox 1497 4836 1643 4906; x_wconf 67' lang='lat' dir='ltr'>episeopus</span> <span class='ocrx_word' id='word_1_760' title='bbox 1666 4836 1718 4891; x_wconf 72' lang='lat' dir='ltr'>halt</span> <span class='ocrx_word' id='word_1_761' title='bbox 1739 4849 1799 4889; x_wconf 73' lang='lat' dir='ltr'>etim</span> <span class='ocrx_word' id='word_1_762' title='bbox 1823 4832 1973 4890; x_wconf 64' lang='lat' dir='ltr'>donatione</span> 
     </span>
     <span class='ocr_line' id='line_1_83' title="bbox 322 4921 1968 4999; baseline -0.001 -21"><span class='ocrx_word' id='word_1_763' title='bbox 322 4924 494 4980; x_wconf 87' lang='lat' dir='ltr'>suntinhac</span> <span class='ocrx_word' id='word_1_764' title='bbox 509 4931 580 4980; x_wconf 89' lang='lat' dir='ltr'>terra</span> <span class='ocrx_word' id='word_1_765' title='bbox 595 4925 819 4997; x_wconf 88' lang='lat' dir='ltr'>suispastorihus</span> <span class='ocrx_word' id='word_1_766' title='bbox 849 4928 981 4984; x_wconf 57' lang='lat' dir='ltr'>destituas</span> <span class='ocrx_word' id='word_1_767' title='bbox 1012 4928 1116 4999; x_wconf 88' lang='lat' dir='ltr'>Quem-</span> <span class='ocrx_word' id='word_1_768' title='bbox 1173 4940 1326 4995; x_wconf 83' lang='lat' dir='ltr'>parcerem,</span> <span class='ocrx_word' id='word_1_769' title='bbox 1343 4921 1968 4995; x_wconf 86' lang='lat' dir='ltr'>exipsousualiavicesimiliterirasceretnr,</span> 
     </span>
     <span class='ocr_line' id='line_1_84' title="bbox 324 5010 1971 5088; baseline -0.001 -21"><span class='ocrx_word' id='word_1_770' title='bbox 324 5011 419 5068; x_wconf 89' lang='lat' dir='ltr'>obrem</span> <span class='ocrx_word' id='word_1_771' title='bbox 434 5014 570 5081; x_wconf 85' lang='lat' dir='ltr'>monaehi,</span> <span class='ocrx_word' id='word_1_772' title='bbox 588 5012 681 5070; x_wconf 89' lang='lat' dir='ltr'>relicto</span> <span class='ocrx_word' id='word_1_773' title='bbox 697 5015 793 5071; x_wconf 91' lang='lat' dir='ltr'>ordine</span> <span class='ocrx_word' id='word_1_774' title='bbox 806 5030 866 5086; x_wconf 87' lang='lat' dir='ltr'>suo,</span> <span class='ocrx_word' id='word_1_775' title='bbox 878 5032 928 5088; x_wconf 85' lang='lat' dir='ltr'>per</span> <span class='ocrx_word' id='word_1_776' title='bbox 942 5018 1020 5073; x_wconf 84' lang='lat' dir='ltr'>luxus</span> <span class='ocrx_word' id='word_1_777' title='bbox 1030 5020 1119 5077; x_wconf 75' lang='lat' dir='ltr'>saculi</span> <span class='ocrx_word' id='word_1_778' title='bbox 1173 5021 1203 5070; x_wconf 92' lang='lat' dir='ltr'>ut</span> <span class='ocrx_word' id='word_1_779' title='bbox 1216 5012 1277 5085; x_wconf 90' lang='lat' dir='ltr'>pari</span> <span class='ocrx_word' id='word_1_780' title='bbox 1292 5021 1354 5070; x_wconf 82' lang='lat' dir='ltr'>roto</span> <span class='ocrx_word' id='word_1_781' title='bbox 1369 5020 1521 5084; x_wconf 89' lang='lat' dir='ltr'>pacaretur.</span> <span class='ocrx_word' id='word_1_782' title='bbox 1533 5012 1658 5085; x_wconf 79' lang='lat' dir='ltr'>Amplius</span> <span class='ocrx_word' id='word_1_783' title='bbox 1672 5029 1678 5066; x_wconf 92' lang='lat'><strong>:</strong></span> <span class='ocrx_word' id='word_1_784' title='bbox 1691 5011 1822 5067; x_wconf 85' lang='lat' dir='ltr'>llomines</span> <span class='ocrx_word' id='word_1_785' title='bbox 1833 5010 1896 5082; x_wconf 89' lang='lat' dir='ltr'>mei,</span> <span class='ocrx_word' id='word_1_786' title='bbox 1907 5017 1971 5083; x_wconf 88' lang='lat' dir='ltr'>post</span> 
     </span>
     <span class='ocr_line' id='line_1_85' title="bbox 322 5100 1970 5170; baseline -0.001 -12"><span class='ocrx_word' id='word_1_787' title='bbox 322 5101 436 5170; x_wconf 80' lang='lat' dir='ltr'>vadunt,</span> <span class='ocrx_word' id='word_1_788' title='bbox 459 5109 487 5158; x_wconf 91' lang='lat' dir='ltr'>et</span> <span class='ocrx_word' id='word_1_789' title='bbox 508 5102 567 5157; x_wconf 90' lang='lat' dir='ltr'>sine</span> <span class='ocrx_word' id='word_1_790' title='bbox 586 5102 761 5159; x_wconf 87' lang='lat' dir='ltr'>consessione</span> <span class='ocrx_word' id='word_1_791' title='bbox 786 5104 819 5159; x_wconf 88' lang='lat' dir='ltr'>de</span> <span class='ocrx_word' id='word_1_792' title='bbox 849 5106 900 5162; x_wconf 90' lang='lat' dir='ltr'>bac</span> <span class='ocrx_word' id='word_1_793' title='bbox 923 5106 978 5161; x_wconf 79' lang='lat' dir='ltr'>rita</span> <span class='ocrx_word' id='word_1_794' title='bbox 1005 5116 1118 5165; x_wconf 85' lang='lat' dir='ltr'>exeunt.</span> <span class='ocrx_word' id='word_1_795' title='bbox 1170 5103 1272 5159; x_wconf 89' lang='lat' dir='ltr'>obitum</span> <span class='ocrx_word' id='word_1_796' title='bbox 1288 5100 1970 5158; x_wconf 77' lang='lat' dir='ltr'>venerabilismemoriaeLanlranchiantecessoris</span> 
     </span>
     <span class='ocr_line' id='line_1_86' title="bbox 322 5188 1967 5267; baseline 0 -22"><span class='ocrx_word' id='word_1_797' title='bbox 322 5188 398 5245; x_wconf 89' lang='lat' dir='ltr'>Unde</span> <span class='ocrx_word' id='word_1_798' title='bbox 421 5190 545 5259; x_wconf 88' lang='lat' dir='ltr'>consulo,</span> <span class='ocrx_word' id='word_1_799' title='bbox 570 5206 677 5263; x_wconf 86' lang='lat' dir='ltr'>precor,</span> <span class='ocrx_word' id='word_1_800' title='bbox 703 5208 810 5263; x_wconf 89' lang='lat' dir='ltr'>moneo,</span> <span class='ocrx_word' id='word_1_801' title='bbox 834 5203 969 5267; x_wconf 89' lang='lat' dir='ltr'>quatenus</span> <span class='ocrx_word' id='word_1_802' title='bbox 992 5204 1067 5253; x_wconf 87' lang='lat' dir='ltr'>tanta</span> <span class='ocrx_word' id='word_1_803' title='bbox 1090 5214 1119 5253; x_wconf 89' lang='lat' dir='ltr'>ro</span> <span class='ocrx_word' id='word_1_804' title='bbox 1169 5188 1810 5263; x_wconf 75' lang='lat' dir='ltr'>mei,depraedatisuntetspoliati,stagneum</span> <span class='ocrx_word' id='word_1_805' title='bbox 1824 5190 1967 5263; x_wconf 89' lang='lat' dir='ltr'>hucusque</span> 
     </span>
     <span class='ocr_line' id='line_1_87' title="bbox 322 5276 1969 5357; baseline 0.002 -24"><span class='ocrx_word' id='word_1_806' title='bbox 322 5276 766 5351; x_wconf 82' lang='lat' dir='ltr'>diligenterinspectosecundnm</span> <span class='ocrx_word' id='word_1_807' title='bbox 796 5283 962 5341; x_wconf 87' lang='lat' dir='ltr'>voluntatem</span> <span class='ocrx_word' id='word_1_808' title='bbox 984 5286 1046 5357; x_wconf 88' lang='lat' dir='ltr'>Dei,</span> <span class='ocrx_word' id='word_1_809' title='bbox 1066 5286 1118 5341; x_wconf 86' lang='lat' dir='ltr'>ab·</span> <span class='ocrx_word' id='word_1_810' title='bbox 1169 5277 1236 5335; x_wconf 88' lang='lat' dir='ltr'>nibil</span> <span class='ocrx_word' id='word_1_811' title='bbox 1251 5278 1291 5335; x_wconf 92' lang='lat' dir='ltr'>cis</span> <span class='ocrx_word' id='word_1_812' title='bbox 1306 5279 1377 5334; x_wconf 86' lang='lat' dir='ltr'>unde</span> <span class='ocrx_word' id='word_1_813' title='bbox 1388 5278 1510 5335; x_wconf 78' lang='lat' dir='ltr'>revestiri</span> <span class='ocrx_word' id='word_1_814' title='bbox 1523 5278 1629 5351; x_wconf 88' lang='lat' dir='ltr'>possint</span> <span class='ocrx_word' id='word_1_815' title='bbox 1643 5278 1814 5348; x_wconf 86' lang='lat' dir='ltr'>contulerim,</span> <span class='ocrx_word' id='word_1_816' title='bbox 1838 5278 1897 5348; x_wconf 87' lang='lat' dir='ltr'>jam</span> <span class='ocrx_word' id='word_1_817' title='bbox 1920 5293 1969 5336; x_wconf 87' lang='lat' dir='ltr'>eos</span> 
     </span>
     <span class='ocr_line' id='line_1_88' title="bbox 321 5366 1967 5439; baseline 0.006 -17"><span class='ocrx_word' id='word_1_818' title='bbox 321 5366 398 5424; x_wconf 74' lang='lat' dir='ltr'>nura</span> <span class='ocrx_word' id='word_1_819' title='bbox 413 5366 468 5423; x_wconf 82' lang='lat' dir='ltr'>illis</span> <span class='ocrx_word' id='word_1_820' title='bbox 482 5368 617 5438; x_wconf 80' lang='lat' dir='ltr'>instituas,</span> <span class='ocrx_word' id='word_1_821' title='bbox 632 5386 667 5425; x_wconf 84' lang='lat' dir='ltr'>ne</span> <span class='ocrx_word' id='word_1_822' title='bbox 680 5370 709 5425; x_wconf 85' lang='lat' dir='ltr'>in</span> <span class='ocrx_word' id='word_1_823' title='bbox 724 5371 906 5429; x_wconf 74' lang='lat' dir='ltr'>destructione</span> <span class='ocrx_word' id='word_1_824' title='bbox 924 5374 1118 5432; x_wconf 73' lang='lat' dir='ltr'>aionasterium</span> <span class='ocrx_word' id='word_1_825' title='bbox 1169 5368 1257 5424; x_wconf 82' lang='lat' dir='ltr'>nudos</span> <span class='ocrx_word' id='word_1_826' title='bbox 1272 5367 1429 5439; x_wconf 77' lang='lat' dir='ltr'>spoliarem,</span> <span class='ocrx_word' id='word_1_827' title='bbox 1445 5367 1502 5423; x_wconf 85' lang='lat' dir='ltr'>imo</span> <span class='ocrx_word' id='word_1_828' title='bbox 1516 5367 1650 5438; x_wconf 78' lang='lat' dir='ltr'>spoliatos</span> <span class='ocrx_word' id='word_1_829' title='bbox 1664 5367 1857 5425; x_wconf 75' lang='lat' dir='ltr'>excederent</span> <span class='ocrx_word' id='word_1_830' title='bbox 1869 5366 1967 5423; x_wconf 81' lang='lat' dir='ltr'>Absttt</span> 
     </span>
     <span class='ocr_line' id='line_1_89' title="bbox 321 5455 1968 5531; baseline 0.012 -22"><span class='ocrx_word' id='word_1_831' title='bbox 321 5462 348 5511; x_wconf 89' lang='lat' dir='ltr'>et</span> <span class='ocrx_word' id='word_1_832' title='bbox 362 5455 515 5527; x_wconf 92' lang='lat' dir='ltr'>perditione</span> <span class='ocrx_word' id='word_1_833' title='bbox 528 5458 724 5514; x_wconf 87' lang='lat' dir='ltr'>monachorum</span> <span class='ocrx_word' id='word_1_834' title='bbox 739 5458 797 5529; x_wconf 89' lang='lat' dir='ltr'>tibi,</span> <span class='ocrx_word' id='word_1_835' title='bbox 814 5462 887 5531; x_wconf 90' lang='lat' dir='ltr'>quod</span> <span class='ocrx_word' id='word_1_836' title='bbox 900 5460 978 5531; x_wconf 87' lang='lat' dir='ltr'>absit,</span> <span class='ocrx_word' id='word_1_837' title='bbox 1001 5462 1117 5520; x_wconf 89' lang='lat' dir='ltr'>damna·</span> <span class='ocrx_word' id='word_1_838' title='bbox 1167 5456 1260 5513; x_wconf 81' lang='lat' dir='ltr'>Nihilo</span> <span class='ocrx_word' id='word_1_839' title='bbox 1275 5470 1384 5527; x_wconf 71' lang='lat' dir='ltr'>(1¹10th</span> <span class='ocrx_word' id='word_1_840' title='bbox 1399 5455 1487 5511; x_wconf 71' lang='lat' dir='ltr'>minus</span> <span class='ocrx_word' id='word_1_841' title='bbox 1502 5457 1554 5512; x_wconf 72' lang='lat'>¹¹00</span> <span class='ocrx_word' id='word_1_842' title='bbox 1569 5457 1641 5512; x_wconf 48' lang='lat' dir='ltr'>abdi</span> <span class='ocrx_word' id='word_1_843' title='bbox 1657 5472 1739 5526; x_wconf 60' lang='lat' dir='ltr'>afflet</span> <span class='ocrx_word' id='word_1_844' title='bbox 1766 5472 1887 5513; x_wconf 61' lang='lat' dir='ltr'>immin</span> <span class='ocrx_word' id='word_1_845' title='bbox 1914 5456 1968 5513; x_wconf 63' lang='lat'>4¹⁰·</span> 
     </span>
     <span class='ocr_line' id='line_1_90' title="bbox 320 5539 1967 5623; baseline 0 -27"><span class='ocrx_word' id='word_1_846' title='bbox 320 5544 423 5603; x_wconf 84' lang='lat' dir='ltr'>tionem</span> <span class='ocrx_word' id='word_1_847' title='bbox 447 5546 612 5617; x_wconf 72' lang='lat' dir='ltr'>acquiras.»</span> <span class='ocrx_word' id='word_1_848' title='bbox 643 5548 703 5603; x_wconf 83' lang='lat' dir='ltr'>Nou</span> <span class='ocrx_word' id='word_1_849' title='bbox 731 5549 822 5620; x_wconf 72' lang='lat' dir='ltr'>potuit</span> <span class='ocrx_word' id='word_1_850' title='bbox 847 5548 964 5621; x_wconf 68' lang='lat' dir='ltr'>amplius</span> <span class='ocrx_word' id='word_1_851' title='bbox 991 5552 1117 5623; x_wconf 70' lang='lat' dir='ltr'>spiritum</span> <span class='ocrx_word' id='word_1_852' title='bbox 1167 5541 1236 5597; x_wconf 90' lang='lat' dir='ltr'>mini</span> <span class='ocrx_word' id='word_1_853' title='bbox 1251 5540 1304 5597; x_wconf 89' lang='lat' dir='ltr'>mei</span> <span class='ocrx_word' id='word_1_854' title='bbox 1321 5540 1394 5596; x_wconf 88' lang='lat' dir='ltr'>lucto</span> <span class='ocrx_word' id='word_1_855' title='bbox 1409 5539 1551 5599; x_wconf 88' lang='lat' dir='ltr'>ostendere</span> <span class='ocrx_word' id='word_1_856' title='bbox 1579 5542 1704 5599; x_wconf 80' lang='lat' dir='ltr'>venalem</span> <span class='ocrx_word' id='word_1_857' title='bbox 1732 5556 1793 5599; x_wconf 89' lang='lat' dir='ltr'>esse</span> <span class='ocrx_word' id='word_1_858' title='bbox 1821 5539 1916 5598; x_wconf 79' lang='lat' dir='ltr'>Fidem</span> <span class='ocrx_word' id='word_1_859' title='bbox 1940 5540 1967 5596; x_wconf 91' lang='lat' dir='ltr'>ei</span> 
     </span>
    </p>
   </div>
   <div class='ocr_carea' id='block_1_16' title="bbox 968 5674 1311 5736">
    <p class='ocr_par' dir='ltr' id='par_1_17' title="bbox 968 5674 1311 5736">
     <span class='ocr_line' id='line_1_91' title="bbox 968 5674 1311 5736; baseline -0.003 -6"><span class='ocrx_word' id='word_1_860' title='bbox 968 5675 1181 5736; x_wconf 83' lang='lat' dir='ltr'>HENSCHENII</span> <span class='ocrx_word' id='word_1_861' title='bbox 1196 5674 1311 5731; x_wconf 79' lang='lat' dir='ltr'>NOTAE.</span> 
     </span>
    </p>
   </div>
   <div class='ocr_carea' id='block_1_17' title="bbox 338 5782 1968 6005">
    <p class='ocr_par' dir='ltr' id='par_1_18' title="bbox 338 5782 1968 6005">
     <span class='ocr_line' id='line_1_92' title="bbox 354 5782 1968 5863; baseline 0.002 -22"><span class='ocrx_word' id='word_1_862' title='bbox 354 5785 393 5856; x_wconf 87' lang='lat' dir='ltr'>(a)</span> <span class='ocrx_word' id='word_1_863' title='bbox 410 5782 591 5856; x_wconf 89' lang='lat' dir='ltr'>Spelmannna</span> <span class='ocrx_word' id='word_1_864' title='bbox 606 5784 635 5839; x_wconf 92' lang='lat' dir='ltr'>in</span> <span class='ocrx_word' id='word_1_865' title='bbox 649 5786 741 5843; x_wconf 86' lang='lat' dir='ltr'>Catan</span> <span class='ocrx_word' id='word_1_866' title='bbox 762 5787 981 5857; x_wconf 87' lang='lat' dir='ltr'>aconailiorum,</span> <span class='ocrx_word' id='word_1_867' title='bbox 993 5789 1116 5847; x_wconf 88' lang='lat' dir='ltr'>ultimum</span> <span class='ocrx_word' id='word_1_868' title='bbox 1167 5788 1312 5847; x_wconf 86' lang='lat' dir='ltr'>Ethelredo</span> <span class='ocrx_word' id='word_1_869' title='bbox 1327 5806 1396 5863; x_wconf 69' lang='lat' dir='ltr'>rege</span> <span class='ocrx_word' id='word_1_870' title='bbox 1409 5789 1539 5848; x_wconf 87' lang='lat' dir='ltr'>indictum</span> <span class='ocrx_word' id='word_1_871' title='bbox 1555 5791 1616 5857; x_wconf 84' lang='lat' dir='ltr'>suit,</span> <span class='ocrx_word' id='word_1_872' title='bbox 1632 5806 1705 5847; x_wconf 85' lang='lat' dir='ltr'>enno</span> <span class='ocrx_word' id='word_1_873' title='bbox 1719 5788 1869 5847; x_wconf 73' lang='lat' dir='ltr'>10093anb</span> <span class='ocrx_word' id='word_1_874' title='bbox 1897 5802 1968 5845; x_wconf 87' lang='lat' dir='ltr'>noro</span> 
     </span>
     <span class='ocr_line' id='line_1_93' title="bbox 338 5854 1968 5930; baseline 0.002 -20"><span class='ocrx_word' id='word_1_875' title='bbox 338 5854 607 5911; x_wconf 88' lang='lat' dir='ltr'>enersleeoneilium</span> <span class='ocrx_word' id='word_1_876' title='bbox 623 5856 714 5913; x_wconf 88' lang='lat' dir='ltr'>statuit</span> <span class='ocrx_word' id='word_1_877' title='bbox 753 5859 997 5930; x_wconf 83' lang='lat' dir='ltr'>nnamense‚quod</span> <span class='ocrx_word' id='word_1_878' title='bbox 1013 5862 1116 5919; x_wconf 86' lang='lat' dir='ltr'>hortatu</span> <span class='ocrx_word' id='word_1_879' title='bbox 1167 5869 1258 5918; x_wconf 86' lang='lat' dir='ltr'>autem</span> <span class='ocrx_word' id='word_1_880' title='bbox 1272 5860 1521 5919; x_wconf 88' lang='lat' dir='ltr'>Nortbmaunornm</span> <span class='ocrx_word' id='word_1_881' title='bbox 1536 5862 1676 5918; x_wconf 85' lang='lat' dir='ltr'>dominatu</span> <span class='ocrx_word' id='word_1_882' title='bbox 1691 5860 1903 5930; x_wconf 83' lang='lat' dir='ltr'>miracoltapsra</span> <span class='ocrx_word' id='word_1_883' title='bbox 1922 5874 1968 5915; x_wconf 88' lang='lat' dir='ltr'>res</span> 
     </span>
     <span class='ocr_line' id='line_1_94' title="bbox 350 5924 1966 6005; baseline 0.003 -24"><span class='ocrx_word' id='word_1_884' title='bbox 350 5924 433 6000; x_wconf 74' lang='lat' dir='ltr'>lleagi</span> <span class='ocrx_word' id='word_1_885' title='bbox 448 5926 666 5985; x_wconf 85' lang='lat' dir='ltr'>Dorobernensis</span> <span class='ocrx_word' id='word_1_886' title='bbox 680 5936 707 5984; x_wconf 89' lang='lat' dir='ltr'>et</span> <span class='ocrx_word' id='word_1_887' title='bbox 720 5928 860 5987; x_wconf 87' lang='lat' dir='ltr'>Walatani</span> <span class='ocrx_word' id='word_1_888' title='bbox 875 5930 1053 5989; x_wconf 80' lang='lat' dir='ltr'>Eboracensis</span> <span class='ocrx_word' id='word_1_889' title='bbox 1081 5932 1116 5989; x_wconf 92' lang='lat' dir='ltr'>ab</span> <span class='ocrx_word' id='word_1_890' title='bbox 1165 5932 1363 5995; x_wconf 79' lang='lat' dir='ltr'>ecclesiastieae</span> <span class='ocrx_word' id='word_1_891' title='bbox 1384 5932 1580 5992; x_wconf 77' lang='lat' dir='ltr'>reformatione</span> <span class='ocrx_word' id='word_1_892' title='bbox 1611 5948 1711 6005; x_wconf 69' lang='lat' dir='ltr'>maana</span> <span class='ocrx_word' id='word_1_893' title='bbox 1736 5930 1864 6005; x_wconf 69' lang='lat' dir='ltr'>egebam.</span> <span class='ocrx_word' id='word_1_894' title='bbox 1891 5926 1966 5987; x_wconf 82' lang='lat' dir='ltr'>loire</span> 
     </span>
    </p>
   </div>
   <div class='ocr_carea' id='block_1_18' title="bbox 0 0 2380 6725">
    <p class='ocr_par' dir='ltr' id='par_1_19' title="bbox 0 0 2380 6725">
     <span class='ocr_line' id='line_1_95' title="bbox 0 0 2380 6725; baseline 0 0"><span class='ocrx_word' id='word_1_895' title='bbox 0 0 2380 6725; x_wconf 95' lang='lat' dir='ltr'> </span> 
     </span>
    </p>
   </div>
  </div>
 </body>
</html>
