4750 6725
320 522 355 582 te
972 522 1035 583 tta.
1050 524 1098 595 lli,
1113 522 1223 585 EPIST.
1234 524 1305 587 Llff.
1932 528 1967 589 td

320 649 355 707 lis
367 648 586 710 Cenomanorum
605 650 745 723 saomdos,
760 648 875 709 salutern
887 644 918 683 ’¹'
933 655 960 708 et
983 651 1160 717 oratioaesA
1175 652 1304 725 peccatis.
1321 652 1398 711 Uada
1417 651 1528 727 dignum
1554 652 1602 711 fuit
1622 660 1651 711 ut
1674 652 1824 715 advocatus
1849 655 1968 715 ueritatis

321 739 350 795 ia
366 739 487 799 Domino
502 741 569 797 iesu
582 741 707 801 Christo.

357 830 559 888 arciselaus
583 841 611 890 et
632 833 724 891 uultus
745 832 884 888 solemnes
905 844 967 887 cam
991 837 1036 886 tuo
1055 829 1122 886 mibi

321 918 449 976 Tractatu
472 921 583 992 pariter,
598 922 771 979 sanctissime
785 922 867 977 Pater
880 917 921 988 Μ,
936 926 1120 978 accesserunt.

319 1008 504 1080 Susceperam
516 1011 590 1081 prius
603 1011 819 1068 benedictionem
843 1018 918 1065 tuear
942 1025 1035 1066 servus
1057 1023 1119 1081 ego,

318 1112 418 1154 serras
432 1106 494 1153 tuus
507 1097 547 1171 ¹⁸⁰,
563 1101 659 1172 etegit
674 1101 777 1172 gratias
800 1099 917 1155 Domino
939 1098 1007 1165 Deo,
1024 1103 1050 1153 et
1073 1096 1121 1151 tibi

318 1184 350 1216 ¹⁸¹
380 1186 495 1243 devotus
522 1187 685 1256 affectas¹⁸¹,
707 1188 820 1245 affectas
847 1202 935 1243 meas.
964 1188 1121 1241 Humanum

319 1275 435 1347 quidem
458 1278 509 1332 fuit
530 1278 676 1333 subvenire
699 1279 827 1349 proximo
849 1292 898 1348 per
921 1274 1121 1347 compassionis

319 1363 449 1421 affectum
461 1364 502 1429 '‘⁸;
518 1367 568 1421 sed
582 1366 715 1433 divinum,
732 1365 813 1421 fidem
835 1364 985 1420 defendere
1006 1363 1121 1420 catholi-

318 1469 378 1509 cam
405 1470 456 1525 per
483 1455 681 1511 inhabitantem
705 1454 733 1509 in
762 1462 788 1511 te
816 1453 947 1525 Spiritum
976 1458 1117 1507 sanctum.

319 1543 470 1615 Utramque
486 1552 576 1599 autem
599 1551 730 1615 operatus
752 1551 793 1599 est
814 1559 885 1598 auus
908 1545 989 1611 atque
1003 1539 1033 1568 '⁸‘
1047 1539 1122 1596 idem

320 1631 448 1703 Spiritus,
464 1631 562 1688 voleus
576 1632 624 1687 tibi
638 1633 721 1702 387
738 1632 866 1689 virtutum
888 1630 1039 1687 exuberare
1054 1644 1119 1701 gra-

320 1718 396 1785 tiam,
414 1736 495 1791 quem
511 1736 568 1777 suae
582 1721 769 1792 processionis
784 1735 801 1774 a
816 1719 883 1774 filio
902 1718 1057 1775 reservabat
1068 1717 1121 1773 de·

320 1806 471 1865 feasorem.
487 1812 519 1864 ln
534 1809 700 1865 malevolam
713 1809 788 1863 enim
805 1808 924 1864 animam
938 1822 992 1863 non
1015 1812 1121 1877 poterat

319 1895 434 1953 introire
447 1897 591 1970 sapientia,
609 1912 662 1954 nec
675 1897 800 1953 habitare
822 1897 851 1951 in
873 1911 989 1968 corpore
1012 1894 1121 1951 subdito

1175 742 1328 814 exemplum
1344 742 1522 813 pretenderet
1538 740 1568 771 ’¹⁸
1576 742 1729 817 religionis.
1742 747 1815 803 Talis
1825 752 1970 818 propterea

1175 828 1205 858 '⁸⁶
1221 830 1401 902 pastoralibus
1416 832 1539 887 excubiis
1554 834 1730 903 congruebat,
1747 837 1790 891 cui
1805 836 1871 891 arbit
1887 836 1970 891 dees·

1174 928 1215 974 set
1230 920 1265 974 ad
1280 918 1311 949 '⁸⁷
1325 920 1518 990 plenitudinem
1533 921 1652 991 justitior,
1670 922 1736 977 nihil
1752 920 1781 951 ¹⁸⁸
1794 924 1829 979 ad
1853 923 1968 995 integri-

1175 1012 1259 1063 tatem
1271 1008 1412 1063 doctriaae.
1429 1009 1539 1063 Deatum
1554 1026 1618 1064 sane
1633 1018 1738 1081 pectus,
1754 1012 1827 1081 quod
1841 1013 1968 1067 virtutum

1175 1103 1324 1151 conuentus
1349 1096 1528 1149 reverendam
1544 1095 1573 1124 '⁸’
1588 1097 1639 1151 sibi
1663 1099 1801 1169 penetrale
1824 1115 1969 1155 consecra-

1174 1184 1224 1239 vit.
1242 1185 1306 1237 lade
1322 1184 1395 1239 uelut
1417 1200 1450 1237 ex
1473 1183 1552 1237 aditis
1576 1184 1669 1239 diuina
1688 1186 1821 1254 prodeunt
1844 1186 1967 1253 oracula,

1174 1272 1295 1342 nihilque
1310 1270 1384 1326 aliud
1398 1286 1476 1327 sacra
1489 1272 1561 1325 labia
1575 1270 1605 1299 ”⁰
1622 1272 1780 1342 profitentur
1794 1290 1874 1345 (paam
1890 1275 1970 1331 cerle-

1175 1361 1224 1414 stis
1235 1362 1406 1431 interpretem
1423 1360 1577 1416 voluntatis.
1589 1361 1689 1415 Eorum
1702 1377 1745 1416 me
1760 1363 1859 1433 saepius
1873 1378 1969 1418 recor-

1175 1449 1283 1503 dantem
1299 1456 1393 1517 stupor
1406 1448 1556 1517 opprimit;
1573 1455 1598 1502 et
1614 1448 1677 1501 dum
1694 1449 1801 1521 singula
1825 1450 1970 1523 diligenter

1174 1537 1293 1603 intueor,
1309 1535 1399 1591 omnia
1424 1536 1533 1606 Spiritui
1557 1536 1643 1590 fateor
1666 1536 1835 1604 ascribenda,
1859 1554 1924 1594 cum
1939 1536 1969 1567 '⁸¹

1175 1625 1319 1679 Psalmiste
1335 1625 1427 1680 diceas
1440 1640 1447 1681 :
1460 1626 1479 1679 Α
1495 1626 1612 1681 Domino
1622 1626 1782 1693 factumest
1793 1626 1878 1691 istud,
1889 1632 1917 1681 et
1927 1631 1971 1683 est

1174 1714 1304 1770 mirabile
1319 1714 1348 1768 ia
1367 1713 1454 1768 oralia
1473 1714 1578 1769 nostris
1601 1714 1692 1783 (Prot.
1712 1728 1797 1780 cxvtt,
1813 1714 1871 1783 23).
1893 1714 1969 1783 Vale,

1175 1801 1342 1857 sanctissime
1358 1800 1389 1827 '⁹'
1406 1802 1492 1867 Pater,
1509 1800 1597 1855 sciens
1612 1796 1642 1827 ”⁸
1658 1801 1721 1871 quin
1735 1801 1872 1857 desiderio
1896 1802 1970 1857 ‹lesi-

1174 1891 1252 1947 derat
1265 1891 1355 1947 aalma
1371 1906 1432 1946 mea
1447 1896 1473 1945 te
1488 1890 1590 1957 uidere,
1604 1905 1658 1945 noa
1672 1906 1745 1962 aegre
1765 1890 1852 1948 latura
1875 1898 1971 1951 ventos

972 1995 1092 2052 VARlAE
1107 1991 1318 2047 LECTlONES.

356 2088 525 2149 ¹¹''Salatem
541 2110 594 2149 mr.
610 2092 738 2163 salutem,
754 2102 782 2150 at
795 2093 929 2150 emtioaes
944 2093 972 2149 ia
987 2093 1105 2149 Domino
1119 2092 1184 2145 lesu
1200 2089 1323 2144 Cirristo.
1341 2086 1551 2144 '⁷’Sanctissime
1567 2090 1647 2145 Pater
1660 2107 1717 2147 ras.
1732 2089 1968 2161 senapariam.

319 2159 412 2235 ¹⁸⁰Ego
426 2179 520 2220 seruus
535 2171 596 2219 taus
610 2181 664 2221 ms.
680 2182 775 2222 seruus
790 2181 843 2237 ego
858 2180 956 2220 servus
972 2174 1039 2219 tuus.
1056 2161 1183 2218 ’⁸¹Gratia
1200 2161 1318 2215 Domina
1333 2161 1401 2223 Deo,
1418 2167 1444 2215 et
1464 2160 1512 2213 tibi
1531 2178 1584 2215 arc.
1600 2164 1626 2217 S.
1647 2162 1721 2217 arra.
1740 2162 1839 2232 gratias
1863 2162 1919 2218 Deo
1943 2170 1970 2217 et

320 2233 384 2288 tibi.
403 2232 557 2290 ”¹Derotus
573 2253 580 2289 ι
595 2235 709 2292 affectus
732 2253 785 2291 ms.
808 2238 923 2291 «levatus
945 2234 1079 2301 affectus;
1095 2231 1206 2287 affectus
1226 2247 1278 2285 erra.
1294 2229 1327 2285 S.
1343 2230 1422 2285 Atrei.
1442 2230 1555 2285 devotus
1576 2230 1689 2287 affectus
1710 2248 1795 2286 meus.
1813 2232 1886 2287 Edit.
1908 2234 1968 2288 Pie.

319 2305 438 2361 devotus
462 2304 576 2362 edoctus
599 2316 638 2362 est
660 2306 786 2363 affectus.
806 2306 986 2363 ¹‘'Charitetis
1012 2304 1142 2360 affectam
1166 2302 1405 2357 ma.S.1trrd.et
1430 2302 1506 2356 Edit.
1533 2302 1590 2356 Pic.
1606 2303 1803 2371 compassionis
1825 2301 1964 2358 aflectum.

319 2373 429 2430 ¹⁸⁴Unus
440 2376 487 2431 ille
502 2384 584 2446 atque
600 2379 756 2443 enrittiter,
771 2378 817 2433 ille
830 2381 863 2433 in
889 2394 941 2434 ms.
956 2379 987 2433 S.
1009 2377 1077 2431 Arrd.
1095 2372 1290 2441 ”Exemplum
1317 2372 1485 2441 relinquerat
1508 2388 1575 2428 arcs.
1592 2372 1747 2441 exemplum
1773 2374 1964 2443 praetenderat.

320 2444 431 2501 ¹⁸‘Talis
443 2447 524 2503 etiam
539 2464 593 2503 rar.
609 2450 637 2504 S.
652 2450 737 2505 fad..
756 2449 828 2504 Talis
842 2453 997 2520 propterea.
1014 2444 1118 2501 ''⁷Nihil
1135 2445 1211 2497 deest
1227 2443 1261 2496 ad
1277 2460 1329 2497 rar.
1346 2443 1373 2497 S.
1391 2442 1467 2497 And.
1481 2442 1546 2497 nibil
1568 2444 1645 2498 deest
1659 2444 1704 2499 ad.
1721 2442 1969 2507 '⁸⁸Pleaitudiuem,

319 2518 388 2573 nibil
408 2533 478 2573 mss.
500 2517 695 2590 plenitudinem
715 2520 838 2589 justitiae,
861 2519 941 2574 nihil.
958 2518 1070 2586 ¹”Quotl
1090 2514 1253 2571 reverendus
1276 2514 1404 2567 uirtutum
1427 2521 1576 2567 conventus
1601 2514 1780 2569 reverendum
1805 2531 1872 2570 rnss.
1896 2516 1970 2585 quod

320 2588 452 2643 virtutum
468 2598 622 2645 conventus
640 2592 833 2646 reverendum.
848 2589 966 2645 ''⁰Saera
989 2589 1063 2643 labia
1084 2601 1136 2641 ras.
1151 2586 1182 2640 S.
1203 2585 1273 2641 Acri.
1289 2599 1364 2637 sacra
1392 2582 1485 2636 rerba.
1502 2581 1668 2653 ”¹0pprimit
1692 2592 1718 2639 et
1741 2592 1859 2639 mutatus
1885 2587 1970 2640 nostri

321 2664 375 2714 tem
396 2660 453 2715 oris
468 2661 609 2715 bominem
625 2662 687 2716 talia
702 2677 795 2733 posse,
811 2662 915 2717 calama
937 2660 1037 2715 scribae
1060 2656 1193 2713 uelociter
1215 2654 1359 2708 scribentis
1380 2653 1470 2707 omnia
1492 2652 1581 2708 fateor
1600 2654 1770 2719 ascribenda,
1786 2670 1845 2709 cum
1868 2672 1921 2711 mc.
1937 2658 1965 2712 S.

319 2676 395 2785 tuilf
410 2735 441 2787 et
455 2747 510 2787 ms.
532 2732 601 2787 Vici.
616 2734 648 2788 irs
661 2734 746 2804 ifarp.
761 2734 915 2789 recentiori
929 2748 1027 2794 manu,
1044 2724 1192 2798 opprimit;
1209 2732 1235 2779 et
1251 2725 1314 2778 dum
1332 2724 1437 2794 singule
1452 2723 1599 2795 diligenter
1619 2724 1733 2790 intueor,
1749 2725 1841 2780 emnia
1855 2725 1965 2795 Spiritui

319 2810 418 2857 sancto
433 2801 523 2857 fateor
535 2801 709 2871 ascribenda,
725 2818 797 2859 carn.
813 2802 922 2869 '’'Vale
939 2800 1112 2858 sanctissime
1126 2813 1183 2852 rar·
1203 2797 1230 2852 S.
1245 2797 1315 2851 dart.
1332 2800 1421 2851 etrus.
1443 2796 1510 2850 Vici.
1526 2797 1558 2850 irs
1580 2796 1664 2866 liora.
1682 2797 1834 2853 recentiori
1854 2812 1968 2854 marta:

319 2871 411 2929 ricem
424 2872 502 2938 mihi,
520 2874 600 2928 Peter
614 2882 717 2939 sancte,
729 2874 871 2948 rependes,
880 2875 903 2929 si
918 2881 1023 2930 tuarum
1038 2887 1082 2927 me
1091 2868 1257 2942 participem
1272 2865 1369 2922 feceris
1383 2863 1546 2921 orationum.
1560 2866 1639 2922 Vale.
1653 2865 1864 2923 '⁹'Sanctissime
1877 2868 1966 2937 Pater,

318 2942 413 3000 aciens
425 2960 480 3001 rar.
491 2944 519 3001 S.
535 2944 611 3002 And.
629 2946 748 3002 omittit.

915 3014 1065 3072 JOANNIS
1086 3010 1228 3068 arceant
1247 3006 1359 3063 NOTAE.

318 3112 384 3196 regi
398 3112 548 3181 traderent,
565 3114 707 3189 ipsamque
722 3130 737 3170 a
751 3115 866 3172 vineatis
879 3115 1035 3170 liberarent.
1053 3114 1116 3167 arat
1130 3111 1157 3170 Β
1172 3122 1277 3179 messa,
1294 3104 1414 3161 uniuersi
1436 3104 1514 3177 quast
1530 3104 1627 3179 anselo
1642 3106 1691 3162 aet
1707 3108 1837 3163 honorem
1853 3107 1967 3165 extrita·

319 3184 1115 3257 earmipseccmesiieliasiavinculisregisltaglorum:
1171 3178 1248 3233 bunt.
1333 3247 1338 3258 υ
1782 3249 1786 3260 1

318 3256 436 3311 timebat
449 3256 522 3311 enirn
536 3274 571 3312 ne
584 3274 679 3313 comes
692 3258 784 3324 Falco,
800 3258 883 3329 regiis
900 3256 1058 3312 muneribus
1074 3255 1118 3310 de·
1202 3272 1219 3329 ¹r
1238 3249 1373 3329 Rogemus
1398 3254 1497 3329 aulem,
1522 3248 1576 3331 dili
1600 3248 1710 3331 S¹⁰¹l¹ae2
1726 3249 1818 3305 tudllss
1843 3250 1917 3306 fama
1942 3258 1968 3307 el

319 3334 428 3398 ceptus,
444 3343 503 3384 cam
519 3343 553 3385 eo
566 3344 665 3400 pacem
675 3331 786 3396 faceret,
800 3334 827 3386 et
838 3328 932 3386 tradita
941 3328 1049 3385 civitate
1059 3326 1118 3394 ipse
1170 3328 1282 3401 screatu
1299 3320 1435 3400 praesulis,
1451 3320 1525 3401 ullum
1542 3336 1702 3402 tumaxime
1718 3321 1820 3403 ltenore
1835 3330 1861 3378 ct
1884 3338 1966 3380 reve-

318 3408 472 3470 perpetueo
495 3401 676 3457 damnaretur.
693 3401 840 3472 Episcopus
863 3409 967 3468 autem,
983 3400 1042 3469 ejus
1064 3414 1117 3452 aa·
1169 3399 1258 3472 centua
1272 3401 1399 3472 suscepit,
1417 3391 1532 3472 ct'dedrt
1554 3408 1578 3445 cr
1603 3393 1675 3447 adem
1700 3393 1833 3473 Rogemus
1846 3403 1966 3475 ⁸centum

318 3471 426 3538 gestias
439 3470 595 3539 miseratus,
605 3489 666 3529 cum
674 3473 750 3528 code
758 3471 818 3541 ejus
826 3471 1002 3527 liberationes
1011 3479 1050 3524 est
1059 3469 1117 3524 eol·
1171 3477 1266 3518 arucias
1281 3477 1340 3516 aura
1355 3461 1389 3514 ad
1406 3462 1559 3518 faciendum
1574 3477 1643 3532 opus
1659 3463 1730 3516 beata
1751 3463 1863 3530 Julram,
1880 3473 1907 3520 et
1929 3465 1964 3520 etl

320 3541 442 3598 locutus,
461 3542 524 3612 {pte
538 3559 603 3599 pgr-0
616 3560 662 3600 reg
672 3543 753 3614 paulo
762 3551 822 3614 post
831 3543 945 3598 liberum
956 3549 982 3598 gt
995 3541 1117 3614 quietum
1170 3533 1270 3587 victum
1292 3533 1484 3588 canonicorum
1508 3533 1604 3588 decem
1628 3533 1712 3588 libras
1741 3543 1857 3590 monelae
1880 3535 1965 3590 dedit.

319 3612 399 3668 abire
413 3613 548 3683 permisit.
565 3615 622 3670 Rex
636 3623 723 3670 autem
742 3625 822 3685 capta
845 3612 962 3680 civitate,
977 3621 1004 3668 et
1025 3611 1118 3668 muni-

320 3683 445 3739 tionibus
458 3684 600 3756 impositis,
616 3687 645 3740 iu
657 3685 787 3812 angliam
802 3683 995 3741 transfretavit.

360 3778 373 3802 α
390 3754 509 3824 Quidam
523 3765 613 3812 autem
637 3773 672 3813 ex
695 3756 812 3822 cericis,
827 3754 978 3812 inridentes
1001 3767 1117 3826 promo·

319 3826 389 3881 tioni
416 3825 550 3898 episcopi,
567 3835 595 3883 et
620 3827 697 3883 dolos
724 3826 897 3891 insidiantes,
920 3832 1117 3883 accusavemat

319 3913 386 3952 eum
401 3896 474 3966 apud
489 3913 582 3970 regern
596 3898 714 3970 Angliae,
730 3899 852 3954 dicentes
867 3914 928 3952 cara
950 3895 1031 3952 fuisse
1051 3911 1117 3951 coa·

316 3968 405 4024 sciam
421 3968 595 4038 proditionis,
611 3970 720 4038 quando
744 3985 837 4025 comes
861 3968 953 4023 Helias
975 3967 1117 4038 occupavit

317 4039 458 4094 diritatem
473 4041 706 4095 consentientibus
721 4040 857 4096 omuibus.
869 4039 945 4096 Unde
960 4055 1009 4094 rex
1020 4054 1116 4106 suspe-

317 4117 391 4165 ctam
408 4109 511 4164 babeas
526 4110 726 4178 Hildebertum,
739 4113 869 4166 instanter
883 4111 919 4166 ab
933 4126 965 4165 eo
988 4109 1118 4178 exigebat

316 4188 346 4234 ut
360 4189 450 4236 turres
465 4181 590 4238 eeclesiae
604 4181 678 4236 dirui
693 4182 856 4252 praeciperet
880 4181 989 4252 (quibus
1010 4179 1118 4236 dicebat

316 4250 370 4306 sibl
386 4251 517 4307 damnum
532 4252 634 4307 illatum
660 4252 754 4322 fuisse)
770 4261 915 4322 antequam
940 4253 967 4305 in
988 4251 1116 4322 Angliam

318 4321 519 4380 transfretaret.
537 4323 571 4378 Et
587 4330 614 4378 ut
630 4329 720 4378 turres
734 4323 865 4387 dirueret,
881 4323 979 4378 obtulit
995 4320 1117 4392 pontifici

317 4393 468 4448 maximum
484 4394 594 4465 pondus
608 4395 667 4449 auri
680 4402 708 4449 et
726 4394 830 4465 argenti
851 4394 885 4448 ad
906 4393 1116 4449 aedificationem

1170 3604 1268 3659 Postea
1283 3618 1347 3658 vero
1362 3603 1433 3656 idem
1448 3603 1591 3674 episcopus
1605 3603 1639 3658 ad
1655 3604 1862 3660 Cenomaaicam
1885 3605 1964 3660 rediit

1189 3673 1351 3729 ruriaciam.
1368 3673 1468 3727 Eodem
1483 3681 1604 3744 tempore
1633 3689 1726 3729 comes
1741 3675 1832 3730 Helias
1843 3675 1964 3730 liberalis

1169 3691 1268 3800 fectum
1284 3747 1310 3798 ia
1326 3759 1379 3814 quo
1394 3743 1466 3798 beati
1480 3743 1577 3798 iuliani
1601 3743 1681 3800 beata
1704 3745 1828 3801 membra
1848 3747 1962 3818 requie·

1169 3817 1279 3871 scebant
1294 3830 1359 3869 atrro
1374 3815 1513 3869 decorauit
1526 3823 1552 3869 et
1567 3823 1691 3886 argento.

1209 3909 1220 3934 a
1238 3885 1342 3940 Deinde
1357 3900 1429 3940 anuo
1444 3885 1551 3940 Domini
1567 3889 1634 3940 tt‘ib
1649 3886 1684 3940 ad
1706 3885 1902 3943 dedicationem
1918 3903 1964 3943 ec-

1169 3957 1259 4012 etesiae
1274 3957 1439 4021 accelerans,
1452 3956 1535 4010 multa
1545 3955 1583 4011 ibi
1595 3957 1747 4012 accessoria
1758 3959 1924 4027 ministrans,
1936 3960 1965 4013 in

1170 4037 1267 4082 octavo
1281 4028 1324 4081 die
1340 4028 1446 4082 Paselrae
1461 4026 1633 4082 Hildebertus
1656 4044 1738 4084 conse
1772 4030 1828 4084 evit
1852 4046 1913 4085 cam
1938 4031 1965 4084 ia

1170 4099 1276 4154 honore
1291 4107 1316 4152 et
1331 4099 1438 4152 nomine
1447 4101 1550 4153 sanctae
1561 4107 1587 4152 et
1598 4098 1723 4162 gloriosae
1760 4101 1852 4168 ugiais
1863 4101 1962 4166 hieriae,

1169 4178 1196 4223 et
1212 4169 1353 4223 beatorum
1368 4173 1514 4238 martyrum
1532 4169 1653 4224 Gerrasii
1669 4177 1695 4224 et
1710 4171 1832 4239 Protesii,
1850 4187 1882 4228 ao
1897 4172 1965 4242 piis-

1170 4240 1232 4294 simi
1246 4240 1356 4294 Juliaai.
1375 4240 1471 4293 Postea
1486 4254 1549 4294 uere
1566 4240 1675 4294 feriter
1692 4242 1803 4312 proprio
1819 4257 1870 4297 suo
1893 4243 1965 4297 duas

1171 4325 1250 4366 casas
1266 4325 1333 4364 auro
1350 4317 1376 4364 et
1391 4317 1506 4381 argento
1522 4309 1701 4380 pulcherrime
1726 4313 1922 4380 circumtectas,
1939 4314 1967 4368 in

1170 4381 1269 4450 quibas
1288 4380 1417 4452 reliquias
1441 4389 1597 4436 sanctorum
1622 4381 1710 4436 Tutilii
1748 4389 1774 4437 et
1798 4383 1914 4439 Victoris
1939 4391 1965 4438 et

319 4465 438 4536 reputer
450 4465 535 4520 arara
551 4464 659 4531 sarran,
675 4471 705 4519 ur
719 4465 836 4520 arcera.
854 4463 931 4532 Quod
947 4464 980 4519 aa
996 4463 1116 4535 ignorni-
1131 4463 1156 4526 c
1171 4453 1329 4534 innocentii.
1346 4457 1374 4504 et
1396 4458 1495 4532 sinere
1517 4451 1669 4531 fenestra
1687 4459 1717 4534 ,rt
1737 4451 1812 4534 aas,
1830 4458 1857 4509 a
1880 4453 1965 4508 sanna

318 4535 394 4590 niam
423 4534 483 4591 fieri
511 4535 606 4591 rideas
634 4535 787 4606 episcopus,
803 4534 916 4590 coasilio
941 4542 1053 4603 accepto
1080 4535 1114 4588 ad
1172 4523 1259 4577 flllflfl
1274 4522 1433 4592 Dlsssbl'lel'lr
1449 4522 1799 4592 ³⁰¹⁰mn¹¹⁰f00⁰sli⁷¹¹fll¹b

317 4622 398 4660 suam
412 4621 542 4661 reversus
557 4609 598 4662 et
613 4605 771 4662 Ecclesiam.
789 4606 908 4662 Primum
925 4605 1021 4660 detulit
1034 4605 1114 4676 plane

317 4677 373 4733 duo
387 4677 516 4747 cymbala
529 4678 692 4748 pretiosam
706 4679 836 4748 optimam
851 4681 968 4746 cappam
977 4677 1011 4732 de
1020 4676 1112 4746 pallio,

318 4756 344 4802 et
359 4749 427 4802 duas
442 4748 537 4818 pelves
551 4751 705 4818 argenteas,
723 4764 783 4804 cam
795 4748 857 4802 aliis
867 4747 1114 4802 multisoraamea·

319 4819 361 4874 tis.
378 4820 485 4874 lateret
499 4820 598 4890 praesui
612 4820 646 4874 de
661 4825 796 4889 praecepto
810 4819 885 4890 regis
908 4817 987 4873 ratae
1007 4817 1112 4886 anxius,

316 4890 353 4946 de
368 4889 444 4945 urbis
457 4890 597 4956 incendio,
606 4889 790 4945 dedomoram
802 4904 909 4944 suarum
920 4890 1113 4956 destmctione,

317 4961 477 5016 deciviam
501 4962 669 5029 expulsione,
694 4962 728 5016 de
751 4960 910 5016 clericomm
942 4961 1115 5028 dispersione

317 5032 516 5100 maestissimus,
533 5033 581 5086 Dei
606 5031 800 5102 omnipotentis
821 5031 990 5086 clementiam
1012 5032 1116 5100 jugiter

317 5105 494 5173 precabatur,
510 5111 539 5157 ut
553 5103 588 5158 ab
603 5102 727 5158 Ecclesia
741 5110 768 5156 et
781 5103 882 5172 populo
897 5102 966 5157 imm
986 5101 1114 5173 indigna·

318 5175 401 5229 tionis
416 5174 578 5258 dignaretur
592 5183 716 5230 auertere
730 5173 856 5228 Disertus
870 5181 956 5228 autem
983 5173 1114 5228 Dominus

318 5245 475 5302 atiiictioara
500 5244 582 5310 iilius,
592 5243 807 5316 indignationem
830 5261 920 5311 suam,
940 5243 1009 5299 ultra
1034 5259 1115 5314 qaam

318 5319 424 5388 sperari
437 5320 557 5387 poterat,
572 5315 716 5398 mitigavit,
731 5322 758 5371 et
772 5315 856 5370 facies
869 5314 1040 5370 inimicorum
1055 5316 1115 5386 ejus

318 5387 480 5445 confusione
494 5394 522 5442 et
535 5387 689 5457 ignominia
702 5386 826 5458 replerit,
838 5386 1010 5442 atcaatieum
1020 5401 1115 5442 eorum

319 5466 473 5514 verteretur
487 5457 514 5512 ia
530 5457 641 5520 lactum,
658 5461 685 5513 et
698 5473 832 5530 organum
856 5472 949 5512 eorum
970 5457 998 5512 ia
1020 5473 1116 5512 vocem

319 5529 453 5586 flentium.
468 5527 538 5584 Nam
553 5527 618 5584 darn
633 5529 751 5598 quodam
766 5528 810 5583 die
825 5527 853 5582 in
868 5527 966 5582 silvam
993 5543 1042 5582 rex
1065 5545 1117 5583 vc-

318 5601 401 5655 aandi
416 5599 508 5672 gratia
528 5599 706 5670 perrexisset,
724 5597 758 5655 ab
778 5614 833 5653 auo
851 5614 886 5653 ex
910 5598 965 5654 sais
986 5599 1117 5654 militibus

319 5671 378 5744 (qai
393 5685 486 5727 secam
502 5673 589 5740 erant)
604 5671 703 5742 sagitta
725 5685 872 5740 percussas
894 5668 1007 5725 interiit.
1023 5671 1119 5728 Pacata

318 5743 430 5800 civitate
446 5750 474 5798 et
487 5741 611 5798 hostibus
626 5740 737 5812 fugatis,
747 5740 920 5797 Hildebertus
931 5742 1042 5798 Romam
1055 5759 1118 5813 pro·

319 5813 568 5883 aeternaequae
592 5811 729 5870 Paschalis
750 5813 886 5869 secundas
914 5829 986 5884 papa
1016 5814 1119 5886 recepit

318 5885 458 5944 attentius.
476 5883 582 5944 aenae
602 5883 642 5942 illi
664 5884 693 5942 in
714 5884 833 5943 Siciliam
856 5883 1036 5958 Apuliamque
1058 5901 1121 5958 pro-

1212 4615 1222 4641 r
1246 4595 1307 4647 f‘ost
1330 4592 1497 4663 aliquantam
1522 4593 1650 4660 temporis
1672 4592 1855 4648 Guillebertus
1876 4593 1965 4649 'furo-

1168 4665 1261 4718 nensis
1276 4662 1503 4734 archiepiscopus
1516 4663 1638 4727 moritur,
1655 4669 1681 4717 et
1695 4663 1721 4716 in
1737 4664 1802 4718 sede
1818 4673 1845 4718 et
1861 4664 1886 4717 ia
1904 4665 1963 4720 loco

1168 4735 1240 4788 illius
1262 4733 1433 4788 Hildebertus
1453 4734 1666 4788 Cenomanensis
1691 4733 1836 4804 episcopus
1856 4735 1962 4804 apicem

1168 4809 1209 4860 est
1223 4805 1342 4870 sortitas,
1359 4804 1523 4859 concedente
1532 4804 1668 4860 Ludovico
1682 4805 1784 4860 Grosso
1794 4805 1962 4862 Francorum

1168 4892 1246 4948 rege.
1263 4879 1340 4930 Anao
1356 4875 1463 4930 Domini
1480 4876 1558 4929 itta.

1208 4947 1353 5001 «Tandem
1370 4961 1434 5000 vero
1456 4961 1491 4999 xv
1514 4943 1628 5000 Kalend.
1643 4947 1765 5012 ianuar,
1782 4947 1809 5002 id
1833 4955 1873 5003 est
1894 4963 1962 5004 avan

1169 5017 1312 5080 Decemb,
1329 5033 1399 5071 anno
1414 5015 1523 5070 Domini
1539 5017 1616 5083 ttae,
1633 5017 1659 5070 in
1675 5025 1813 5073 senectute
1828 5019 1898 5074 bona
1914 5020 1962 5075 ob·

1169 5088 1299 5143 dormivit
1322 5089 1348 5142 in
1379 5086 1494 5142 Domino
1523 5094 1548 5142 et
1577 5089 1696 5170 sepultus
1724 5099 1762 5143 est
1792 5091 1907 5145 Turonis
1936 5090 1963 5144 ia

1170 5159 1286 5215 ecclesia
1302 5157 1392 5214 Sancti
1408 5156 1541 5222 bisuntii,
1557 5167 1679 5240 rexitque
1701 5159 1851 5215 Ecclesiam
1875 5163 1962 5215 Turo-

1169 5245 1281 5284 neasem
1298 5229 1375 5284 anais
1390 5236 1504 5298 septem,
1517 5237 1542 5284 et
1557 5230 1697 5284 mensibus
1707 5247 1764 5296 sex,
1779 5238 1805 5286 et
1815 5232 1963 5286 Ecclesiam

1169 5302 1399 5357 Cenomaaeasem
1416 5300 1494 5354 aunis
1521 5315 1573 5366 aaa,
1590 5307 1616 5356 et
1645 5301 1693 5356 fuit
1720 5301 1773 5356 uita
1803 5303 1859 5369 ejus
1887 5303 1963 5372 quasi

1169 5387 1241 5426 axxx
1261 5386 1434 5426 unaarum.»
1460 5371 1607 5444 Hucusque
1628 5371 1757 5428 schedula
1779 5372 1845 5428 mini
1867 5377 1963 5430 trans·

1170 5475 1264 5516 massa.

1207 5531 1236 5586 la
1252 5547 1331 5602 quam
1347 5547 1431 5588 unum
1446 5541 1471 5590 et
1480 5533 1594 5588 alterum
1603 5529 1748 5588 obseruare
1759 5548 1803 5588 mc
1813 5533 1964 5605 compelllit

1170 5602 1309 5658 historice
1324 5605 1447 5660 veritatis
1460 5619 1545 5659 amor.
1558 5603 1693 5658 hmoldus
1712 5603 1808 5658 Wioa.
1827 5604 1874 5660 lib.
1892 5621 1910 5659 u
1921 5605 1964 5660 sui

1171 5673 1248 5741 bigni
1265 5675 1337 5739 vitae,
1354 5691 1414 5745 cap.
1440 5675 1484 5743 39,
1507 5690 1540 5728 ex
1559 5675 1684 5730 Chronic.
1710 5675 1881 5732 Cluuiacensi
1906 5693 1958 5730 ms.

1172 5743 1256 5800 refert
1278 5762 1339 5801 eum
1364 5745 1444 5802 luisse
1468 5746 1628 5801 monachum
1655 5745 1869 5810 cluniacensem,
1901 5762 1962 5802 cum

1172 5824 1263 5875 tamea
1279 5819 1336 5874 haec
1350 5816 1551 5874 narratiuncula
1574 5815 1651 5871 brevi
1670 5831 1885 5873 commemorans
1906 5815 1966 5870 Hil-

1174 5887 1281 5946 deberti
1294 5903 1388 5960 cunas,
1401 5890 1472 5947 dicat
1486 5887 1562 5945 illum
1577 5887 1668 5959 egisse
1677 5895 1769 5960 postea
1778 5885 1967 5945 ”holenchem
