4750 6725
1826 324 2082 344 marra-w-
2090 328 2101 331 n

342 541 395 598 idi
880 541 1044 603 HISTORIA
1063 542 1252 602 ttovouuu.
1276 575 1313 590 ·-
1330 545 1394 602 utu.
1414 547 1463 603 lll.
1945 555 1997 609 lib

344 665 414 724 rium
431 663 471 736 (ci
484 665 643 742 episcopatu
650 667 828 741 serberiensi,
842 677 869 726 et
887 668 970 726 alium
984 669 1143 742 Roget-ium,
1159 667 1484 733 Asimoulncaahaeresis
1492 670 1630 744 subreptio
1643 672 1673 730 in
1686 673 1785 731 eodem
1794 674 1912 732 concilio
1921 676 1995 732 dam·

345 757 524 814 larderarium
538 758 578 829 (b)
593 776 683 830 sunm,
695 757 854 831 pontificatu
869 758 1071 816 herefordensi.
1198 763 1263 815 nata
1276 767 1326 816 est.
1341 763 1372 816 ln
1401 776 1456 832 qua
1481 762 1561 833 culpa
1587 761 1688 819 inventi
1703 763 1890 834 depositisunt
1901 763 1993 822 (luido

382 846 432 902 Per
444 845 517 902 idern
531 849 639 920 tempus
653 849 822 904 celebratum
836 857 877 904 est
890 850 1020 920 generale
1049 847 1143 905 canci—
1198 847 1284 904 abbam
1298 849 1333 906 de
1343 851 1469 906 Perscore
1484 851 1532 920 (dt,
1548 853 1576 908 el
1589 851 1755 910 Wimundns
1772 853 1806 909 de
1829 853 1995 922 Vavestocb,

346 933 415 992 lium
429 933 618 1008 episcopcrum
628 944 655 992 et
669 936 797 994 abbatum
807 936 1020 1010 tutitusragniin
1030 935 1146 993 ecclesia
1198 944 1226 992 et
1240 935 1437 994 Ealdwinusde
1452 939 1602 1009 Rameseia,
1618 949 1645 996 et
1667 940 1715 996 alii
1738 939 1859 998 nondum
1886 941 1996 1009 sacrati,

344 1023 499 1082 beatil’etri
514 1027 698 1096 apostulorum
714 1025 861 1097 principis,
877 1041 936 1097 quae
962 1026 990 1081 in
1014 1026 1144 1082 occiden-
1197 1026 1294 1081 remoti
1309 1027 1344 1082 ab
1358 1027 1889 1103 abbatiis,scilicetGodricnsdeliurgu,
1900 1029 1998 1087 llaimo

343 1113 392 1170 toti
412 1119 490 1186 parte
504 1113 712 1171 hunduniaesita
726 1123 776 1170 est.
801 1113 849 1170 Cui
876 1114 992 1172 concilio
1019 1114 1146 1187 praesedit
1199 1113 1234 1170 de
1245 1114 1351 1184 Ceruel,
1368 1115 1511 1187 Egelricus
1526 1118 1560 1172 de
1576 1117 1724 1174 blidcltnue
1740 1136 1747 1186 ;
1763 1119 1867 1190 absque
1881 1117 1998 1176 simonia

345 1201 496 1258 Anselrnus
508 1203 728 1275 archiepiscopus
742 1203 969 1271 Dorobernansis,
979 1201 1147 1260 considenti·
1200 1217 1265 1259 vero
1275 1203 1372 1260 remoti
1386 1204 1492 1260 suntab
1506 1204 1623 1260 abbatiis
1636 1206 1693 1276 'pro
1717 1222 1767 1263 sua
1787 1208 1887 1278 quique
1906 1223 1998 1277 cansa,

347 1289 399 1346 hus
413 1307 506 1348 secum
519 1291 724 1365 archiepiscopo
738 1293 916 1363 Eboracensi,
933 1291 1148 1362 Gerardo,llau·
1199 1291 1333 1349 llieardus
1346 1293 1380 1348 de
1389 1293 1460 1362 Heli,
1475 1301 1502 1349 et
1511 1292 1645 1349 liebertus
1660 1294 1694 1350 de
1709 1295 1811 1352 Sancto
1838 1295 1996 1362 Edmundo,

345 1379 409 1438 ritib
422 1379 553 1452 episcopo
567 1380 759 1451 lundoniensi,
783 1381 945 1439 Willhelmo
972 1381 1058 1438 electu
1085 1381 1147 1454 api·
1199 1387 1228 1437 et
1241 1380 1287 1450 qui
1300 1381 1602 1453 eratapudhlieelenei.

348 1483 433 1542 scope
447 1469 647 1540 wintoniensi,
662 1471 783 1528 lieberto
803 1471 931 1543 episcopo
956 1469 1147 1538 lincolniensi,
1238 1472 1374 1529 statutum
1388 1487 1496 1544 quoque
1510 1478 1595 1528 estne
1604 1471 1727 1544 episcopi
1739 1471 1908 1528 saecularium
1934 1475 1998 1546 pla·

349 1558 483 1616 samsone
511 1558 702 1633 wigornensi,
723 1559 846 1617 Roberto
870 1559 1015 1628 cestrensi,
1044 1558 1149 1616 loanno
1201 1560 1317 1618 eitonam
1332 1558 1453 1616 officium
1463 1558 1621 1631 suscipiant,
1650 1566 1678 1616 et
1704 1566 1742 1630 ut,
1764 1575 1819 1616 non
1846 1559 1998 1628 sicutiaici,

348 1645 547 1717 aunonensi,
562 1647 696 1705 llerberto
710 1646 891 1714 Neruicensi,
910 1646 1054 1720 liudulpho
1069 1647 1149 1704 Cice·
1200 1650 1249 1707 sed
1265 1648 1443 1722 ntrettptosas
1457 1662 1588 1720 personas
1602 1648 1689 1719 decet,
1703 1648 1840 1706 eminatas
1853 1647 1930 1722 tapes
1943 1649 1999 1705 ha-

348 1734 778 1810 stnnstffiondulpholtodensi,
795 1737 901 1794 llerveo
928 1736 1108 1810 Pangorensi,
1124 1742 1151 1792 et
1201 1739 1294 1809 mant,
1323 1744 1350 1795 et
1372 1744 1402 1794 ut
1428 1753 1537 1810 semper
1546 1745 1573 1795 et
1586 1736 1689 1810 ubique
1716 1739 1844 1794 bonasus
1869 1752 2000 1809 personas

349 1823 458 1882 duobus
480 1824 586 1883 novitm
605 1825 744 1896 institutis,
773 1824 891 1899 asperto
919 1825 1025 1883 seilicet
1053 1824 1150 1882 Serbe-
1201 1826 1713 1887 tastasbabeantsusecousersatiouis.

348 1911 434 1970 riensi
460 1919 487 1970 et
514 1912 637 1986 asperto
664 1911 874 1972 herefurdensi.
906 1913 1045 1972 Osbemus
1059 1919 1149 1971 sutem
1237 1917 1273 1974 Ut
1285 1915 1667 1974 stismarchidisconatusnon
1677 1914 1775 1972 dentur
1784 1913 1936 1972 adfirmem
1951 1913 2000 1986 (e).

351 2001 523 2070 Exoniensis,
550 2001 704 2060 infirmitate
729 2002 854 2061 detentus
868 2003 917 2076 (a),
935 2003 1067 2060 interesse
1094 2017 1192 2093 nouB
1243 2005 1278 2062 ut
1289 2004 1476 2063 archidiaconi
1490 2004 1543 2061 sint
1557 2003 1676 2062 dissoni.

350 2089 450 2162 potuit.
464 2091 496 2146 ln
509 2089 564 2148 hoc
577 2089 1152 2163 conciliomultaecclesiasticssdisciplinm
1241 2096 1277 2152 lit
1306 2094 1398 2150 nullus
1433 2093 1652 2160 archidiaconus,
1671 2093 1816 2165 presbyter
1858 2091 2001 2165 diaconus,

347 2180 500 2236 necessaria
527 2180 632 2237 servari
658 2179 803 2238 anselmus
830 2180 955 2251 instituit,
985 2196 1044 2250 quae
1072 2186 1151 2254 post·
1205 2182 1476 2240 canonicusnxorem
1491 2182 1582 2253 ducat,
1595 2181 1760 2238 velductam
1776 2180 1903 2238 retinent.
1935 2181 2004 2240 Sub·

349 2267 463 2326 modurn
492 2268 566 2326 sedis
594 2268 754 2341 apostolicas
780 2267 902 2342 pontifex
916 2285 965 2326 sua
992 2268 1152 2326 auctoritate
1205 2271 1415 2330 diaconusvero
1442 2271 1564 2342 quilibet,
1593 2273 1640 2342 qui
1660 2271 1807 2327 eanonicus
1825 2278 1952 2342 nonest,
1979 2272 2003 2328 si

350 2355 532 2414 confirmarit.
548 2358 630 2428 Cuius
644 2357 755 2416 concilii
775 2359 884 2426 seriam,
908 2355 977 2415 sicut
1004 2357 1152 2414 abeodem
1205 2369 1267 2434 post
1278 2360 1477 2434 professionem
1487 2359 1615 2416 cssbtatis
1635 2375 1747 2416 uxorem
1761 2359 1878 2428 duxerit,
1906 2360 2002 2418 eadem

351 2444 430 2502 Patra
444 2447 572 2503 dnselmo
588 2447 722 2518 descripte
737 2454 786 2515 est,
802 2446 950 2518 huicoperi
964 2447 1082 2504 inserere
1096 2461 1152 2503 nun
1204 2450 1301 2524 regula
1315 2449 1526 2522 constringatur.

353 2532 533 2608 incongruum
551 2535 775 2592 existimavimus.
792 2535 891 2592 Scribit
905 2537 996 2608 itaque
1011 2535 1049 2592 sie
1064 2554 1071 2592 ι
1242 2540 1278 2612 (1⁴)
1287 2542 1322 2596 Ut
1330 2537 1480 2610 presbyter,
1495 2537 1614 2608 quandiu
1626 2535 1746 2593 illicitam
1767 2536 2002 2596 conversationem

383 2626 462 2681 Anno
472 2623 622 2682 Dominicis
637 2623 833 2682 lucarnationis
848 2624 992 2682 millesimo
1002 2623 1151 2683 centesimo
1204 2629 1325 2686 mulieris
1334 2627 1469 2696 habuerit,
1483 2641 1538 2681 non
1550 2625 1586 2680 sit
1599 2625 1705 2698 legalis,
1724 2641 1774 2681 nec
1788 2625 1901 2681 missam
1925 2626 2001 2683 cela·

350 2714 483 2784 secundo,
497 2721 593 2784 quarto
607 2721 700 2770 sutem
715 2715 879 2784 presulatus
894 2713 1033 2771 Paschalis
1047 2714 1150 2770 summi
1204 2718 1275 2787 bret,
1292 2731 1353 2785 uec,
1370 2716 1392 2770 si
1406 2714 1593 2783 celebraverit,
1604 2713 1661 2785 eins
1675 2713 1760 2770 missa
1774 2714 1911 2771 audiatur.

350 2799 500 2874 pontificis,
515 2801 593 2860 tertio
609 2801 686 2876 regni
700 2801 812 2860 hienrici
821 2801 933 2875 gloriosi
947 2801 1020 2876 regis
1041 2801 1150 2873 nupto·
1185 2807 1240 2870 ⁴Ut
1260 2803 1350 2861 nullus
1373 2803 1408 2859 ad
1435 2802 1658 2859 subdiaconatum
1681 2807 1730 2859 sot
1752 2817 1837 2874 supra
1864 2801 2005 2860 ordinetur

352 2905 422 2960 rum,
451 2890 511 2964 ipso
534 2897 679 2959 aunuente,
706 2889 871 2948 celebratum
890 2895 934 2948 est
953 2888 1096 2946 concilium
1121 2887 1150 2945 in
1203 2892 1262 2950 sine
1278 2890 1447 2966 professione
1461 2890 1603 2948 castitatis.

352 2978 554 3037 ecclesiabeati
568 2979 649 3048 Petri,
664 2978 693 3035 iu
706 2978 866 3038 occidentali
881 2977 1047 3051 partejnxta
1073 2976 1148 3034 Lun—
1179 3011 1181 3016 ·
1239 2983 1274 3039 Ut
1287 2981 1335 3037 lilii
1348 2979 1568 3053 presbyterorum
1577 2993 1631 3038 nou
1642 2978 1697 3036 sint
1706 2979 1830 3038 haeredes
1858 2979 2001 3038 Ecclesia·

349 3067 460 3126 deuiam
488 3069 550 3140 sita,
578 3067 719 3126 communi
739 3083 874 3125 consensu
901 3066 1089 3140 episcoporum
1123 3073 1151 3123 et
1203 3087 1264 3128 rum
1277 3077 1514 3144 patrnmsnorum.

350 3157 480 3214 abbatum
493 3164 520 3215 et
533 3157 689 3231 principum
704 3156 789 3214 totius
802 3155 891 3229 regui.
902 3155 933 3210 ln
945 3171 999 3228 quo
1020 3155 1150 3228 praesedit
1238 3161 1280 3218 Ne
1295 3156 1504 3232 quilibetclerici
1518 3156 1573 3213 siut
1584 3157 1757 3215 secularium
1777 3155 1929 3230 prepositi,
1958 3157 2005 3216 sel

347 3245 507 3314 duselmus,
522 3245 745 3318 archiepiscopus
761 3244 978 3302 Dorcherneusis
1006 3252 1033 3302 et
1046 3245 1150 3318 primas
1203 3256 1392 3323 procuratores
1406 3245 1569 3317 autjudices
1582 3245 1735 3321 mnpuims.

345 3335 429 3393 totius
443 3335 601 3405 Britannia,
630 3333 833 3393 considentibus
854 3333 1056 3393 venerabilibus
1083 3333 1150 3392 viris
1238 3339 1274 3396 Ut
1298 3334 1452 3411 presbyteri
1474 3349 1530 3393 nou
1555 3341 1619 3393 aaut
1641 3333 1677 3393 ad
1698 3334 1867 3410 potationes,
1897 3347 1949 3395 nec
1966 3334 2005 3395 sd

346 3424 475 3482 Gerardu
489 3422 655 3482 Eborscsnsi
670 3422 886 3495 archiepiscopo,
901 3423 1026 3481 hauritis
1041 3422 1148 3481 hundo-
1161 3402 1186 3469 G
1201 3427 1300 3501 pinnas
1314 3426 1352 3501 (a)
1361 3425 1468 3481 bibant.

345 3514 438 3571 nicusi
466 3512 606 3587 episcopo,
632 3510 793 3570 Willhalmu
820 3512 971 3570 Wintonise
985 3512 1071 3570 electo
1086 3511 1148 3583 epi·
1236 3518 1369 3573 Utrestes
1382 3512 1544 3570 clericorum
1557 3513 1611 3571 sint
1621 3513 1701 3571 unius
1714 3511 1828 3582 coloris,
1855 3520 1883 3571 et
1897 3511 2004 3573 aslues·

348 3616 443 3676 scopu,
457 3602 571 3674 aliisque
587 3608 641 3659 mm
656 3601 792 3673 episcopis
804 3610 895 3672 'quam
923 3600 1056 3657 abbatius.
1080 3599 1149 3657 Huic
1202 3611 1295 3660 menta
1306 3604 1440 3661 ordinata.

347 3690 492 3749 conventui
508 3690 661 3761 adfuerunt,
677 3689 804 3747 tnsetnm
820 3688 1025 3763 archiepiscopo
1040 3693 1149 3761 petente
1237 3694 1273 3750 tlt
1285 3690 1411 3750 monachi
1424 3698 1451 3747 et
1463 3689 1559 3748 clerici
1576 3687 1622 3762 qui
1635 3688 1763 3747 ordinem
1789 3706 1868 3748 suum
1895 3692 2004 3765 abjece-

348 3796 366 3836 a
384 3794 462 3853 rege,
476 3778 611 3851 primates
634 3776 725 3852 regni,
736 3784 870 3850 quamnus
884 3776 1018 3852 quidquid
1027 3777 1150 3849 ejusdem
1202 3791 1273 3849 runt,
1289 3788 1336 3837 aut
1349 3778 1473 3848 redeant,
1489 3787 1534 3835 aut
1548 3778 1831 3837 excommunicentur.

343 3866 453 3927 concilii
465 3866 626 3925 anctoritate
649 3868 850 3936 decerneretur,
879 3866 1021 3939 utriusque
1046 3864 1149 3923 ordinis
1237 3868 1373 3928 Utclerici
1386 3874 1511 3940 patentes
1519 3882 1634 3925 coronas
1647 3867 1778 3925 habeant.

345 3956 475 4015 concordi
490 3968 558 4015 curs
571 3960 599 4013 et
611 3954 796 4013 solicitudine
810 3962 896 4012 tntum
914 3962 1075 4012 servaretur.
1102 3954 1149 4013 Sic
1238 3961 1274 4017 tlt
1286 3957 1401 4015 decima
1410 3956 1658 4015 nonnisihcclesiis
1671 3956 1779 4016 dentur.

344 4044 420 4104 enim
434 4060 546 4103 necesse
562 4052 704 4117 araneum
719 4043 812 4101 multis
825 4052 898 4101 retro
922 4044 1009 4111 annis,
1024 4042 1148 4117 synodali
1237 4048 1279 4104 Ne
1290 4044 1415 4104 acclesiae
1427 4053 1473 4103 aut
1484 4044 1641 4118 praebendae
1654 4053 1794 4104 amantur.

344 4132 452 4192 cultura
466 4141 600 4203 cessame,
614 4133 741 4192 vinorum
751 4132 881 4207 vepribus
901 4132 1146 4201 succrescentibus,
1236 4138 1279 4195 Na
1291 4150 1371 4193 nosse
1380 4134 1493 4207 capelle
1505 4133 1570 4190 fiant
1583 4132 1642 4191 sine
1651 4149 1786 4193 consensu
1800 4136 1934 4209 episcopi.

344 4220 1149 4297 Christianmmllpionisfervorinhnplianimisrefrignerat
1237 4227 1279 4283 Ne
1293 4222 1406 4282 ecclesia
1420 4232 1539 4280 sacretur
1552 4224 1642 4283 donec
1654 4224 1854 4296 pmaidasntur
1867 4240 1999 4285 neceam-

383 4318 606 4393 l’rimumitaqne
621 4336 653 4377 er
668 4319 828 4377 anctoritate
852 4324 1007 4377 sanctorum
1036 4318 1148 4373 Petrum
1203 4312 1448 4387 riaetprssbytero
1461 4319 1489 4369 et
1504 4311 1639 4371 ecclesie.

989 4414 1205 4473 llllNSGlillNll
1223 4411 1340 4469 NOTAE.

381 4518 421 4589 (a)
435 4514 477 4573 ao
498 4516 536 4572 eri
546 4515 756 4573 Sarisburiensis
770 4522 849 4587 pater
872 4516 1006 4587 lisgerus,
1022 4530 1055 4571 ex
1069 4530 1140 4585 pau·
1155 4514 1181 4576 Ι)
1232 4511 1269 4593 (e)
1281 4510 1364 4566 tlulta
1379 4508 1559 4566 eruditissime
1573 4506 1678 4581 colligit
1691 4506 1870 4595 Spelmaunus
1882 4506 2003 4567 inGlos·

340 4604 410 4665 pera
424 4532 580 4660 preshytero
593 4589 628 4645 ud
640 4587 777 4671 justitiarii
798 4586 896 4643 summi
912 4594 1023 4643 euectus
1043 4593 1141 4657 poten·
1196 4596 1277 4651 sano,
1293 4590 1322 4636 ut
1340 4582 1476 4649 ostendat,
1492 4580 1529 4635 ad
1542 4580 1656 4648 firmem
1677 4579 1740 4660 dara
1763 4578 1876 4661 fundum
1891 4586 1935 4635 aut
1950 4579 2002 4637 be-

341 4662 412 4717 tiam
426 4659 476 4715 snb
492 4660 543 4717 boe
565 4659 692 4731 Hennes,
708 4658 787 4730 cujus
800 4658 917 4731 gratiam
940 4656 1059 4729 indignis
1074 4656 1142 4711 arti·
1196 4652 1332 4720 nelicium,
1348 4668 1409 4734 cuns
1425 4651 1569 4731 traduntur
1582 4650 1634 4706 sub
1661 4649 1829 4721 cbhgatsoue
1857 4650 1998 4730 praebendi

341 4733 396 4789 bus
410 4737 554 4799 meruerat,
567 4730 724 4787 cancellarii
751 4746 858 4802 quoque
872 4728 899 4784 di
921 4728 1031 4783 nitatem
1060 4727 1143 4782 notho
1197 4740 1285 4782 annue
1298 4722 1418 4781 convitii
1431 4738 1478 4781 seu
1490 4720 1574 4793 apuli,
1598 4720 1634 4775 ad
1656 4730 1757 4776 certam
1783 4735 1905 4801 pecumae
1925 4737 2003 4777 sum-

342 4802 385 4861 sui
400 4800 536 4858 obtinuit:
553 4800 599 4873 qui
619 4817 690 4857 nunc
711 4801 868 4873 episcopatu
897 4745 1023 4867 genitus,
1050 4806 1144 4868 postea
1198 4812 1271 4851 mum
1286 4804 1442 4866 certumque
1467 4794 1573 4849 dierum
1600 4807 1741 4872 numerum
1770 4797 1916 4873 taxat1:et
1936 4792 2002 4849 hinc

343 4880 474 4932 extremm
500 4872 611 4929 Hearici
648 4872 778 4931 voluntati
809 4870 933 4939 infidelis,
960 4876 1056 4925 auctor
1083 4868 1143 4937 fuit,
1199 4866 1409 4936 nomenfirmoe,
1425 4880 1478 4921 non
1494 4872 1596 4919 tsnmm
1631 4878 1661 4918 ro
1675 4862 1740 4917 villa
1754 4876 1802 4917 seu
1819 4862 1936 4942 praedio,
1949 4861 2001 4919 sub

344 4943 459 5003 exclusa
473 4942 603 4999 hiathilde
618 4942 681 5014 lilia,
692 4942 860 5014 Stephanum
872 4955 966 5013 regem
977 4939 1108 5011 eligendi.
1199 4953 1288 4995 annua
1303 4940 1432 5008 pensione
1446 4936 1560 5000 elocuto,
1575 4878 1714 4989 seXetiam
1727 4947 1778 5003 pro
1790 4932 1917 4989 convivio
1931 4934 2002 4989 sami

383 5012 973 5142 tiglarderasiusdicitur,penu-praefectus,
989 5010 1144 5077 olerderio,
1199 5008 1274 5081 apud
1287 5004 1687 5079 suctoresdnglu-Saxonicos.
1705 5002 1845 5076 'l'alequid
1866 5004 2002 5063 bicvide-

348 5100 403 5215 tl?
426 5082 1148 5229 tlltldtltlullltttlltflclttltlt.
1200 5090 1279 5207 llll
1293 5074 2003 5229 ttllllfl..”lulllutttltutlllltlttl

348 5234 501 5303 promotor.
1201 5223 1229 5277 iu
1239 5236 1320 5277 sensu
1336 5220 1418 5277 obvio
1432 5217 1626 5290 prohiberetur
1637 5219 1781 5274 monachus
1805 5223 1902 5276 tencre
1916 5219 2002 5277 sitim

386 5300 423 5370 (c)
441 5296 673 5366 cOsbemusmon
697 5296 793 5369 paucis
813 5294 891 5353 annis
914 5294 1015 5351 lumine
1042 5300 1146 5366 captus,
1202 5293 1239 5350 ad
1254 5292 1378 5362 fimum,
1392 5290 1476 5347 idest
1493 5288 1545 5345 sub
1559 5304 1649 5345 annuo
1660 5290 1747 5361 pretio
1761 5289 1922 5347 conductas.

348 5370 416 5427 visit
431 5368 466 5425 ad
476 5384 576 5424 anuum
590 5385 617 5427 ru
631 5366 703 5439 regis
717 5368 835 5424 Hearici.
851 5388 862 5417 o
876 5366 916 5421 lta
930 5365 1149 5422 hfalmesburien-
1238 5365 1277 5435 (s)
1283 5364 1390 5437 ucetia
1402 5360 1563 5433 dicitur,qui
1572 5360 1765 5417 nullumbabst
1777 5360 2005 5432 impedimentum

350 5440 400 5499 sis.
411 5440 453 5496 Ex
468 5454 522 5512 quo
536 5456 619 5511 supra
630 5438 772 5495 statuimus
785 5455 830 5494 an.
846 5440 915 5495 ttuu
930 5436 1042 5493 obiisse.
1205 5434 1349 5507 quominus
1361 5434 1390 5489 in
1404 5432 1479 5489 curia
1492 5432 1578 5503 possit
1592 5448 1624 5488 ex
1640 5430 1703 5505 lege
1715 5432 1857 5515 postulare
1867 5439 1899 5515 'et
1907 5441 2005 5504 postu·

387 5514 398 5584 (
437 5508 997 5583 Erautahbstiaedul’ersbureinagroWi
1020 5504 1150 5576 urnicnsi,
1206 5506 1267 5566 lari.
1283 5504 1379 5586 quales
1402 5513 1532 5585 nunaunt
1553 5511 1780 5587 sucommuuscats
1801 5510 1847 5559 aut
1866 5502 2005 5560 infames:

350 5582 387 5641 de
424 5584 552 5639 ssestuch
566 5582 595 5639 in
608 5581 741 5650 licronis,
754 5581 790 5639 de
803 5580 946 5651 Remeseja
958 5524 1152 5635 influatindo·
1207 5580 1259 5634 hoc
1269 5592 1350 5633 sensu
1364 5591 1392 5629 su
1420 5574 1546 5631 formulis
1569 5575 1721 5647 pudicisrus
1737 5576 1865 5631 dicuntur
1874 5576 1954 5648 probi
1979 5578 2009 5631 st

350 5652 430 5713 nansi
455 5654 594 5723 comitatu,
624 5652 658 5709 de
683 5654 774 5734 Burpo
802 5668 851 5709 seu
876 5650 1102 5721 petroburgensis
1125 5649 1154 5705 in
1210 5648 1313 5729 lepulcs
1325 5646 1451 5705 hominess
1467 5645 1592 5729 :albine
1605 5646 1713 5728 ducitur
1725 5645 2009 5717 ispalitus,sdhujus·

350 5724 569 5795 Nomentanis,
583 5724 617 5780 de
631 5722 728 5781 Cemal
748 5739 777 5780 m
790 5737 858 5797 egro
886 5720 1089 5787 Sometsetensi,
1120 5720 1155 5801 de
1209 5718 1285 5777 modu
1299 5720 1442 5775 honestam
1454 5718 1609 5802 qualitatem
1623 5716 1833 5800 designandam.
1882 5786 1888 5798 ·

351 5792 521 5857 iiiddeltuna
532 5795 560 5851 in
573 5809 641 5869 apro
653 5794 823 5853 Dorsetensi.
837 5796 878 5851 lte
889 5792 1046 5850 fundatione
1058 5790 1156 5849 staltis
1246 5790 1285 5860 (a)
1297 5791 1373 5848 Pion
1383 5788 1484 5863 ltnglss
1495 5786 1630 5871 significat
1646 5789 1779 5846 acuculam
1793 5794 1935 5869 autetiam
1950 5788 2009 5845 cla·

351 5868 451 5995 bonrum
469 5866 662 5927 coenobiotuut
669 5866 750 5929 rebus
761 5863 957 5927 consulendum
975 5862 1154 5922 lfonasticum
1211 5877 1275 5921 uum
1286 5860 1480 5935 ligneummed
1492 5858 2010 5934 quudesvorsdeompotstronemtVe·

397 5952 545 6013 acanum.
