4750 6725
406 590 461 687 rte
921 609 1098 704 ‚monum
1116 608 1397 675 cnutunntmtsrs
1417 614 1575 673 arentum
2012 614 2069 671 rao

407 753 554 809 colmanus
567 750 595 806 io
610 756 713 807 sectam
729 746 874 804 amborum
905 746 1056 817 sedemque
1079 743 1208 800 succesit
1221 746 1250 807 Α
1263 742 1408 801 calumniis
1422 741 1580 800 observatio
1612 742 1707 799 libera.
1728 742 1807 813 Quod
1821 742 1845 799 ai
1858 756 1891 800 ea
1906 758 1961 817 qua
1988 742 2066 799 ulte-

406 842 483 911 euJus
494 838 661 910 temporibus
675 836 787 909 granos
813 834 851 893 da
875 833 999 907 pnaebnli
1013 832 1205 890 observatione
1259 831 1297 887 ris
1312 829 1660 889 minuslirmaauotoritate
1675 831 1761 890 victus
1776 831 1920 904 exstiteris,
1935 831 2065 904 prolecto

407 938 489 1002 atqua
502 928 562 984 aliis
577 925 765 984 ecclesiasticae
781 924 844 983 vitae
858 922 1009 995 disciplinis
1019 920 1207 980 eoouoversia
1260 934 1311 977 nec
1324 936 1379 990 me,
1395 936 1446 976 nee
1460 920 1612 994 quemlibet
1626 934 1749 977 meorum
1777 930 1830 977 tuae
1845 925 1928 979 secter
1944 920 2065 978 ulterius

407 1027 514 1077 versata
527 1024 579 1072 est.
595 1015 770 1085 Quapropter
783 1012 881 1070 merite
909 1012 995 1069 movit
1020 1012 1078 1067 bne
1091 1009 1204 1083 questio
1260 1016 1421 1067 sectatorem
1433 1008 1556 1065 habebis.

406 1122 502 1164 seusus
516 1112 543 1160 et
556 1104 641 1159 corda
654 1102 811 1169 multonem,
826 1099 977 1157 timentium
997 1114 1032 1155 ne
1059 1098 1129 1155 iorte
1156 1112 1207 1154 ac·
1298 1101 1343 1153 15.
1358 1098 1426 1153 'lum
1439 1099 1658 1154 Colmennnsza
1689 1098 1803 1165 Pascha,
1819 1098 1918 1171 inquit,
1933 1114 1952 1155 a
1966 1109 2067 1170 quarta

406 1202 485 1265 eepto
500 1190 869 1249 Cbritiauitautisvocabulo
883 1188 911 1243 iu
933 1204 1049 1247 uacuum
1064 1192 1208 1243 currerent
1262 1187 1369 1245 decima
1386 1187 1454 1242 luna
1489 1186 1625 1257 usquead
1654 1184 1810 1244 vicesimam
1834 1187 2016 1255 celebramus,
2036 1196 2066 1243 et

406 1292 452 1340 aut
479 1281 671 1338 cucurrissent.
706 1278 832 1335 Pervenit
860 1277 941 1333 etad
968 1277 1042 1346 ipssa
1055 1275 1208 1348 principum
1262 1274 1436 1335 celebrndum
1464 1274 1667 1343 confirmamus,
1707 1284 1734 1331 et
1775 1275 1812 1331 ita
1839 1274 1896 1331 lieri
1929 1284 2062 1348 oportere

406 1388 500 1441 eures,
516 1370 601 1427 Osn'il
616 1367 825 1439 videlieetreqis
838 1365 940 1436 filiique
954 1365 1014 1435 ejus
1027 1362 1209 1434 timidique
1262 1364 1361 1423 validae
1375 1363 1541 1420 auctoritatis
1559 1362 1729 1420 firmamento
1744 1363 1966 1436 comprobamus.
1986 1366 2067 1421 Bea-

406 1466 465 1518 n'rm
481 1460 586 1533 primus
600 1473 617 1514 a
632 1456 720 1514 Sectis
750 1457 866 1512 edoctus
880 1461 960 1525 atque
972 1452 1101 1525 baptismi
1114 1468 1209 1507 mera-
1264 1453 1384 1509 tissimus
1403 1452 1503 1508 etenim
1528 1452 1649 1509 loannes
1676 1452 1816 1523 apostolus
1844 1460 1870 1509 et
1884 1454 2066 1527 euangelista,

408 1550 508 1606 mentis
523 1548 652 1615 imbutus,
681 1544 749 1600 nibil
773 1543 893 1600 melioris
925 1541 1061 1614 propositi
1092 1540 1208 1596 existere
1263 1542 1449 1597 DominiJesu
1465 1548 1519 1596 tam
1534 1540 1676 1596 familiaris
1690 1540 1855 1611 convivunt
1869 1557 1952 1615 supra
1966 1550 2066 1613 peetus

406 1644 501 1709 posset
514 1633 654 1700 credebat,
668 1646 749 1703 quam
764 1630 838 1703 quod
853 1646 869 1686 a
883 1630 940 1685 suis
957 1628 1114 1685 doctoribus
1134 1641 1210 1683 aece-
1264 1630 1386 1702 ipsiusin
1402 1632 1485 1685 Cinna
1511 1628 1675 1699 recubuerit,
1709 1630 1805 1686 eodem
1834 1647 1889 1703 quo
1903 1632 2068 1688 nosordine

407 1733 493 1797 perat.
510 1725 594 1779 Porro
608 1736 726 1793 sequens
758 1718 870 1791 potioris
902 1716 965 1773 fidei
992 1715 1136 1789 priuilegio
1150 1713 1211 1785 pri-
1265 1718 1332 1774 illud
1346 1718 1539 1787 celebravit‚ot
1553 1716 1580 1773 in
1595 1716 1722 1774 omnibus
1737 1718 2069 1791 quibospretunnecte-

409 1830 484 1869 mum
500 1810 670 1883 praecedens,
690 1809 820 1865 llomanae
847 1814 875 1861 et
901 1804 1064 1862 universalis
1078 1804 1210 1860 Ecclesiae
1266 1806 1313 1863 siis
1327 1806 1520 1864 celebrandum
1537 1804 1594 1863 lore
1608 1821 1660 1861 aua
1687 1807 1847 1863 auctoritate
1861 1808 1991 1877 praelixit.
2011 1808 2070 1865 Huc

409 1903 491 1959 ritum
503 1900 630 1956 omnibns
644 1902 781 1953 antestare
796 1903 884 1951 ratum
912 1893 1045 1950 babebat.
1070 1892 1212 1965 Siquidem
1267 1911 1316 1969 per
1330 1896 1528 1951 successionem
1544 1894 1709 1967 prudentum
1731 1904 1758 1952 et
1780 1911 1858 1967 aeque
1877 1898 2069 1954 sanctissimu-

411 1988 654 2047 Cbristlanissimus
665 1994 691 2042 et
705 1984 882 2042 doctissimus
895 1983 938 2041 uir
951 1981 1107 2047 Willridus,
1124 1981 1170 2051 qui
1185 1987 1213 2035 et
1267 2000 1375 2041 morum
1389 1984 1510 2041 virorum
1525 1984 1561 2039 ad
1576 1999 1626 2040 nos
1639 2000 1725 2057 usque
1741 1985 1885 2057 perlatum,
1897 1988 1950 2043 hoe
1964 1995 2073 2043 posu-0.

412 2080 505 2135 llomre
519 2080 559 2149 (ut
573 2073 759 2148 praediximus)
767 2068 1116 2143 eeclesiasticaediseiplinae
1130 2068 1212 2124 multa
1228 2102 1255 2165 Β
1269 2090 1330 2129 rum
1359 2070 1482 2129 doctriua
1509 2070 1642 2142 majorum
1669 2073 1696 2129 in
1711 2072 1790 2129 uobis
1818 2073 1909 2129 stabili
1937 2073 2071 2132 breuitate

412 2157 1042 2235 d0⁰11ffl⁰ssilloeelrelflbelneflffllifllfiinum
1064 2157 1214 2215 &ellurum
1270 2161 1422 2227 fundatum,
1438 2160 1490 2218 boe
1505 2176 1522 2217 a
1535 2159 1615 2216 uobis
1642 2162 1757 2217 entheae
1770 2161 1919 2217 inviolabili
1935 2164 2069 2220 obserua-

411 2253 568 2330 penlificem
595 2250 721 2325 Lugduni
750 2248 889 2305 nonnullis
917 2247 1036 2303 imbutus
1064 2246 1214 2314 exsularet,
1270 2252 1341 2307 tione
1355 2257 1503 2319 servatum,
1519 2256 1544 2304 et
1560 2246 1785 2307 firmamusnulla
1798 2250 1903 2308 ratione
1926 2267 1982 2308 non
2010 2268 2074 2310 0530

413 2361 475 2403 eum
490 2358 539 2399 suo
555 2339 710 2414 magisterio
721 2336 874 2394 rationabili
902 2344 983 2409 atque
1009 2334 1142 2392 catholica
1156 2350 1215 2389 eru-
1269 2338 1443 2395 servandum.
1467 2362 1477 2387 a

413 2434 516 2491 ditione
530 2430 732 2492 informaverat.
762 2441 794 2483 ac
809 2422 1066 2482 informatumomui
1099 2437 1216 2492 scrupu-
1305 2430 1349 2484 tn.
1365 2426 1426 2496 Quo
1441 2426 1843 2497 becetbujusmedinouuulla
1859 2430 1975 2499 dicente,
1988 2430 2073 2501 jussit

413 2523 521 2579 tostute
535 2518 642 2574 sublata
656 2516 684 2573 in
698 2530 771 2572 verae
784 2512 848 2569 fidei
868 2512 1016 2569 stabilitate
1043 2510 1212 2568 firmaverat.
1269 2532 1317 2573 rex
1332 2521 1360 2571 et
1377 2516 1525 2571 eilbertum
1540 2532 1597 2571 suae
1622 2532 1726 2572 morem
1755 2517 1954 2575 observationis
1969 2519 1997 2575 in
2012 2537 2073 2576 me.

414 2614 487 2669 llota
501 2624 567 2681 ergo
582 2607 624 2679 (ut
637 2604 745 2677 praelati
756 2604 861 2674 aumua)
876 2602 1030 2675 quaestione
1045 2600 1080 2656 de
1093 2597 1217 2671 paschali
1270 2604 1343 2661 dium
1358 2604 1492 2675 prolerre,
1512 2612 1541 2659 ut
1562 2604 1676 2661 sciretur
1704 2621 1758 2677 quo
1787 2606 1928 2678 principio.
1959 2608 2072 2678 cujusve

414 2698 613 2767 observatione,
639 2694 802 2765 dispositum
822 2700 873 2762 est,
899 2697 928 2747 ut
941 2688 1060 2762 spnodua
1088 2688 1161 2759 cogi,
1190 2694 1218 2742 el
1271 2694 1402 2749 niteretur
1415 2692 1583 2749 auctoritatis
1599 2694 1776 2751 institutione.
1793 2695 1945 2766 Respondit
1958 2696 2070 2753 llilber-

414 2790 476 2847 baec
490 2786 602 2859 questio
617 2783 716 2840 debere
730 2780 857 2841 ventilari
892 2778 1093 2849 terminarique.
1128 2777 1218 2831 Vena·
1271 2791 1336 2839 tus:
1368 2806 1379 2831 ι
1404 2782 1548 2853 Loquetur,
1577 2782 1701 2851 obsecro,
1731 2784 1792 2840 rice
1833 2800 1894 2841 mea
1926 2786 2074 2843 wilfridus

415 2886 532 2949 ruutque
565 2876 612 2931 illo
643 2889 723 2945 reges
755 2871 849 2939 ambo,
882 2864 1215 2951 peterseilicetetliliuq
1270 2871 1420 2945 presbyter,
1437 2870 1598 2942 quiaunum
1626 2872 1708 2929 ambo
1736 2874 1858 2944 sapimus
1878 2890 1939 2930 euru
1966 2876 2075 2933 eaeteria

415 2980 584 3038 magnopere
602 2963 782 3034 deprecantes
809 2966 839 3014 nt
865 2959 903 3014 eis
931 2956 1028 3014 adesse
1055 2955 1218 3028 dignaretur
1271 2961 1315 3033 qui
1331 2960 1376 3016 bic
1390 2961 1510 3017 assident
1524 2960 1715 3017 eeclesiasticae
1731 2962 1880 3019 traditionis
1904 2963 2072 3021 cultoribus:

418 3055 535 3125 Spiritus
549 3058 670 3106 sanetus.
686 3048 765 3105 Venit
779 3048 870 3119 itaque
882 3046 942 3117 jam
968 3044 1056 3101 dietus
1079 3042 1217 3098 »tilbertus
1271 3053 1298 3105 et
1312 3047 1357 3105 ille
1371 3048 1470 3105 melius
1484 3064 1516 3106 ec
1532 3049 1700 3105 manifestius
1715 3050 1773 3122 ipsa
1788 3050 1881 3125 lingua
1905 3054 2071 3127 Anglomm,

418 3143 542 3200 antistes.
558 3137 739 3209 rtllridiregis
750 3136 865 3200 amicus,
875 3150 936 3191 eum
951 3134 1032 3190 beato
1047 3131 1180 3187 Wilfrido
1191 3138 1219 3186 et
1271 3154 1352 3213 quam
1367 3154 1481 3211 egoper
1508 3138 1692 3210 interpretem,
1718 3147 1807 3209 potest
1836 3141 1985 3213 explanare
2014 3160 2075 3214 que

417 3247 466 3288 suo
478 3232 619 3302 Agathone
633 3224 811 3299 presbyteris:
824 3231 920 3280 eontra
947 3238 1017 3295 quos
1053 3221 1218 3277 Colmunuus
1270 3226 1431 3311 sentimus.»
1447 3227 1521 3282 Tunc
1535 3226 1679 3282 Willridns
1693 3228 1728 3282 ad
1740 3227 1849 3297 jussum
1864 3230 1938 3302 regis
1949 3246 2072 3303 exorsus,

421 3336 481 3379 eum
496 3318 552 3375 suia
566 3315 672 3374 clericis
686 3314 770 3382 venit,
786 3320 812 3370 et
826 3311 935 3368 llildem
949 3310 1127 3374 abbatissam,
1150 3317 1217 3365 setae
1271 3317 1453 3374 normannum
1481 3331 1535 3372 non
1554 3316 1636 3372 modo
1674 3316 1833 3375 anctoritate
1861 3318 1932 3377 nenti
1960 3322 2074 3379 joanni,

418 3427 474 3468 suae
489 3408 641 3476 fautricem,
657 3421 719 3462 eum
734 3403 795 3460 aliis
805 3401 927 3476 pluribus
937 3415 1029 3457 seeum
1042 3400 1070 3455 in
1085 3398 1217 3471 synodum
1234 3405 1341 3515 Glrrlso
1360 3406 1409 3460 niti
1429 3413 1521 3478 aperta
1531 3406 1637 3462 ratione
1649 3407 1814 3476 monstravit,
1827 3424 1924 3466 verum
1941 3417 2076 3470 etoontra

417 3499 505 3556 duxit.
1272 3493 1403 3552 ioannem
1424 3502 1450 3549 et
1478 3503 1572 3552 eontra
1601 3495 1690 3568 legem
1709 3503 1736 3552 et
1763 3497 1956 3568 Evangelium
1985 3517 2074 3558 necue

453 3607 498 3662 ll.
513 3599 829 3673 Silentioitaquelacto,
844 3598 932 3670 primo
957 3612 1006 3653 rea
1021 3595 1217 3668 Ostsiusprae-
1270 3581 1422 3641 doctrinam
1451 3583 1645 3655 apostolorum,
1675 3584 1730 3640 imo
1749 3593 1776 3641 et
1794 3593 1888 3643 conus
1908 3587 2074 3646 universalis

417 3695 536 3752 factione
549 3690 693 3763 prmissa
708 3688 756 3744 salt
771 3687 855 3743 fertur
868 3686 951 3741 modo
966 3685 1106 3741 memus:-
1123 3684 1219 3740 llaete·
1270 3673 1402 3730 Ecclesiae
1422 3689 1528 3730 morem
1547 3688 1608 3728 eum
1629 3673 1730 3730 sentire
1752 3674 1780 3729 iu
1799 3676 1927 3746 paschali
1947 3677 2074 3735 observa-

421 3785 484 3856 tius,
498 3783 591 3838 Patres
606 3777 767 3846 uenerandi,
783 3775 902 3832 seblsma
920 3775 948 3828 in
975 3773 1106 3830 Ecclesiis
1119 3771 1217 3828 Christi
1271 3761 1344 3818 uene
1362 3761 1498 3832 probtt'll·
1510 3759 1595 3830 Quum
1610 3760 1798 3834 probationem
1826 3763 1928 3822 ideireo
1954 3767 2075 3824 seribere

416 3879 540 3929 exortum
555 3885 587 3924 eo
601 3867 732 3938 quosdam
746 3865 837 3919 minus
861 3860 966 3919 vcritmi
986 3861 1124 3917 studentes
1152 3877 1217 3932 por-
1270 3849 1482 3921 supersedimus,
1498 3865 1533 3906 ue
1547 3851 1576 3905 in
1591 3865 1620 3908 re
1630 3849 1691 3908 buic
1711 3850 1841 3922 opusculo
1850 3869 1906 3910 uon
1919 3857 2073 3914 necesaria

306 3999 312 4009 .
418 3959 503 4022 duxit.
518 3965 548 4012 ut
563 3957 605 4010 bis
619 3956 647 4009 iu
662 3967 733 4008 anno
752 3951 837 4021 (equod
851 3951 927 4006 dictu
941 3965 1047 4021 quoque
1068 3949 1146 4004 nelca
1159 3964 1219 4004 esse
1271 3939 1380 4010 stillum!
1407 3937 1546 3994 ssssfidiu‘ss
1576 3937 1730 4012 ¹⁰b²¹¹¹5hl¹³
1757 3939 1932 3998 inferimus·
1960 3945 1989 4000 Si
2014 3945 2074 4016 (luss

420 4045 561 4118 probatur)
576 4050 681 4096 santum
720 4039 823 4095 Pascha
853 4037 887 4092 sit
920 4036 1098 4092 celebratum.
1131 4036 1219 4105 Cujus
1271 4032 1362 4084 eutem
1375 4041 1436 4082 eum
1464 4027 1538 4096 uelit,
1562 4025 1590 4082 iu
1609 4034 1718 4095 uostrae,
1753 4029 1806 4084 lroe
1834 4038 1875 4086 est
1910 4033 2071 4105 anglorum,

421 4137 513 4188 tamen
527 4126 568 4182 rei
581 4139 692 4181 causam
707 4123 776 4179 bene
804 4120 1040 4178 considerantibus
1071 4135 1127 4175 non
1149 4121 1218 4176 adeo
1271 4117 1361 4189 gentis
1379 4115 1492 4172 historia
1502 4115 1660 4187 requisitam
1671 4117 1801 4176 inveniet.
1812 4121 1870 4177 uae
1885 4137 1952 4195 ergo
1962 4123 2072 4192 omissa,

422 4219 510 4275 mimo
524 4214 639 4271 ridetur.
651 4213 724 4267 Dum
738 4210 811 4266 euim
828 4209 880 4280 ipsi
895 4207 992 4264 arietes
1006 4207 1058 4264 iter
1080 4208 1219 4264 diversum
1272 4205 1355 4262 vitam
1376 4205 1447 4260 beati
1466 4203 1528 4273 viri,
1541 4212 1569 4261 ut
1588 4205 1729 4278 eoepimus,
1745 4209 1840 4265 ordine
1859 4225 2071 4282 pmeequamur,

420 4307 562 4379 arripiunt,
595 4317 695 4375 greges
728 4298 807 4355 etiam
839 4305 903 4369 post
934 4313 962 4353 se
994 4296 1082 4354 diuiso
1111 4296 1219 4353 tramite
1273 4301 1352 4364 prout
1372 4293 1439 4364 ipse,
1456 4293 1490 4350 de
1505 4308 1560 4367 qno
1571 4292 1715 4366 loquimur,
1728 4310 1778 4353 nos
1792 4295 1924 4369 adjuvare
1933 4299 2072 4373 dignetur.

419 4394 538 4466 rapiunt.
555 4389 607 4446 Ubi
621 4387 704 4459 plano
718 4383 854 4440 miseriam
866 4391 906 4438 est
921 4381 1022 4451 ridere,
1046 4397 1108 4438 eum
1122 4381 1158 4435 ad
1173 4397 1219 4436 re-
1274 4381 1361 4437 Finito
1380 4381 1504 4440 conuictu
1532 4384 1759 4455 contentioneque
1795 4387 1893 4456 soluta,
1932 4388 2074 4447 luitbertus

421 4500 507 4558 gnum
521 4479 563 4536 rin
576 4477 685 4532 sibimet
699 4471 834 4531 contraria
849 4470 971 4539 tendunt,
1000 4485 1054 4541 quo
1081 4469 1220 4526 communi
1274 4469 1385 4526 domum
1396 4470 1487 4538 rediit;
1504 4470 1668 4528 Colmaunus
1677 4489 1751 4542 uero,
1763 4491 1821 4530 suae
1831 4475 1905 4532 sedis
1914 4475 2073 4550 episcopatu

420 4569 560 4646 proposito
576 4565 639 4622 lidei
654 4577 801 4634 properare
815 4561 996 4616 contendum:
1027 4558 1114 4630 etqui
1146 4558 1220 4614 viam
1272 4559 1395 4628 dimisso,
1434 4557 1551 4616 Scotiam
1588 4562 1676 4633 petiit,
1715 4561 1842 4635 quoniam
1880 4565 2075 4623 ecelesiasticis

420 4659 588 4718 indill'duflm
603 4649 778 4724 perveniendi
793 4649 828 4704 ld
841 4649 923 4705 l'ilssm
938 4647 1109 4704 S⁰¹umm0d0
1137 4646 1219 4702 Chri·
1274 4647 1467 4705 traditionibus
1481 4664 1542 4705 suas
1553 4649 1694 4707 traditione
1703 4659 1869 4723 postponere
1879 4653 1976 4710 noluit.

420 4757 491 4808 stum
506 4740 777 4806 noscunturbabere,
793 4737 926 4794 absonum
944 4737 1024 4793 ualde
1052 4734 1219 4791 absurdum·
1310 4737 1412 4793 levir
1427 4744 1517 4793 autem
1536 4737 1645 4793 Domini
1664 4739 1811 4797 Willridus
1831 4757 1866 4797 ex
1885 4743 1937 4799 boo
1965 4757 2074 4817 magns

420 4837 549 4913 quesere
565 4830 743 4905 dignoscitur,
773 4827 863 4897 ipsum
878 4824 1014 4881 cenatum
1029 4825 1057 4879 in
1074 4824 1130 4880 sula
1157 4841 1219 4896 my·
1234 4807 1260 4868 D
1275 4825 1347 4896 apud
1367 4841 1447 4882 omno
1458 4825 1675 4883 estvenerationi
1698 4827 1827 4886 babitus:
1848 4831 1952 4904 quippe
1980 4833 2027 4905 qni
2047 4841 2074 4891 en

422 4926 513 4985 steriis
525 4922 596 4979 reue
611 4921 719 4976 dissona
733 4915 927 4972 observatione
941 4912 1075 4970 diuidere.
1094 4915 1132 4969 Ea
1147 4929 1177 4969 re
1191 4913 1218 4968 in
1273 4913 1372 4970 divinis
1388 4913 1587 4970 eruditionibus
1600 4917 1730 4988 praeclare
1745 4917 1874 4991 imbutus,
1886 4927 1913 4975 et
1923 4919 2074 4978 Dominicis

420 5018 493 5073 banc
507 5027 551 5067 me
574 5007 735 5065 senteutiam
750 5005 809 5076 ipsa
825 5003 936 5059 rationis
950 5004 1096 5058 necessitas
1107 5002 1220 5072 potissi·
1274 5003 1465 5075 comprobatus
1481 5005 1673 5076 eratopen'bus
1684 5005 1830 5078 magnilica
1840 5006 1932 5063 fultus.
1948 5005 2074 5081 Qunpm.

421 5115 496 5154 mom
510 5095 595 5164 duait,
617 5099 750 5163 quatenus
780 5088 918 5161 utriusque
950 5087 1033 5160 partis
1059 5087 1220 5142 defensores
1273 5100 1363 5163 ptera
1382 5108 1446 5164 rege
1464 5091 1570 5149 alfrido
1598 5093 1680 5150 totius
1708 5093 1799 5166 plebia
1824 5094 2021 5154 acclamatione
2039 5097 2074 5155 ad

422 5203 475 5242 una
489 5183 583 5241 uenire
595 5180 680 5250 iussio
695 5187 790 5235 nostra
803 5177 1012 5250 constringeret,
1027 5191 1082 5246 quo
1092 5177 1219 5245 utrinque
1274 5179 1459 5252 pontificatum
1480 5179 1606 5253 eligitur;
1628 5181 1677 5238 sed
1696 5181 1756 5254 ipae
1775 5185 1851 5256 gravi
1871 5184 2074 5243 reclamationis

421 5268 640 5335 rationeaudlta,
657 5267 722 5338 quid
749 5266 926 5337 sequendum,
954 5265 1020 5336 quid
1059 5263 1220 5335 fugiendum
1273 5269 1369 5325 adnisu
1387 5285 1422 5325 „0
1441 5268 1469 5324 qd
1489 5267 1788 5328 pappbgjsteoenifim,
1818 5272 1939 5329 nudem
1969 5273 2075 5345 impar.

421 5364 466 5428 sit,
482 5361 606 5416 discusso
621 5371 713 5412 errore
728 5371 860 5426 queamus
874 5354 1019 5424 inspicere.
1047 5352 1221 5424 Quapropter
1274 5358 1385 5414 [unitate
1404 5356 1526 5414 omnium
1544 5358 1642 5423 rictus,
1663 5357 1727 5415 ida
1761 5375 1827 5434 rege
1855 5361 1958 5434 petivit,
1992 5379 2077 5420 nese

422 5461 460 5520 ω,
475 5447 635 5513 C⁰lm¹¹1¹102
653 5443 699 5515 qul
713 5442 854 5515 Piaessiullr
868 5451 964 5499 0⁰¹12r8
979 5457 1087 5498 morem
1106 5439 1219 5497 univer·
1274 5445 1426 5502 inordinate
1444 5445 1563 5502 ordinari
1584 5445 1611 5501 in
1635 5447 1765 5504 Brittania
1792 5451 1963 5520 permitteret
1984 5469 1990 5506 :
2025 5467 2075 5508 re.

419 5539 485 5597 salis
499 5533 630 5594 Ecclesiae
645 5533 751 5588 Pasa-ba
773 5531 910 5587 celebrare
926 5546 943 5586 a
962 5531 1099 5588 nonnullis
1112 5529 1220 5586 calum-
1273 5549 1333 5590 rum
1347 5541 1377 5591 ut
1397 5541 1470 5590 tanta
1488 5549 1533 5591 res
1551 5535 1700 5591 secundum
1719 5535 1840 5595 instituta
1866 5553 2004 5596 ananum
2024 5555 2076 5596 ex·

421 5629 513 5696 ulatis,
529 5637 619 5682 ΝΜ
633 5629 695 5683 luae·
708 5621 830 5691 illlum,
864 5626 891 5676 0²
922 5634 974 5693 08⁰
1006 5627 1093 5676 [0⁰⁰¹ss
1121 5618 1221 5675 &milis
1274 5622 1341 5696 pleri
1360 5623 1471 5693 valeret,
1491 5622 1673 5680 ordinandum
1692 5639 1753 5682 sese
1780 5625 1807 5681 in
1845 5626 1964 5683 Galliam
1984 5627 2077 5686 mitte-

421 5713 621 5777 0b⁵0lll⁸i¹⁰¹¹i⁵
633 5724 779 5782 0⁰⁸ftl¹¹⁰lr
795 5707 1081 5781 pn'mopropugnator
1100 5707 1218 5774 &surlet
1274 5719 1322 5780 ret,
1343 5711 1515 5769 venerabilis
1531 5727 1629 5786 nempe
1650 5711 1803 5771 Dcuadsdit
1821 5724 1923 5774 ennete
1956 5716 2078 5774 cautua-

420 5815 556 5881 quatenna
578 5800 736 5860 auctoritate
759 5813 814 5870 qna
839 5797 933 5853 nititur
964 5797 1068 5871 agnita,
1092 5797 1116 5854 si
1146 5805 1220 5854 tanta
1273 5801 1373 5857 riensls
1401 5800 1533 5858 Ecclesiae
1571 5802 1793 5876 archiepiscopus
1827 5805 1885 5878 jam
1914 5806 1979 5863 bule
2012 5807 2076 5866 ritae

421 5901 473 5969 est,
489 5895 528 5952 lat
542 5891 642 5952 amodo
655 5885 910 5948 nostrasubeadem
924 5886 1118 5946 auctoritates
1137 5887 1219 5946 tantis
1273 5889 1425 5950 subtractus
1444 5889 1543 5963 luerat,
1565 5905 1617 5952 nee
1636 5892 1664 5950 in
1685 5899 1741 5953 tota
1770 5893 1905 5956 Brittania
1932 5895 2079 5970 episcopus
