4750 6725
984 641 1067 697 vtrn
1089 641 1118 697 S.
1142 640 1322 698 oswium.

340 769 582 785 —t——u—-n—

338 799 711 816 Ἣ

728 928 958 1071 vlt‘n
997 930 1081 1074 S.
1119 929 1584 1080 usWnnnl

628 1146 790 1207 Episcopi
805 1149 1074 1208 wtooltrttrntsts
1089 1150 1134 1205 ET
1147 1149 1417 1207 ARCHIEPISCOPl
1432 1151 1677 1214 EBORACENSlS

857 1326 1127 1427 AUCTORE
1167 1328 1443 1425 annunlio
1522 1476 1524 1481 ,

1051 1520 1072 1562 rr
1092 1502 1153 1560 Kal.
1168 1504 1260 1569 llartii

1081 1625 1228 1636 nnn—-

361 1750 518 1808 Secundum
544 1749 717 1824 propositum
746 1750 842 1825 gratia
872 1751 923 1809 Dei
952 1750 1125 1811 venerandus
1139 1752 1262 1816 Airater
1275 1760 1334 1809 erat
1347 1756 1432 1825 patris
1451 1754 1520 1825 ejus,
1541 1754 1584 1809 vir
1600 1761 1734 1824 prestans
1755 1754 1902 1829 religione,
1918 1760 1977 1817 dis-

322 1838 508 1897 Elloraconcis
528 1841 640 1897 onustes
662 1840 809 1897 Osualdus
831 1850 895 1897 ante
918 1842 1017 1899 secula
1037 1842 1128 1898 alico
1181 1840 1301 1898 cretione
1316 1842 1449 1915 sublimis,
1466 1842 1586 1899 moribus
1610 1842 1715 1916 grauis,
1739 1844 1855 1913 iustitiae
1878 1848 1976 1917 cultor,

325 1928 437 1996 electus,
466 1929 663 2002 ingenuitatem
690 1930 801 2002 generis
838 1930 891 2000 sui,
921 1946 975 2002 quo
1000 1929 1129 1987 nobiliter
1181 1946 1300 2003 magnus
1314 1932 1438 1999 consilio,
1455 1932 1500 2003 qui
1514 1940 1541 1988 et
1555 1932 1582 1986 in
1597 1932 1786 1989 omniaotione
1800 1951 1849 1991 sua
1863 1936 1979 1993 circum-

322 2015 414 2073 cditus
439 2017 468 2073 iu
495 2018 575 2089 hujus
601 2017 696 2073 mnndi
711 2018 800 2075 lucem
830 2020 972 2089 processit,
1001 2019 1128 2092 ingenuis
1181 2026 1297 2089 spectus,
1323 2021 1484 2077 auctoritate
1498 2022 1691 2093 praeminebat
1707 2039 1713 2077 :
1730 2021 1765 2077 de
1779 2022 1856 2093 cnjus
1870 2024 1977 2081 actibus

322 2114 447 2170 moribus
475 2114 607 2185 initiatus,
635 2116 709 2173 uiam
736 2117 800 2172 uitae
832 2118 974 2189 presentis
1005 2117 1138 2175 incessit„
1181 2123 1242 2177 ΨΒ
1256 2107 1334 2163 ¹¹⁰¹)ss
1348 2109 1459 2179 quidam
1482 2110 1649 2184 ‘miililiores
1667 2110 1748 2181 P1⁰¹l0
1769 2111 1856 2166 Γθῑθῑῑῑ
1872 2113 1978 2169 descii-

324 2204 409 2273 Cujus
425 2202 537 2274 quidem
551 2211 631 2277 gesta
650 2204 727 2260 uario
755 2205 926 2261 diuersomm
950 2206 1019 2277 stylo
1048 2207 1127 2280 dige·
1178 2210 1268 2266 psello
1296 2212 1385 2268 panea
1412 2207 1525 2271 langele
1549 2199 1605 2269 (¹8)
1636 2214 1691 2255 ¹10⁰
1719 2199 1900 2272 i¹³⁰⁰⁰gfl¹um
1924 2203 1976 2258 rili

321 2296 367 2348 sta
383 2292 450 2362 (ll),
466 2306 523 2365 quo
535 2291 728 2363 multiplicium
742 2294 895 2362 coanimis,
911 2296 946 2349 ad
960 2294 1126 2352 multadiui·
1178 2300 1282 2354 sumus»
1314 2293 1344 2343 Ul
1371 2287 1435 2343 inde
1461 2288 1591 2358 Ps0b0²¹¹l
1618 2303 1700 2360 (luam
1728 2287 1863 2355 imilstbffis
1894 2306 1976 2361 quam

321 2380 362 2436 sis
376 2379 551 2437 videaturad
565 2381 713 2454 legendum
729 2382 899 2438 onerosiora.
917 2384 995 2440 Unde
1017 2384 1052 2439 iis
1067 2383 1122 2455 qui,
1178 2374 1321 2445 spectabili
1349 2376 1475 2448 prosapia
1501 2391 1569 2448 puer
1591 2376 1641 2432 Dei
1670 2374 1815 2432 Oswaldus
1842 2376 1975 2451 originem

320 2468 390 2525 sicut
404 2469 538 2527 veraciter
551 2471 681 2537 creditor,
697 2470 772 2526 illum
786 2471 815 2525 in
829 2472 880 2528 hae
897 2472 953 2528 nita
965 2488 1025 2543 prae
1040 2480 1124 2529 caete·
1177 2462 1295 2520 duxerit.

319 2556 359 2611 ris
372 2557 504 2614 sincerius
518 2558 645 2631 diligunt,
660 2560 764 2631 placuit
782 2566 836 2614 tam
853 2575 936 2632 prece
950 2576 1032 2633 quarn
1046 2577 1122 2632 prae-
1212 2560 1272 2629 llic,
1298 2568 1329 2617 ut
1355 2561 1449 2634 fertur,
1480 2561 1649 2619 AEtlielstuno
1686 2560 1884 2619 sictorIossimo
1912 2562 1973 2634 regi

319 2654 400 2717 cepto
414 2662 459 2702 me
483 2646 587 2703 adhoc
608 2661 791 2714 commovere,
813 2654 918 2720 utquae
941 2650 1124 2721 multipliciter
1175 2650 1324 2723 Anglomm
1352 2650 1432 2708 valde
1459 2649 1556 2707 charus
1569 2659 1628 2707 erat
1655 2654 1682 2707 et
1710 2658 1896 2723 acceptasse
1921 2666 1973 2722 pro

319 2734 355 2790 de
370 2749 404 2791 eo
424 2734 528 2806 scripta
546 2744 617 2803 sunt,
641 2737 836 2807 compendioso
860 2752 893 2793 ac
907 2753 979 2795 novo
992 2738 1122 2794 narrandi
1174 2738 1248 2794 illius
1262 2739 1431 2811 praedicaltili
1458 2740 1600 2797 sanctitate
1626 2756 1673 2797 ren
1688 2740 1760 2796 idem
1789 2740 1864 2795 illum
1880 2754 1973 2796 secum

320 2822 392 2894 stylo
402 2822 563 2894 expediam.
575 2825 678 2896 inquo,
689 2824 786 2894 lateor,
796 2841 1120 2898 noupammexpavcsco;
1175 2826 1279 2884 habere
1293 2830 1408 2900 ejusque
1424 2828 1548 2885 consiliis
1567 2844 1735 2903 magnopere
1748 2828 1827 2885 inniti
1850 2828 1967 2885 solebat.

318 2910 445 2968 fatuitate
460 2912 564 2984 quippo
583 2913 717 2986 ingenioli
731 2914 785 2970 mei
806 2930 891 2987 penes
904 2915 1037 2986 meipsum
1052 2930 1121 2971 con·
1174 2912 1227 2983 Qut
1242 2932 1290 2971 rex
1304 2917 1390 2972 Deum
1413 2916 1539 2990 diligens,
1564 2917 1698 2990 aequitatis
1719 2915 1826 2989 legibus
1841 2916 1972 2985 seruiens,

318 2999 447 3072 siderata,
473 3016 569 3057 remor
590 3018 624 3058 ne
648 3002 804 3074 petentibus
826 3004 986 3060 satisfacere
1009 3004 1038 3059 in
1060 3003 1121 3076 ipso
1171 3004 1286 3075 reguum
1300 3013 1407 3061 strenue
1421 3006 1601 3078 gubernabat.
1617 3007 1643 3061 ls
1657 3006 1790 3062 immenso
1801 3020 1971 3077 paganorum

316 3103 402 3160 opere
413 3104 562 3160 nequeam
579 3091 644 3162 quia
654 3092 711 3148 scio
722 3092 795 3164 quod
808 3092 970 3164 huncqnem
981 3093 1118 3166 precipue
1131 3108 1158 3169 Β
1173 3092 1304 3148 exercitui
1319 3094 1439 3166 quodam
1461 3103 1584 3166 tempore
1598 3099 1720 3151 armatus
1739 3109 1893 3159 occurrens,
1909 3108 1971 3149 me·

320 3185 414 3234 amant
430 3177 573 3234 laetissima
596 3181 696 3252 exponi
719 3180 843 3237 oratioue
865 3182 1034 3240 desiderant.
1056 3182 1118 3239 Non
1171 3188 1308 3236 moratum
1331 3181 1468 3252 Odonem,
1493 3184 1571 3254 cujus
1594 3183 1696 3241 meritis
1718 3199 1747 3240 se
1771 3182 1973 3255 quammaxime

315 3280 416 3337 parare
438 3273 531 3322 autem
554 3266 686 3325 voluntati
708 3267 816 3325 illomm
840 3268 918 3327 nolas
932 3269 1035 3339 judico,
1056 3285 1119 3327 cum
1172 3268 1301 3327 credebat
1327 3271 1431 3327 hostem
1464 3271 1608 3343 victumm,
1646 3272 1675 3327 iu
1702 3272 1790 3328 aciem
1819 3270 1904 3326 duxit.
1936 3270 1971 3326 llt

316 3369 351 3410 ne
371 3353 426 3410 sibi
449 3353 621 3412 amicissimis
643 3356 750 3414 seilicet
773 3358 841 3415 meis
864 3375 909 3416 me
930 3357 1002 3416 nolle
1020 3375 1119 3433 gerare
1172 3358 1318 3416 commisso
1333 3361 1427 3432 praelio
1441 3358 1503 3417 Odo
1517 3362 1622 3418 enimus
1644 3375 1766 3435 opugne
1779 3371 1855 3416 stans
1868 3358 1972 3416 lumina

317 3457 436 3510 morem,
452 3451 507 3500 turn
522 3445 646 3514 uelem
658 3448 825 3504 conscientia
837 3463 897 3518 sua,
912 3465 957 3504 me
972 3465 1039 3521 erga
1052 3465 1117 3504 nan·
1172 3461 1204 3501 ac
1219 3463 1316 3504 manus
1338 3449 1366 3504 in
1382 3449 1483 3505 coolurn
1508 3450 1630 3518 tetendit,
1646 3464 1696 3520 pro
1723 3457 1827 3522 regest
1842 3449 1897 3504 suis
1911 3449 1970 3505 Do-

318 3538 392 3588 ctum
416 3531 468 3589 Dei
497 3531 602 3589 nullum
625 3533 725 3591 babere
742 3537 889 3607 opinentur
908 3552 1040 3592 amorem.
1065 3519 1145 3593 His⁴
1171 3536 1275 3591 minum
1290 3537 1422 3593 intentius
1436 3552 1528 3594 orans.
1555 3539 1709 3610 Pugnatum
1737 3537 1875 3594 hincinde
1898 3543 1971 3592 auo-

317 3619 453 3691 angustiis
466 3629 559 3693 septus
572 3621 646 3695 clegi
667 3623 759 3694 potius
773 3624 909 3680 msticano
924 3625 1033 3696 cloquio
1045 3625 1117 3680 ami·
1170 3623 1287 3693 cissime,
1303 3632 1328 3680 ct
1338 3624 1396 3679 dies
1408 3625 1495 3680 ierme
1510 3633 1581 3680 totus
1595 3626 1622 3680 in
1640 3625 1787 3680 certamine
1800 3624 1968 3694 absumptus.

318 3721 415 3763 comm
439 3723 562 3766 meorum
597 3717 663 3768 uoto
695 3727 866 3781 concurrere,
904 3729 986 3785 quam
1013 3712 1117 3769 urbano
1170 3711 1290 3768 Tandem
1310 3711 1368 3781 jorn
1384 3713 1441 3769 sole
1464 3712 1491 3767 in
1507 3727 1635 3770 occasum
1649 3720 1789 3784 vergente,
1804 3727 1863 3768 sors
1878 3711 1968 3783 laery-

315 3794 426 3852 silentio
449 3811 499 3854 eos
519 3799 717 3856 contemnendo
737 3815 788 3872 per
801 3800 993 3858 inobedientiae
1007 3801 1116 3872 culpam
1170 3798 1280 3854 mobilis
1294 3800 1391 3855 accidit
1406 3818 1413 3864 ;
1427 3801 1505 3871 juxta
1518 3800 1642 3871 capulum
1662 3801 1813 3856 confractus
1824 3807 1864 3855 est
1876 3799 1969 3872 regius

314 3882 465 3942 offendere.
494 3885 650 3959 Scripturas
685 3889 777 3961 itaque
802 3905 854 3960 pro
880 3888 1001 3960 injuncto
1028 3888 1117 3946 officio
1170 3888 1254 3943 ensis.
1271 3887 1343 3958 Quid
1358 3889 1537 3946 laceretiUt
1553 3905 1583 3944 se
1598 3894 1726 3958 armaret,
1742 3888 1847 3944 nullum
1862 3887 1896 3944 de
1910 3888 1969 3943 suis

312 3972 398 4029 vitam
421 3973 489 4029 tanti
510 3975 572 4045 riri,
598 3992 659 4048 qnae
683 3975 724 4031 illi
746 3977 851 4050 jugiter
873 3977 970 4045 adluit,
1000 3977 1117 4052 gratiam
1171 3992 1310 4033 exarmare
1325 3977 1442 4033 volebt.
1453 3976 1524 4048 Quid
1537 3977 1739 4035 tuncillostes
1748 3976 1854 4048 qnijum
1864 3983 1969 4032 vertera

312 4059 412 4118 invoco
436 4062 553 4135 Spiritus
576 4064 675 4134 nancti,
691 4073 822 4136 quatenus
845 4081 879 4123 ea
893 4083 954 4136 quae
969 4082 1019 4138 per
1039 4067 1117 4124 illum
1170 4068 1250 4138 terga
1264 4074 1413 4138 coepemnt,
1437 4067 1561 4124 uidentes
1574 4082 1670 4138 regem
1688 4066 1776 4123 fracto
1790 4081 1854 4122 ense
1867 4065 1968 4120 lactum

314 4149 350 4205 nd
365 4149 484 4207 laudem
511 4153 552 4208 sni
566 4153 685 4210 nominis
703 4155 813 4226 operari
836 4155 965 4229 dignatus
980 4164 1030 4224 est,
1043 4155 1117 4213 illius
1170 4153 1248 4227 quasi
1263 4154 1405 4226 inermem,
1420 4155 1532 4212 animati
1547 4163 1574 4212 at
1588 4156 1614 4210 in
1629 4169 1749 4228 pugnam
1765 4155 1853 4212 annus
1867 4152 1970 4211 reversi

312 4239 402 4296 meriti
426 4241 576 4298 concedere
599 4243 667 4298 mihi
682 4243 812 4317 dignetur
832 4243 974 4301 iaollensis
986 4245 1116 4301 Ecclesiae
1169 4251 1241 4298 sunt.
1258 4244 1381 4300 losonuit
1395 4245 1507 4310 clamor,
1524 4243 1650 4301 Odonem
1665 4245 1743 4301 citius
1763 4243 1890 4300 aduolare
1904 4258 1969 4315 per-

304 4338 369 4384 ’snae
392 4329 502 4386 auribus
516 4331 701 4404 qualicunque
716 4331 862 4391 verbemm
881 4332 1010 4406 indagine
1024 4333 1116 4404 expli·
1169 4346 1280 4404 urgens.
1296 4333 1381 4388 Adest
1398 4350 1404 4395 ;
1420 4341 1449 4388 ut
1462 4348 1542 4404 opem
1566 4347 1643 4388 suam
1658 4347 1740 4403 prece
1762 4331 1874 4403 negotio
1889 4330 1968 4401 ierat,

311 4432 388 4475 care.
1170 4435 1220 4476 rex
1235 4421 1295 4491 ipse
1318 4421 1441 4477 bortatur
1461 4429 1488 4478 et
1508 4419 1643 4476 obsecrat.
1665 4423 1700 4476 nt
1719 4417 1765 4475 illa
1787 4419 1862 4491 :Ope
1884 4435 1970 4492 quom

345 4504 496 4562 Exordium
521 4523 588 4580 crgo
610 4509 762 4566 nativitatis
785 4510 928 4583 gloriosus
963 4511 1113 4571 Oswaldua
1167 4507 1322 4579 desideras,
1344 4509 1390 4566 uti
1411 4509 1586 4566 solummodo
1610 4509 1690 4574 velis,
1704 4511 1809 4580 praesto
1827 4509 1879 4562 est.
1899 4507 1970 4577 Quid

310 4593 481 4650 nobilissima
503 4597 639 4669 progenie
661 4607 749 4667 natus,
765 4599 886 4672 eleganti
906 4600 994 4657 lorma
1007 4603 1113 4660 enitnlt.
1166 4597 1699 4672 loitornotsttltgaudeoqutintotere
1714 4594 1970 4669 tuopeudctgladlo

311 4681 365 4752 Qui
379 4683 426 4738 ubi
445 4684 585 4740 infantiles
607 4701 694 4743 annos
707 4686 833 4760 diligenti
857 4704 920 4745 cura
933 4691 1049 4748 nutritus
1063 4708 1114 4747 ex·
1167 4686 1288 4760 parcit?
1305 4688 1358 4744 Cur
1372 4703 1436 4744 etam
1447 4687 1481 4744 ab
1496 4687 1620 4743 interlin
1636 4687 1760 4742 hosfium
1774 4685 1880 4742 arcet?
1896 4683 1970 4750 Quid

307 4770 404 4839 cessit,
429 4787 500 4843 puer
515 4772 604 4830 iactus
618 4774 740 4846 pueriles
759 4775 878 4848 ineptias
891 4778 1023 4846 devitare,
1041 4795 1073 4837 ac
1087 4789 1116 4836 ut
1167 4775 1380 4847 formidcs?llil
1395 4777 1630 4846 dubitousoruipe
1641 4775 1727 4831 illum
1738 4793 1748 4842 ,·
1758 4777 1787 4830 rt
1796 4789 1860 4831 ecce
1867 4789 1968 4829 monus

307 4865 377 4916 aetas
404 4859 450 4916 illa
476 4861 620 4918 advertero
647 4867 764 4934 poterat,
793 4866 829 4920 ad
852 4867 1004 4923 sanctitatis
1031 4885 1141 4940 opem·
1171 4863 1352 4922 Domiuierlt
1368 4863 1968 4935 mcum.Necpriussnlisocutiugetocoudi-

309 4949 489 5020 semetipsum
516 4950 600 5021 ooepit
627 4950 786 5009 informare.
817 4955 962 5024 Proposult
987 4956 1058 5012 enirn
1087 4958 1114 5013 in
1169 4956 1319 5024 lus,qoom
1335 4953 1503 5010 obsistentes
1516 4952 1968 5023 aduersorlootuossupcinooluot

311 5045 459 5108 conspectu
484 5039 623 5095 cernentis
650 5049 756 5097 secreta
783 5043 902 5112 pectoris
928 5044 971 5099 sui
990 5061 1019 5100 se
1034 5046 1115 5102 alme
1169 5041 1377 5098 aestatuum.
1393 5041 1477 5109 Dixit,
1494 5048 1521 5097 et
1535 5055 1582 5095 rex
1599 5041 1633 5095 ad
1654 5039 1713 5109 ejus
1728 5038 1811 5094 verba
1825 5038 1968 5107 attonitus,

309 5126 484 5197 cognationis
507 5129 735 5185 suaenullstenus
759 5129 819 5186 lieri
834 5131 904 5188 selle
926 5133 1112 5204 degenerem
1171 5128 1245 5185 illico
1268 5145 1351 5186 versa
1377 5130 1474 5186 dextra
1502 5128 1536 5183 nd
1557 5127 1685 5200 vaginam
1709 5127 1824 5182 extraxit
1846 5127 1968 5201 gladium

310 5215 359 5270 sed
373 5229 443 5285 quos
458 5215 628 5289 propinquos
641 5217 743 5274 aonias
757 5218 846 5274 luerat
858 5219 887 5274 in
901 5235 1000 5291 genere
1013 5223 1112 5292 carnis,
1168 5217 1311 5291 fulgidum,
1339 5217 1437 5274 fortem
1467 5226 1494 5273 et
1521 5217 1666 5290 insignem.
1701 5217 1732 5271 ln
1766 5231 1819 5287 quo
1860 5224 1970 5273 cunctos

312 5304 363 5359 hos
388 5311 549 5376 sequeretur
571 5306 698 5378 passibus
736 5308 850 5376 virtutis,
883 5308 1032 5366 instructus
1059 5309 1114 5368 tide
1167 5315 1340 5363 occursantes
1362 5308 1511 5374 deterrens,
1535 5307 1644 5362 credens
1666 5321 1714 5360 seu
1728 5313 1914 5377 prosternens,
1934 5305 1969 5361 ad

313 5392 475 5464 cereusque
499 5393 655 5452 caelestibus
681 5396 777 5451 annis.
809 5397 900 5452 Mnus
928 5397 1063 5470 siquidem
1086 5407 1114 5456 et
1167 5394 1280 5452 verbum
1296 5396 1369 5452 servi
1385 5395 1435 5452 liei
1446 5395 1526 5465 juxta
1547 5394 1634 5451 lactus
1648 5400 1689 5452 est
1703 5403 1730 5450 et
1751 5394 1819 5451 solis
1833 5393 1973 5450 occubitus

311 5481 590 5555 unnsdeprreoipnis
604 5483 729 5542 Patribus
747 5485 903 5558 Anglomm
926 5485 988 5544 Odo
1001 5487 1113 5546 nomine
1166 5492 1193 5542 et
1217 5482 1290 5559 regis
1318 5483 1479 5556 triumphus.
1495 5484 1557 5556 lpse
1584 5482 1654 5554 Odo,
1679 5483 1809 5556 quoniam
1836 5481 1967 5540 Ecclesia

344 5680 403 5750 (ll)
418 5676 541 5736 Oswnldi
555 5695 601 5737 res
623 5687 715 5755 gestas
728 5681 798 5752 stylo
820 5689 901 5738 antea
915 5685 1112 5742 mandaverant
1164 5682 1373 5754 conscripserat.
1398 5681 1456 5736 lloo
1484 5679 1544 5736 luco
1574 5677 1661 5735 Vitam
1690 5677 1762 5734 illius
1775 5677 1823 5759 ab·
1838 5676 1966 5734 Osbemo

308 5749 429 5807 illiricus
443 5758 470 5807 et
484 5749 636 5808 Folcardos
651 5769 658 5816 ;
675 5753 712 5810 ds
729 5752 829 5826 qrribm
843 5753 954 5812 consula
968 5755 1110 5829 prelatio-
1165 5753 1295 5825 scriptam
1309 5753 1421 5808 innuere
1431 5749 1550 5818 ridetur,
1561 5758 1642 5823 atqua
1657 5749 1754 5806 eadem
1769 5749 1858 5804 rusius
1873 5753 1969 5828 postea

309 5836 383 5879 nem.
1164 5823 1287 5881 admavit
1302 5823 1331 5880 in
1345 5821 1450 5880 Odonis
1464 5821 1535 5893 Vita,
1547 5837 1608 5900 quse
1618 5819 1743 5878 Oshemo
1754 5818 1824 5877 mals
1838 5819 1968 5893 insonplt

348 5892 404 5965 (ln)
422 5893 551 5951 Nondum
578 5892 683 5953 scilicet
710 5893 815 5954 odonis
843 5896 933 5956 Vitam
960 5896 1111 5959 &dinarius
1165 5911 1249 5974 snpra
1263 5896 1424 5956 collocatur.
