4750 6725
279 654 329 709 881
1014 656 1106 713 VITA.
1881 666 1935 727 882

279 778 416 847 Gaufridi,
430 779 594 853 cognomine
606 780 727 850 Bnrbari,
742 781 883 851 tyrannica
896 782 1076 851 praesumptio
1090 781 1117 841 Α
1132 796 1241 838 servum
1256 782 1307 838 Dei
1322 782 1521 839 contemnendo
1536 782 1639 856 duplex
1654 792 1773 847 traxerat
1787 788 1937 848 incommo-

277 868 453 924 rebementer
480 868 618 941 affligebat
645 870 713 941 (ut).
737 871 858 943 Rogatus
876 868 925 924 Dei
948 884 1042 925 sertus
1065 886 1083 925 e
1136 871 1214 939 dum,
1236 870 1419 943 resipiscendo
1439 871 1531 928 diviua
1552 872 1654 931 ultione
1677 891 1803 950 repressa
1825 878 1937 950 plenam

278 956 387 1026 praefati
415 956 513 1012 abbate
536 957 663 1024 coenobii,
692 965 722 1013 ut
740 962 767 1012 et
790 956 904 1013 consilio
928 963 955 1011 et
982 957 1082 1013 oratio·
1134 960 1268 1029 reciperet
1281 960 1436 1015 sanitatem.

279 1060 344 1098 taum
363 1044 518 1100 interuentu
538 1060 678 1116 oppressae
696 1045 854 1101 subveniret
872 1043 1000 1113 abbatiae,
1024 1046 1081 1101 Tu·
1171 1048 1214 1101 ³5.
1232 1048 1380 1117 Perpendc,
1403 1048 1499 1117 lector,
1524 1064 1577 1121 quo
1604 1048 1700 1107 effectu
1724 1052 1938 1111 commissarum

276 1132 454 1204 conisusque
472 1132 585 1204 fatigari
607 1149 666 1188 nou
687 1133 798 1204 distulit,
824 1147 857 1188 eo
880 1132 1009 1189 libentius
1024 1132 1081 1187 dif-
1134 1132 1189 1187 sibi
1204 1132 1318 1190 salutem
1341 1135 1477 1207 quaesierit
1494 1138 1659 1205 animarum,
1683 1138 1732 1211 qui
1756 1142 1839 1197 etiam
1862 1142 1937 1198 circe

276 1217 423 1274 ficultatem
438 1219 490 1275 riae
504 1233 654 1289 assumens,
670 1221 743 1290 quod
757 1220 829 1275 idern
848 1220 955 1275 locusa
970 1219 1082 1275 Cluuia·
1134 1219 1320 1277 interfectores
1336 1224 1428 1279 fratris
1442 1240 1474 1279 ec
1489 1226 1575 1295 patrie
1595 1227 1635 1282 sui
1650 1228 1814 1284 Dauidicam
1829 1244 1937 1301 expres·

277 1308 352 1363 censi
376 1306 535 1378 disciplina,
562 1308 722 1364 monasticae
745 1307 886 1381 religionis
906 1306 1082 1364 fundamenta
1134 1308 1171 1363 ait
1186 1316 1212 1364 et
1226 1310 1371 1365 aemulatus
1395 1319 1436 1366 est
1458 1312 1608 1369 lenitatem.
1628 1316 1656 1370 le
1682 1316 1763 1385 euim,
1789 1318 1937 1374 secundum

276 1396 439 1465 susceperit.
463 1397 580 1452 Veniens
597 1404 687 1451 autem
710 1396 744 1452 ed
768 1396 906 1465 comitem,
930 1411 993 1453 cum
1014 1395 1081 1451 nihil
1133 1396 1204 1452 illud
1221 1398 1417 1471 Evangelicum
1435 1416 1441 1453 τ
1460 1402 1610 1469 Dimittitc,
1623 1408 1652 1459 et
1661 1404 1937 1469 dimittemintauc.

276 1482 423 1553 proficeret
436 1484 537 1549 uerbis,
563 1500 613 1539 nee
641 1484 769 1554 amplecti
791 1500 892 1555 genua,
906 1500 958 1539 nec
971 1484 1081 1542 advolvi
1133 1500 1181 1551 mr,
1198 1488 1253 1556 37),
1269 1488 1371 1544 collata
1386 1489 1496 1559 utrique
1510 1504 1556 1544 reo
1571 1492 1667 1561 patrati
1692 1492 1832 1549 homicidii
1845 1495 1937 1563 vania,

276 1569 394 1640 pedibus
417 1570 538 1627 erubuit.
556 1573 701 1640 assumpte
724 1580 764 1627 est
792 1571 880 1627 omnis
902 1571 993 1626 fonna
1010 1587 1081 1641 sup·
1133 1573 1302 1646 confugienti
1318 1575 1353 1631 ad
1367 1577 1503 1631 sefratris
1521 1576 1702 1647 interfectori,
1726 1580 1772 1637 cui
1795 1582 1829 1636 ad
1845 1578 1938 1638 decli-

275 1658 408 1727 plicandi,
424 1674 479 1729 qua
492 1660 672 1715 mansuetudo
687 1660 767 1715 etiam
782 1659 854 1730 apud
868 1660 996 1715 crudeles
1013 1675 1080 1729 pro·
1133 1662 1387 1719 naudoeinterfecti
1396 1665 1537 1735 proximos
1547 1666 1656 1721 nullum
1667 1669 1776 1739 patebat
1787 1669 1935 1743 refugium,

275 1754 389 1802 uocatur
403 1755 561 1818 potestatem
578 1748 625 1803 illa
639 1756 730 1803 tamen
746 1748 866 1803 animum
881 1763 980 1821 gerens
993 1747 1080 1804 obdu·
1133 1758 1233 1807 sanam
1244 1750 1422 1821 protectionis
1450 1768 1506 1808 suae
1528 1754 1616 1810 sinum
1632 1756 1756 1826 aperuit:
1774 1758 1803 1813 iu
1828 1771 1881 1830 quo
1892 1758 1940 1815 ille

275 1841 376 1903 ratum,
393 1835 521 1891 abbatem
544 1844 681 1891 arermtus
700 1842 740 1890 est
758 1835 963 1905 supplicantem,
984 1834 1031 1907 qui
1046 1835 1081 1891 ad
1133 1846 1287 1911 susceptus,
1304 1846 1330 1895 et
1354 1840 1517 1911 temporalis
1541 1842 1607 1897 vitae
1631 1842 1778 1901 discrimen
1803 1845 1895 1911 evasit,
1911 1855 1939 1903 et

275 1922 349 1978 banc
374 1938 482 1993 quoque
506 1924 631 1994 prorupit
657 1923 807 1991 insaniem,
829 1926 859 1977 ut
876 1923 980 1979 diceret
997 1939 1027 1978 se
1049 1926 1078 1978 a.
1132 1926 1209 1981 viam
1233 1927 1335 1983 invasit
1348 1930 1530 2000 sempiternae.
1547 1931 1588 1985 td
1612 1931 1720 1987 abbatis
1742 1947 1860 2006 namque
1874 1952 1939 2009 sug·

275 2010 383 2065 bladini
400 2019 572 2078 conventum,
588 2011 624 2068 ad
637 2012 799 2081 obsequium
820 2012 900 2067 unius
914 2010 982 2066 asini
997 2012 1080 2068 reda·
1132 2017 1285 2087 gestionem
1300 2024 1477 2088 compunctus
1496 2018 1647 2087 homicide,
1677 2036 1837 2091 supremum
1850 2024 1938 2093 poeni-

275 2106 395 2154 ctumm.
415 2100 536 2171 Surgeus
552 2100 662 2157 tandem
677 2101 726 2156 Dei
742 2116 835 2157 seruus
848 2116 866 2156 a
878 2100 1004 2170 pulvere,
1017 2116 1079 2156 curu
1093 2129 1121 2189 B
1136 2104 1227 2159 tentiae
1241 2104 1367 2159 habitum
1381 2106 1511 2175 sumpsit,
1521 2106 1549 2161 iu
1564 2120 1621 2177 quo
1635 2106 1682 2163 ille
1696 2116 1806 2180 peracte
1821 2110 1939 2167 feliciter

275 2191 444 2257 assumptum
458 2189 595 2257 chlamide
614 2196 772 2258 tyrannum,
791 2188 936 2244 salutiferis
959 2188 1082 2245 emollire
1135 2191 1241 2248 causali
1262 2192 1484 2265 peregrinatione
1508 2193 1590 2263 hujus
1616 2195 1720 2264 mundi,
1751 2196 1816 2253 dum
1839 2198 1938 2255 virere

274 2275 406 2331 niteretur
419 2277 545 2347 eloquiis,
559 2277 606 2333 ille
621 2285 711 2346 rupte,
736 2291 791 2347 qua
809 2277 924 2332 chlamis
945 2276 1080 2349 astringe-
1135 2280 1228 2348 desiit,
1245 2280 1346 2336 rivere
1359 2280 1514 2338 inchoavit.
1533 2282 1669 2339 Defuncto
1679 2292 1770 2340 autern
1783 2294 1861 2356 patre
1875 2300 1937 2355 suo,

274 2362 370 2431 batur,
384 2362 478 2432 fibula,
494 2365 658 2436 contemptis
672 2364 917 2433 exhortationibus,
934 2364 1078 2421 abscessit.
1134 2382 1218 2438 quem
1239 2367 1297 2424 dux
1321 2368 1491 2441 Burgundio
1513 2384 1599 2441 gener
1626 2372 1691 2442 ejus
1713 2374 1825 2443 propria
1850 2388 1936 2429 manu

273 2452 440 2508 Abscedenn
453 2453 497 2507 air
514 2454 675 2525 prophetico
700 2460 786 2509 tectus
806 2453 921 2523 Spiritu,
943 2452 1012 2508 illud
1031 2453 1079 2509 Sa·
1134 2464 1300 2527 peremerat,
1325 2457 1376 2512 hoc
1399 2456 1473 2527 apud
1496 2458 1586 2513 Deum
1606 2456 1763 2516 interventu
1787 2460 1938 2517 subvenire

273 2540 664 2597 maelisdixissenemoratur:
682 2540 1080 2612 Scissumcctrcpnumtuum
1136 2542 1242 2599 studuit
1268 2548 1299 2599 ut
1321 2543 1485 2600 delictcmm
1512 2544 1574 2614 ejus
1596 2545 1823 2615 satisfactionem,
1852 2564 1937 2619 quem

276 2645 297 2683 a
313 2632 342 2684 tc
370 2629 451 2685 bodie
466 2629 568 2701 llftep.
590 2645 638 2695 xv,
661 2630 717 2698 28).
739 2627 819 2697 Quod
842 2628 965 2698 profecto
980 2628 1079 2685 vatici·
1136 2630 1247 2703 gladius
1260 2630 1371 2687 hostilia
1388 2631 1610 2704 praeveneritis
1624 2632 1936 2706 seipsumtraueferret,

273 2715 351 2771 nium
380 2716 420 2771 rei
447 2717 539 2773 exitus
562 2716 715 2773 declaravit
744 2734 750 2771 :
776 2716 906 2788 expulsus
937 2717 1036 2771 etenim
1063 2732 1080 2772 a
1134 2718 1300 2775 continuatis
1314 2718 1606 2792 afficereturjejuniis,
1619 2720 1937 2793 nsqueuuoraanostias

275 2803 428 2872 consulatu,
444 2804 536 2859 andiu
549 2811 721 2873 contemptor
743 2804 820 2860 illea
837 2802 922 2859 fratre
945 2818 995 2859 auo
1014 2804 1081 2860 Ful·
1132 2806 1297 2864 immolaret.
1325 2807 1498 2867 Gestandem
1521 2822 1632 2881 quoque
1659 2810 1781 2883 suscepit
1808 2811 1935 2879 loricam,

277 2907 348 2947 roae
361 2891 486 2947 detentus
515 2896 555 2947 est
579 2893 606 2947 iu
635 2906 752 2959 carcere,
778 2900 876 2947 utnon
903 2891 979 2961 prius
1001 2908 1018 2947 a
1037 2907 1081 2948 cu·
1133 2894 1250 2966 propriis
1264 2895 1428 2951 cruciatibus
1437 2900 1696 2967 peccataquaerece
1706 2898 1823 2969 expiare
1833 2898 1937 2957 aliem.

278 2980 368 3035 studia
382 2995 490 3051 corpus,
516 2996 599 3053 mam
621 2980 731 3050 spiritus
751 2995 898 3049 acorpore
917 2980 1079 3037 solueretur.
1134 2984 1189 3039 Sed
1203 2991 1230 3038 ot
1243 2999 1302 3053 pro.
1321 2984 1381 3053 ejus
1409 2984 1603 3053 interfectore,
1633 3000 1668 3040 ne
1695 2985 1731 3041 de
1747 3000 1781 3042 eo
1804 2986 1937 3057 antiquus

279 3068 330 3123 Cui
359 3067 394 3123 ad
423 3067 562 3124 cumulum
585 3068 695 3125 ultionis
716 3067 770 3123 hoc
796 3068 878 3123 etium
900 3068 1023 3133 accesit,
1051 3064 1081 3123 ul
1134 3072 1317 3141 triumpharat
1330 3072 1468 3141 inimicus,
1484 3071 1586 3127 oblatis
1606 3073 1666 3129 Deo
1684 3073 1808 3129 victimis
1830 3081 1858 3131 et
1871 3088 1938 3145 pre·

278 3157 379 3212 amisso
393 3173 472 3212 seusu
488 3157 516 3211 in
530 3157 650 3226 pueriles
667 3156 784 3226 ineptias
801 3156 837 3211 ed
855 3165 972 3212 mortem
995 3170 1081 3227 usque
1134 3160 1214 3215 cibus
1228 3160 1388 3217 intercessit.
1405 3160 1488 3229 Cujus
1501 3160 1585 3232 igitur
1597 3160 1722 3217 charites
1735 3176 1820 3234 usque
1833 3160 1940 3217 eddili·

279 3245 419 3301 deliraret.
1133 3248 1240 3320 gendos
1254 3248 1377 3303 excreuit
1403 3248 1538 3315 inimicos,
1567 3264 1622 3305 nou
1644 3248 1743 3305 mirum
1765 3249 1825 3319 eius
1853 3250 1938 3306 edeta

316 3334 514 3390 antenatus
536 3349 645 3406 quoque
669 3333 705 3390 de
731 3341 820 3390 castro
834 3332 989 3390 Retortorio
1012 3334 1079 3405 (5⁸),
1134 3335 1321 3410 eleemosynas
1334 3336 1405 3392 inter
1418 3352 1518 3393 manus
1531 3338 1715 3410 erogantium,
1725 3338 1799 3411 quod
1810 3336 1939 3395 nonnulli

276 3425 306 3479 ia
320 3423 412 3478 villam
429 3422 677 3493 cavariacumlbtl)
698 3439 761 3493 quaa
784 3422 851 3493 juris
868 3430 909 3477 est
926 3421 1081 3478 monasterii
1133 3431 1271 3493 asserunt,
1296 3426 1463 3496 suscepisset
1495 3426 1706 3483 incrementum.
1737 3426 1857 3498 Coubgit
1884 3426 1939 3482 boc

276 3512 476 3579 cluniacensis,
509 3511 702 3568 exactionibus
734 3511 852 3568 insolitis
885 3510 1080 3578 debacchatus,
1095 3482 1279 3580 cttdemaro,
1293 3511 1476 3584 dispensatori
1490 3512 1716 3571 benedictionum
1730 3512 1938 3584 eerviDei‚qui

273 3600 394 3655 similem
421 3615 512 3670 poeuae
540 3599 667 3656 sustinuit
694 3598 832 3655 ultionem.
850 3597 901 3654 llic
922 3597 1081 3669 aliquandiu
1132 3601 1352 3675 postmodumiu
1365 3599 1825 3672 abbatemetsoientiepromoveri
1835 3599 1937 3656 meruit

272 3690 411 3760 patienter
424 3688 565 3755 toleratus,
575 3687 675 3743 deinde
690 3703 739 3758 per
757 3686 897 3758 principes
911 3693 939 3741 et
951 3684 1080 3740 ecclesia·
1133 3699 1161 3746 et
1174 3690 1240 3744 vita.
1257 3689 1294 3756 la,
1311 3687 1487 3759 quoeegeuis
1501 3703 1536 3743 ex
1551 3687 1664 3742 abbatis
1679 3694 1821 3759 praecepto
1834 3687 1935 3742 distri-

272 3778 356 3832 sticas
368 3776 524 3832 admonitus
545 3791 688 3848 personas,
703 3783 733 3830 ut
752 3790 769 3829 c
795 3773 942 3843 tyrannicis
963 3771 1079 3828 ctesistc-
1132 3779 1242 3845 buaret,
1268 3775 1381 3832 seorsim
1410 3775 1506 3831 decem
1530 3773 1635 3831 sohdos
1659 3789 1779 3845 ponem,
1804 3787 1868 3832 cum
1888 3789 1939 3846 per

273 3874 317 3921 ret
329 3865 443 3933 injuriis,
459 3881 519 3921 cum
537 3880 634 3921 omues
648 3879 726 3934 acque
740 3870 889 3932 sperneret,
902 3869 986 3916 toturn
1001 3859 1082 3929 hujus
1133 3871 1219 3922 toturn
1226 3875 1353 3919 mensem
1361 3862 1455 3932 potius
1462 3878 1509 3918 ecs
1518 3861 1662 3920 effundere
1669 3861 1844 3933 paoperibus
1852 3877 1936 3934 quam

273 3953 314 4008 rei
330 3953 470 4024 negotium
485 3954 515 4006 B·
530 3950 723 4024 11118010011ni
745 3949 873 4020 &plisloe
885 3947 1030 4014 wmmissils
1044 3946 1081 4002 td
1132 3953 1198 4010 dare
1213 3953 1359 4018 videretur,
1373 3951 1547 4022 dispendium
1562 3959 1653 4008 tamea
1669 3952 1698 4007 iu
1720 3951 1866 4008 distributo
1881 3965 1937 4007 noa

274 4057 357 4114 quem
375 4041 423 4096 ille
445 4056 604 4108 cantemus,
628 4039 759 4096 adversus
781 4037 929 4108 praefatum
952 4035 1080 4092 munem
1132 4041 1216 4098 sensit
1235 4046 1362 4114 argento.
1382 4037 1456 4096 Ecce
1480 4039 1627 4111 Sarepteui
1648 4039 1705 4096 olei
1733 4039 1935 4096 incrementum

273 4129 404 4198 lacrymis
427 4137 457 4184 et
481 4129 586 4200 gemitu
612 4127 845 4199 promptissimum
876 4125 938 4194 ejus
961 4125 1082 4195 postulat
1132 4127 1538 4200 maerensmtumffirutiam
1561 4127 1933 4202 superimpendimus

274 4218 409 4274 auxilium
425 4235 432 4270 τ
447 4218 507 4272 Noc
523 4230 605 4272 mort
620 4234 627 4270 ε
643 4229 738 4286 proc&
756 4213 863 4270 abbatis
883 4212 1026 4268 excudit&
1040 4212 1080 4268 rei
1131 4220 1210 4276 enim
1225 4217 1317 4274 mdoae
1331 4231 1381 4272 res
1392 4215 1491 4286 adfuit,
1506 4217 1602 4273 oleum
1617 4216 1710 4279 fluxim
1731 4217 1809 4272 stetit
1831 4224 1933 4283 autem,

275 4314 393 4362 eventus
424 4305 553 4360 ostendii·
591 4303 643 4360 1¹¹0
678 4303 821 4368 nimitum·
861 4317 942 4356 ⁸0⁰⁸ss
977 4300 1080 4369 Pflss'lffl'
1131 4315 1278 4378 postquam
1292 4303 1379 4360 defuit
1398 4320 1452 4360 vas
1476 4305 1643 4374 postulanti.
1667 4303 1713 4360 Sic
1735 4312 1765 4360 et
1784 4302 1932 4372 taenara,

275 4394 378 4451 emisso
390 4402 416 4449 et
435 4393 508 4459 visat,
532 4407 644 4447 suorum
663 4390 789 4446 manibus
808 4389 843 4444 ad
867 4390 978 4445 domum
991 4387 1080 4444 defen·
1131 4396 1206 4467 quod
1220 4395 1298 4448 daret
1311 4390 1751 4463 pauperibus,dumfldesedfuit,
1762 4390 1930 4452 nondeftrit;

276 4491 329 4546 tur,
343 4483 459 4538 confusa
473 4480 590 4553 loquens
602 4480 704 4544 omnia,
713 4486 747 4534 et
760 4479 917 4534 suscitatam
927 4477 1079 4532 adversum
1131 4483 1222 4540 defuit
1233 4490 1336 4549 sutem,
1352 4477 1435 4536 simul
1449 4486 1476 4535 et
1489 4479 1555 4536 deta
1570 4479 1690 4552 gloriam
1701 4479 1760 4536 beo
1769 4477 1934 4534 etiuflrmeri

279 4586 311 4625 se
325 4569 391 4638 justi
406 4569 510 4624 iudicia
524 4566 740 4639 indignationem
755 4565 816 4621 aliis
835 4579 944 4636 quoque
962 4563 1079 4620 demon·
1131 4573 1187 4628 flue
1200 4571 1292 4644 coepic,

279 4667 369 4712 straus
382 4656 500 4712 indiciis.
515 4657 583 4726 ujus
610 4656 681 4710 enim
706 4655 806 4722 lectus,
826 4653 853 4708 in
871 4661 951 4707 nocte
974 4652 1017 4704 nis
1043 4667 1077 4706 ao
1167 4660 1303 4716 36,1dem
1329 4667 1473 4730 praterea,
1488 4673 1549 4714 cum
1571 4656 1625 4713 sibi
1646 4671 1749 4712 novem
1772 4659 1876 4712 tautum
1895 4671 1935 4711 es·

275 4761 382 4812 0⁰⁰⁸⁰⁸a
397 4745 475 4799 illum
489 4761 560 4816 90⁰0
573 4743 667 4800 debili)
690 4742 860 4812 ⁰⁰¹¹⁵¹¹¹¹¹lleit
879 4740 1017 4809 ἱῦθθῦᾰὶθ,
1032 4739 1080 4810 (1¹¹i
1131 4758 1194 4804 seat
1208 4748 1315 4805 denarii
1338 4763 1442 4820 eosque
1462 4746 1585 4802 dedisset
1608 4743 1714 4801 mulieri
1743 4743 1933 4816 paupercule,

275 4834 420 4890 sanctuarii
436 4835 636 4904 possessionem
654 4830 843 4887 exactionibus
865 4829 994 4884 indebitis
1014 4833 1118 4894 con-1)
1132 4839 1258 4894 inventos
1272 4837 1390 4908 apudsa
1410 4833 1568 4907 quindecim
1590 4849 1691 4889 aureos
1712 4831 1811 4888 obtulit
1824 4830 1931 4890 abbati.

275 4922 402 4977 sumebat
419 4928 444 4976 et
459 4920 573 4990 rapinis.
590 4917 695 4987 Quibus
715 4918 762 4974 ille
776 4916 897 4988 flagellis
909 4924 1027 4980 coactus,
1042 4915 1079 4972 ed
1133 4925 1210 4995 Quos
1224 4925 1422 4998 magnanimus
1433 4924 1523 4980 abbas
1538 4921 1631 4979 aarum
1651 4920 1681 4977 in
1697 4922 1763 4976 sinu
1778 4935 1934 4992 pauperum

276 5027 307 5064 se
335 5009 442 5066 taudem
471 5009 633 5070 resarcitum
654 5008 766 5077 abjurat
788 5006 958 5074 exactiones,
978 5004 1080 5060 damna
1132 5029 1271 5085 poponem
1297 5012 1448 5076 festinavit,
1472 5011 1562 5067 sciens
1585 5009 1692 5064 nullum
1715 5023 1814 5080 agrum
1835 5007 1934 5064 cultori

276 5097 401 5166 restituit,
418 5095 553 5168 pollicitus
576 5098 604 5152 in
625 5094 809 5151 sanctuarium
838 5093 947 5148 Domini
969 5087 1079 5148 senibil
1131 5101 1411 5172 „popm-gciusqugm
1425 5101 1520 5155 genum
1545 5111 1698 5169 pauperum
1721 5109 1932 5168 responsurum,

278 5187 409 5258 deinceps
431 5193 677 5258 praesumpturum.
703 5183 780 5240 Unde
802 5182 902 5238 fuctum
922 5189 966 5237 est
986 5186 1016 5236 at
1032 5180 1078 5250 qui
1132 5190 1261 5246 Probavit
1275 5189 1330 5246 hoc
1344 5191 1404 5260 ejus
1422 5185 1604 5243 Camerarius
1630 5186 1758 5252 tarento,
1779 5182 1933 5239 Valentiam

279 5362 431 5410 arcesserat
446 5353 536 5409 titulus
552 5355 731 5411 furonensis.
747 5349 1000 5419 quandollenricus
1015 5346 1078 5402 Gal·
1130 5355 1211 5404 notas
1225 5349 1258 5402 ad
1273 5345 1468 5402 bibliothecam
1483 5361 1499 5400 a
1514 5343 1689 5413 Queroetauo
1704 5342 1856 5414 productis.

278 5424 325 5481 liae
347 5442 394 5480 rea
418 5425 490 5480 hunc
517 5425 684 5488 conritetum,
709 5421 860 5475 Thctbsldo
884 5427 910 5474 et
942 5419 1078 5487 Stephano
1167 5420 1224 5489 (58)
1240 5419 1370 5473 Castrum
1385 5416 1579 5482 lictortorium,
1600 5415 1712 5488 liugoni
1729 5411 1932 5496 monachulis·

279 5497 414 5562 ablatum,
439 5511 511 5550 euno
524 5496 591 5548 1037
608 5491 742 5547 transtulit
755 5493 781 5544 iu
795 5491 896 5544 dictum
912 5487 1077 5543 Golia-idum.
1132 5489 1300 5557 tortarium,
1316 5489 1398 5558 vulgo
1413 5487 1536 5552 Riottcr,
1548 5485 1830 5553 adtrarimlluaturn,
1842 5491 1932 5540 tater-

316 5567 373 5635 (57)
401 5566 506 5636 Nempe
533 5565 769 5623 bartholomaeum,
800 5557 1078 5626 dicioris-llonasterii
1131 5559 1230 5614 ritorio
1245 5559 1437 5631 lugdunensi.

281 5636 422 5702 abbatem,
438 5637 580 5706 ipsumque
598 5633 803 5698 monasterium,
828 5629 1027 5710 unuqutsimae
1051 5633 1081 5684 et
1168 5629 1228 5702 (59)
1246 5631 1324 5685 ldem
1339 5629 1380 5684 liu
1402 5644 1418 5684 o
1443 5627 1642 5691 Cboucrioeua,
1664 5625 1802 5694 suspicor,
1827 5625 1932 5704 mutato

281 5709 453 5762 inconcussae
465 5714 575 5760 eatenus
589 5703 768 5759 immunitatis
776 5700 1078 5772 privilegiisgaudena,
1133 5715 1206 5756 nuuc
1218 5718 1234 5754 r
1247 5700 1275 5754 in
1292 5701 1312 5766 t,
1327 5645 1401 5754 plag
1412 5715 1477 5754 esse
1491 5699 1566 5768 quod
1586 5697 1761 5779 Gbuufuittea
1775 5701 1888 5750 notetur
1901 5709 1930 5774 ru

279 5795 337 5832 suae
364 5779 474 5832 volebat
501 5775 627 5846 potestati
650 5772 800 5842 subjicere,
831 5778 894 5825 eta
914 5769 1080 5824 sebeculum
1133 5770 1257 5841 meppia,
1273 5769 1558 5841 quasiCevaliacum,
1577 5769 1709 5825 Cluuteco
1724 5763 1933 5821 usamtaucs

282 5848 456 5916 pastoralem
479 5847 540 5901 sive
561 5843 756 5900 investituram
787 5843 874 5902 sunri;
904 5849 933 5895 ut
965 5839 1083 5894 liabetur
1134 5841 1438 5910 uua,iutar1trerimet
1452 5840 1582 5912 Ligerim.

284 5919 383 5974 diffuse
405 5919 433 5974 in
462 5918 535 5972 aletis
563 5915 693 5971 comitum
731 5911 982 5994 Audegap'eusium,
1012 5910 1083 5966 inter
