4750 6725
315 602 380 656 lost

809 603 1020 661 DlSl‘UTATlO
1034 606 1142 661 JUDAEI
1157 605 1230 663 CUM
1246 606 1467 666 cuntsrtta'o.

1899 614 1970 666 tosa

310 745 401 799 erant.
417 746 447 798 ln
462 745 643 801 accidentium
658 745 729 801 enim
745 746 922 817 quorumdam
943 745 1114 815 alteratione,
1129 732 1157 791 Α
1173 758 1277 825 umbra,
1292 765 1462 830 ernunquam
1478 760 1506 815 10
1529 759 1627 815 eodem
1654 766 1723 815 siaiu
1745 769 1886 831 permanet
1914 763 1972 831 (ιο),

311 839 343 885 ut
357 848 421 885 cum
436 833 519 889 homo
533 833 611 905 niger
629 832 657 887 lit
671 833 760 903 albus,
776 850 824 889 sau
839 834 1011 905 albusniger,
1022 850 1116 905 soper-

311 920 439 975 veniente
446 919 541 989 altero,
552 922 741 991 petitomoino
751 922 874 977 alterum.
897 923 934 975 At
952 937 1014 977 cum
1032 923 1115 977 bomo

312 1006 480 1076 fitarmatuS,
503 1009 561 1065 slve
583 1017 748 1076 exarmatus,
772 1010 814 1067 vcl
839 1025 873 1066 ex
891 1010 964 1065 nudo
993 1010 1112 1078 indutus,

311 1112 364 1151 scu
379 1112 414 1150 ex
428 1096 521 1152 induto
536 1098 632 1165 nudus,
649 1098 717 1152 nibil
732 1112 843 1168 prorsus
857 1097 885 1152 in
900 1114 930 1152 se
945 1097 985 1152 sic
1012 1098 1113 1152 altera-

310 1187 359 1239 tus
374 1184 456 1239 homo
472 1184 515 1239 vel
530 1184 637 1255 accipit,
652 1185 813 1241 velamittit.
827 1184 950 1255 Suscepit
960 1200 1029 1258 orgo
1040 1187 1114 1241 Ucue

311 1271 453 1328 bominem
472 1272 500 1327 in
528 1272 660 1327 unitatem
688 1284 825 1344 personae,
850 1274 968 1345 ingenita
994 1274 1113 1330 bonitate

312 1376 376 1427 sua,
387 1376 442 1415 non
453 1368 556 1426 nostro,
569 1369 597 1415 et
610 1362 694 1416 multa
713 1362 885 1429 necessitate,
900 1377 955 1425 non
976 1377 1035 1431 sua,
1063 1362 1114 1418 sad

309 1452 415 1517 nostra,
432 1449 576 1503 etrationc
604 1464 717 1519 magna,
743 1449 848 1520 tibique
876 1448 1063 1519 approbanda,
1091 1450 1114 1505 si

310 1536 407 1591 audita
421 1536 463 1591 vis
478 1535 521 1591 vel
536 1536 705 1591 rationaliter
719 1537 873 1605 admittere,
891 1537 935 1592 vel
963 1537 1112 1592 rationabi-

310 1624 375 1679 liter
384 1624 539 1679 excludere.
557 1624 760 1694 Scripturas-um
773 1640 839 1680 vcro
867 1625 1013 1679 auctoritas
1041 1640 1112 1680 exa-

311 1721 355 1767 cto
383 1714 403 1745 ⁷⁹
439 1728 518 1767 sensu
545 1711 730 1783 interpretata,
757 1714 804 1767 sed
831 1719 884 1767 tam
920 1713 1033 1768 evidens
1064 1712 1112 1768 tibi

312 1802 465 1870 apponetur
481 1798 514 1869 ⁸⁰,
530 1804 561 1854 ut
575 1800 613 1854 nil
627 1800 782 1871 excogitare
801 1816 893 1870 queas,
921 1800 993 1871 quod
1020 1808 1113 1855 contra

312 1892 467 1959 apponatur
480 1887 520 1943 ⁸¹.
544 1888 621 1942 Nosti
643 1888 771 1959 quoniam
801 1888 915 1944 Genesis
942 1888 1113 1958 apertissime

313 1976 486 2031 commendat
501 1975 617 2047 qualiter
632 1976 715 2031 bomo
729 1978 834 2045 primus
847 1976 882 2032 sit
896 1976 1032 2043 conditus,
1060 1992 1114 2045 qua

1169 862 1226 914 xxv,
1242 850 1268 912 l,
1282 847 1321 915 2).
1340 868 1352 895 s
1369 847 1436 902 Post
1448 848 1519 903 hanc
1546 848 1663 919 denique
1691 849 1908 920 qualemcunque
1926 852 1972 905 vi-

1168 940 1233 999 tam,
1245 934 1391 989 morientes
1404 951 1460 1007 quo
1474 943 1537 991 tuna
1549 935 1627 990 ibant
1653 936 1667 988 l
1694 936 1783 992 Nemo
1808 937 1836 990 in
1859 936 1970 1005 coelum,

1168 1021 1217 1075 sed
1230 1035 1323 1076 omnes
1351 1022 1379 1075 in
1406 1021 1541 1077 infernum
1570 1039 1576 1084 ;
1605 1030 1694 1078 tamen
1724 1023 1788 1091 justi
1816 1040 1866 1093 spe
1898 1024 1971 1080 bona

1168 1108 1241 1179 quod
1255 1108 1290 1162 ab
1312 1108 1412 1163 inferis
1439 1125 1490 1179 per
1517 1109 1651 1164 Christum
1679 1118 1845 1179 eruerentur,
1869 1119 1896 1165 et
1925 1128 1974 1182 per

1168 1204 1304 1259 Christum
1319 1205 1354 1260 ad
1368 1222 1480 1276 superos
1493 1207 1521 1261 in
1538 1208 1637 1263 coelum
1664 1208 1757 1263 revehi
1786 1215 1968 1263 mererentur.

1168 1292 1236 1347 dudi
1255 1294 1347 1348 Patras
1374 1294 1603 1350 eminentissimos
1625 1296 1653 1350 id
1682 1304 1775 1366 aperta
1803 1311 1871 1351 voce
1901 1312 1972 1352 con-

1167 1388 1317 1436 testantes:
1336 1404 1348 1429 ι
1366 1381 1549 1448 Descendam,
1589 1384 1677 1453 inquit
1698 1384 1783 1439 Jacob
1811 1384 1973 1453 patriarcba,

1166 1467 1264 1540 lugens
1277 1466 1362 1525 filium
1375 1486 1466 1524 meum
1480 1470 1509 1523 in
1523 1469 1658 1524 infernum
1671 1470 1757 1540 (Gen.
1772 1487 1878 1541 xxsvn,
1890 1474 1945 1542 35).
1958 1495 1969 1519 ι

1167 1558 1202 1611 Εῑ
1215 1555 1280 1610 alibi
1296 1558 1330 1611 ad
1345 1556 1416 1612 lilios
1430 1573 1493 1613 suos
1511 1576 1518 1613 ε
1536 1582 1547 1605 u
1566 1557 1710 1613 Deducctis
1720 1574 1803 1613 canos
1817 1576 1892 1615 meos
1910 1576 1972 1615 cum

1166 1644 1262 1699 dolore
1277 1644 1311 1699 ad
1326 1645 1426 1700 inieras
1442 1646 1522 1715 (Gen.
1538 1661 1603 1714 san,
1614 1647 1672 1715 38).
1694 1668 1705 1694 ι
1722 1646 1798 1701 Unde
1825 1654 1853 1702 et
1879 1646 1976 1702 beatus

1166 1731 1227 1799 Job,
1243 1732 1296 1800 cui,
1313 1733 1429 1789 Domino
1455 1737 1597 1788 attestante
1625 1731 1675 1802 ⁸⁴,
1703 1733 1747 1787 vir
1774 1749 1830 1788 non
1857 1742 1914 1789 erat
1941 1734 1969 1789 in

1167 1819 1346 1875 terrasimilis
1369 1821 1428 1890 (lob
1451 1838 1473 1890 r,
1502 1824 1529 1891 8)
1559 1839 1566 1874 :
1596 1821 1730 1887 lnlernns,
1758 1820 1856 1892 inquit,
1876 1822 1973 1877 domus

1167 1923 1228 1962 maa
1242 1916 1291 1974 est,
1308 1916 1335 1963 et
1353 1908 1381 1963 in
1407 1908 1530 1965 tenebris
1557 1908 1641 1964 stravi
1666 1910 1768 1964 lectum
1795 1925 1887 1965 meum
1914 1911 1973 1979 (lob

1167 2010 1236 2063 xvu,
1266 1996 1321 2065 la).
1353 2019 1365 2044 a
1382 1997 1488 2052 Tamen
1498 1996 1670 2052 liberationis
1684 2004 1870 2068 spearrcpius,
1884 1997 1967 2067 paulo

313 2063 446 2135 (Ῑῑὲὓῖῑθῑθ
461 2063 502 2117 ⁸¹¹5
516 2070 659 2132 llfae⁵2⁸¹¹⁵2
675 2067 703 2119 02
715 2079 770 2135 (illst
784 2064 933 2119 ‘mineum
948 2078 1030 2134 sulm
1057 2079 1114 2118 θῶ-
1128 2072 1154 2133 Β
1169 2090 1231 2153 post
1245 2083 1349 2138 addidit
1365 2102 1371 2138 :
1391 2106 1401 2131 ι
1417 2083 1482 2139 Scio
1502 2084 1575 2155 quod
1600 2084 1766 2156 Redemptor
1794 2100 1869 2139 meus
1894 2083 1971 2152 vivit,

314 2160 369 2205 tera
385 2160 462 2207 terrae
476 2152 622 2205 animantia
646 2158 704 2206 erat
731 2151 849 2221 positus.
880 2173 891 2199 n
921 2150 1114 2219 Dominamini‚

312 2238 409 2309 inquit,
425 2238 545 2310 piscibus
569 2238 661 2307 maris,
691 2246 719 2293 et
745 2237 899 2293 volatilibus
924 2238 996 2307 coeli,
1021 2238 1116 2293 bestiis

314 2334 394 2383 terrae
409 2336 435 2383 et
449 2326 522 2382 omni
536 2326 625 2395 reptili
641 2326 714 2397 quod
728 2333 852 2382 movetur
879 2326 908 2380 in
937 2334 1007 2381 terra
1035 2326 1114 2396 (Gen.

313 2430 334 2481 t,
350 2416 406 2484 28).
426 2434 437 2464 ι
455 2414 532 2470 Unde
546 2414 653 2484 accepit
667 2428 684 2469 a
699 2414 1009 2470 Decretitimandatum
1025 2430 1057 2469 r«
1074 2414 1116 2468 Ex

318 2510 404 2577 omni,
419 2510 519 2581 inquit,
535 2508 610 2581 ligno
625 2508 741 2581 paradisi
752 2509 866 2565 comede
881 2528 888 2571 ;
904 2509 1116 2581 delignoautem

317 2596 633 2653 scientiaebonietmali
662 2613 697 2652 ne
724 2598 866 2652 comedas.
899 2599 929 2653 ln
958 2612 1118 2669 quacunque

318 2685 363 2741 die
375 2684 525 2741 comediris
535 2700 568 2739 ex
583 2699 616 2740 eo
631 2687 666 2751 ⁸³,
683 2693 771 2740 morte
782 2684 906 2740 morieris
923 2684 1005 2753 (Gerr.
1022 2700 1052 2751 n,
1071 2687 1116 2752 to,

320 2774 374 2845 Π).
393 2796 404 2821 n
421 2775 484 2829 Non
498 2772 596 2829 leviter
610 2780 668 2829 erat
677 2772 866 2845 accipiendum
877 2774 950 2843 quod
967 2773 1019 2828 sub
1044 2779 1117 2827 tanto

317 2861 479 2917 invectionis
504 2860 652 2917 maledicto
680 2860 792 2917 vetitum
821 2868 892 2917 erat.
917 2860 999 2916 Nulla
1025 2867 1118 2915 tamen

317 2949 478 3005 necessitate
493 2956 611 3013 coactus,
631 2948 679 3003 sed
691 2949 804 3019 propria
817 2949 954 3004 voluntate
976 2948 1117 3015 subactus,

317 3052 422 3093 rnorem
437 3052 536 3110 gerens
550 3036 637 3106 uxori,
664 3036 776 3091 obedire
804 3035 902 3092 maluit
928 3036 1008 3092 uxori
1036 3051 1118 3109 quam

1169 2176 1195 2225 el
1209 2169 1390 2225 innovissimo
1409 2170 1454 2226 die
1476 2170 1511 2226 de
1540 2174 1612 2225 lerra
1635 2179 1807 2227 surrecturus
1835 2187 1892 2225 sunt
1915 2171 1973 2241 (lob

1169 2273 1231 2325 xix,
1245 2258 1303 2328 ο25).
1322 2281 1333 2307 n
1358 2257 1411 2326 Qui
1427 2259 1635 2329 lledemptorem
1653 2263 1803 2328 attestatur,
1829 2259 1972 2317 remanda-

1170 2354 1226 2400 tum
1236 2361 1284 2401 seu
1299 2347 1463 2416 captivatum
1479 2347 1599 2403 sciuisse
1609 2346 1648 2416 ⁸⁸,
1663 2356 1690 2402 et
1717 2348 1887 2417 redemptum
1909 2362 1971 2401 esse

1169 2448 1225 2487 non
1239 2432 1386 2489 inficiatur.
1402 2434 1472 2488 nudi
1488 2442 1514 2489 et
1527 2434 1637 2489 beatum
1651 2435 1740 2490 David
1767 2452 1774 2487 ι
1798 2457 1809 2483 n
1836 2436 1909 2489 Deus
1927 2450 1973 2489 ra·
2058 2499 2064 2509 ἱ

1170 2520 1256 2576 dimet
1269 2522 1388 2577 animam
1403 2538 1492 2576 maern
1506 2523 1540 2578 de
1554 2538 1636 2578 manu
1657 2523 1750 2591 inferi,
1764 2537 1826 2577 cum
1854 2535 1974 2594 accepe-

1170 2608 1205 2664 rit
1215 2624 1259 2665 me
1273 2610 1367 2679 (Paul.
1383 2625 1480 2679 remu,
1503 2610 1548 2673 ldl
1574 2628 1581 2673 ;
1609 2634 1625 2660 a
1646 2619 1673 2666 et
1686 2617 1828 2681 acceptam
1851 2610 1916 2665 dicit
1939 2609 1974 2664 ab

1171 2696 1266 2752 inseris
1285 2711 1406 2753 animam
1433 2714 1511 2753 suam
1534 2707 1561 2755 et
1588 2698 1785 2754 redimendam
1808 2696 1844 2752 ab
1878 2697 1976 2752 iniero.

1170 2785 1249 2841 Unde
1272 2793 1299 2840 et
1327 2786 1394 2841 alibi
1422 2787 1560 2842 exsultans
1588 2786 1654 2842 dicit
1676 2804 1683 2840 z
1702 2785 1829 2854 Domine,
1858 2784 1975 2842 eduxisti

1172 2875 1207 2929 ab
1216 2874 1325 2931 inferno
1339 2874 1457 2930 animam
1478 2891 1578 2943 meam,
1603 2874 1714 2931 salvasti
1745 2889 1789 2929 me
1813 2888 1829 2927 a
1858 2874 1975 2927 descen·

1172 2962 1300 3018 dentibus
1323 2963 1353 3017 in
1370 2963 1460 3034 lacum
1488 2962 1575 3036 (Paul.
1600 2978 1676 3029 xxix,
1700 2965 1739 3033 l).
1770 2987 1783 3009 ι
1822 2960 1871 3016 Cui
1898 2960 1974 3035 dicit,

1174 3072 1186 3099 o
1207 3049 1332 3119 eduxisti,
1348 3051 1470 3118 salvasti,
1488 3074 1499 3100 u
1516 3051 1567 3105 nisi
1578 3051 1631 3107 οῖ’·
1663 3052 1697 3105 de
1707 3065 1761 3120 quo
1770 3049 1860 3104 inalio
1868 3049 1975 3119 psalmo

318 3124 529 3198 Plffloelwnssi·
546 3124 754 3197 Teliiissffllillfls
771 3132 797 3179 θῑ
824 3124 980 3180 θθῐῃθᾶθῐᾶῑ
1010 3143 1016 3189 l
1046 3124 1120 3180 dedii
1172 3138 1253 3193 dicit:
1273 3161 1285 3188 o
1302 3140 1356 3194 lter
1370 3138 1451 3194 lacitc
1466 3138 1502 3206 ei,
1519 3139 1564 3209 qui
1580 3138 1701 3193 ascendit
1729 3152 1813 3209 super
1835 3151 1976 3209 occasum,

323 3214 391 3281 lim,
407 3212 565 3269 0l00m0ffil
594 3230 601 3275 ἶ
631 3220 659 3267 0²
685 3213 795 3283 U‘llllffl
818 3212 967 3269 ffl⁰lde¹¹d⁰
997 3212 1117 3281 vellium,
1171 3225 1305 3281 Dominus
1316 3242 1416 3281 nornen
1431 3226 1470 3281 illi
1484 3226 1573 3298 (Psoi,
1589 3242 1673 3295 cxrn,
1689 3227 1727 3296 5).
1745 3250 1758 3273 ι
1785 3227 1819 3280 Et
1846 3224 1975 3295 quoniam

322 3300 418 3355 mortis
433 3306 460 3355 et
474 3298 659 3354 damnationis
673 3298 810 3354 subierunt
823 3299 1120 3355 maledictumlnobe·
1176 3313 1249 3370 solus
1264 3313 1500 3385 ascendefflsupe,
1527 3328 1661 3372 <mensum
1692 3312 1787 3381 noluit,
1816 3312 1878 3369 audi
1904 3312 1977 3383 quod

322 3389 401 3445 diens
415 3389 473 3444 Ileo
488 3389 574 3443 Adam
587 3387 698 3444 effectus
725 3396 778 3456 est,
806 3387 930 3458 protinus
953 3404 1113 3444 concessum
1136 3403 1319 3482 Gpfflrmisffl
1334 3403 1438 3458 addidi,
1451 3401 1494 3459 π,
1516 3426 1527 3451 „
1544 3403 1703 3458 ,mpudens
1717 3403 1744 3456 jn
1764 3400 1858 3471 apum,
1887 3399 1977 3470 capp.

321 3492 401 3534 omne
414 3477 460 3546 jus
475 3475 574 3544 amisit,
589 3492 730 3531 excussum
752 3475 861 3533 ditionis
887 3492 950 3532 suae
974 3477 1073 3548 jugum
1105 3492 1121 3530 a

327 3564 432 3620 caeteris
454 3563 636 3618 animantibus
660 3563 753 3634 sensit,
774 3567 802 3619 et
828 3564 985 3634 dignitatem
996 3565 1041 3618 sui
1066 3564 1122 3633 jam

319 3651 478 3718 amittendo,
494 3650 642 3706 nuditatem
656 3667 733 3706 suam
756 3649 871 3716 erubuit,
899 3659 925 3706 et
952 3665 1060 3706 currens
1088 3649 1123 3704 ad

320 3739 385 3796 lolia
399 3739 453 3808 lici,
470 3739 624 3810 pudendam
641 3738 826 3793 membrorum
838 3736 1028 3808 turpitudinem
1053 3751 1123 3807 ope-

321 3829 383 3884 ruit.
398 3828 440 3882 Ab
454 3829 531 3882 hoste
546 3825 630 3898 igitur
644 3824 757 3892 seducti,
774 3825 898 3894 hostique
913 3824 1026 3893 turpiter
1053 3823 1120 3878 sub-

322 3915 386 3984 acti,
402 3914 509 3971 moxde
524 3913 651 3986 paradiso
672 3911 825 3984 voluptatis,
841 3912 867 3966 in
883 3926 936 3983 quo
955 3919 1041 3981 arant,
1062 3915 1125 3968 sunl

321 4003 440 4076 expulsi,
456 4003 599 4059 obseratus
614 4009 655 4058 cst
669 4001 788 4073 paradisi
817 4001 914 4070 aditus,
944 4000 1045 4072 positus
1072 4007 1123 4072 cst,

323 4093 358 4147 ad
374 4090 578 4148 custodiendam
594 4091 664 4146 viam
679 4089 747 4162 ligni
765 4089 838 4158 vita,
854 4087 963 4160 gladius
974 4088 1021 4144 ille
1037 4104 1126 4145 versa

324 4181 378 4234 tilis
392 4187 418 4236 ct
433 4180 581 4234 flammeus.
598 4179 705 4235 Gratias
720 4179 778 4234 Deo
792 4177 855 4248 quia
870 4176 988 4232 licetille
1017 4177 1126 4249 gladius

325 4267 499 4324 llammeus⁸⁸
519 4273 655 4335 erat,non
678 4273 768 4322 tamen
797 4266 825 4318 in
854 4272 1012 4336 perpetuum
1045 4264 1124 4333 linus,

327 4357 375 4412 sed
401 4355 535 4412 versatilis
563 4361 630 4424 erat,
659 4353 722 4426 qula
750 4354 914 4424 quandoque
941 4352 1126 4409 misericordia

326 4444 374 4500 Uei
389 4451 448 4500 erat
462 4443 654 4500 removendus.
670 4441 798 4498 Infelices
812 4442 904 4513 itaque
919 4449 946 4496 et
961 4441 1052 4496 miseri
1072 4457 1124 4510 pa-

326 4539 572 4604 rantcsgenuerunt
587 4529 659 4586 filios
674 4529 725 4584 snb
752 4530 845 4584 eadem
876 4528 971 4584 mortis
997 4537 1024 4584 ct
1042 4529 1125 4584 mise-

326 4621 425 4677 riarum
439 4619 594 4676 conditione
607 4618 728 4691 genitos.
748 4617 789 4671 nd
813 4616 934 4672 laborem
962 4617 1126 4672 nascebatur

326 4710 419 4778 bomo,
435 4709 470 4764 ad
481 4708 606 4764 laborem
623 4705 790 4762 moriebatur
812 4706 893 4760 homo
924 4723 930 4769 ;
959 4704 986 4760 in
1011 4705 1125 4777 peccatis

328 4798 547 4869 concipiebatur,
558 4795 585 4850 in
600 4795 740 4850 doloribus
754 4793 958 4864 parturiebatur,
990 4793 1072 4849 miser
1094 4794 1128 4849 ad

328 4901 463 4941 aerumnas
479 4890 505 4940 et
519 4883 626 4938 labores
641 4883 811 4937 nascebatur.
829 4904 840 4932 u
859 4883 889 4936 ln
917 4882 1013 4938 sudore
1039 4883 1129 4939 vultos

330 4975 377 5042 toi,
396 4997 406 5023 ι,
422 4970 632 5028 dixitUominus
645 4971 683 5024 ad
697 4971 794 5038 Adam,
814 4993 825 5020 s
846 4971 963 5027 vesceris
974 4987 1045 5041 pane
1070 4979 1130 5051 tuo,

330 5066 415 5120 donec
429 5057 578 5116 revertaris
592 5057 627 5112 ad
642 5065 738 5114 terram
754 5058 789 5112 de
803 5073 856 5127 qua
869 5066 993 5128 sumptus
1011 5073 1050 5126 ea,
1066 5059 1130 5129 quia

331 5174 448 5237 ,emeca
465 5155 533 5212 ciin
552 5161 650 5210 terram
676 5153 821 5210 reverteris
848 5152 932 5224 (Gerr.
963 5155 1001 5223 dr,
1029 5156 1084 5226 te).
1116 5177 1127 5204 a

330 5253 408 5312 Unde
424 5260 451 5308 at
465 5252 559 5308 beatus
573 5251 625 5307 lob
638 5249 694 5304 ait:
714 5271 725 5296 v
744 5250 845 5318 Homo,
861 5256 939 5304 natus
954 5250 988 5306 da
1004 5251 1126 5319 muliere,

330 5353 405 5412 brevi
419 5352 513 5410 vivens
541 5355 675 5421 ternpore,
691 5346 810 5417 repletur
823 5345 914 5402 multis
928 5347 1043 5404 miseriis
1060 5367 1066 5412 ;
1083 5349 1130 5421 qui

333 5451 411 5528 quasi
425 5447 637 5522 llosegreditur,
667 5451 693 5502 et
720 5443 875 5513 conteritur,
902 5452 929 5500 et
956 5446 1025 5520 fugit
1053 5448 1130 5504 velut

1176 3507 1240 3545 vam
1254 3492 1333 3546 duxit
1343 3489 1524 3560 captivitatem
1540 3491 1629 3561 (Psoi.
1649 3505 1736 3558 axvn,
1753 3492 1787 3542 te
1802 3487 1978 3559 ;prer.1v,

1175 3587 1217 3655 8).
1238 3608 1250 3633 ι
1267 3584 1395 3640 Ezechias
1403 3600 1512 3656 quoque
1526 3584 1671 3640 moriturus
1679 3584 1717 3638 ait
1733 3601 1740 3637 ε
1754 3583 1836 3654 uligo
1864 3582 1920 3638 dixi
1948 3581 1977 3637 iu

1177 3672 1290 3727 dimidio
1306 3671 1411 3726 dierum
1423 3687 1546 3726 meorum
1563 3689 1569 3725 :
1585 3671 1688 3725 Vadam
1715 3671 1752 3725 ad
1778 3679 1871 3740 portas
1895 3669 1976 3725 inleri

1177 3759 1254 3830 (lsai.
1270 3773 1385 3827 xxxrru,
1402 3758 1457 3830 lo).
1474 3780 1490 3809 a
1505 3759 1538 3813 Et
1549 3765 1645 3828 postea
1659 3757 1780 3812 subdidit
1796 3757 1876 3812 :a'l’u
1886 3764 1978 3812 autem

1176 3846 1272 3902 eruisti
1286 3845 1402 3901 animam
1412 3861 1512 3915 meam,
1528 3852 1556 3901 ut
1570 3861 1624 3899 non
1638 3845 1742 3914 periret
1769 3845 1861 3916 (leid,
1889 3845 1944 3913 l'l).
1963 3867 1975 3894 ι

1178 3935 1253 4001 llaeo,
1271 3935 1392 4005 inquam,
1408 3949 1472 4005 spes
1482 3934 1620 4003 justorum
1635 3939 1692 3987 erat
1719 3941 1783 3988 tunc
1803 3932 1977 3989 merientium

1177 4047 1259 4089 nemo
1273 4047 1341 4105 ergo
1354 4031 1382 4086 in
1400 4030 1501 4086 coelum
1518 4048 1524 4095 ;
1542 4030 1590 4087 sed
1604 4045 1708 4098 omnes,
1725 4032 1770 4101 qui
1785 4039 1850 4087 tunc
1877 4029 1980 4086 morie-

1178 4120 1286 4190 bantur,
1325 4119 1527 4177 descendebant
1555 4136 1582 4174 m
1608 4119 1753 4175 infernum.
1775 4118 1906 4193 Originali
1929 4119 1984 4175 ita-

1179 4225 1231 4280 que
1245 4213 1263 4242 '⁸
1290 4207 1381 4263 delicti
1410 4208 1601 4278 expiationem,
1630 4215 1657 4263 et
1683 4208 1817 4264 malorum
1845 4216 1981 4263 batorum

1179 4297 1382 4355 evacuationem
1397 4295 1457 4352 fieri
1484 4297 1637 4367 oportebat,
1662 4295 1735 4350 nullo
1763 4294 1872 4366 quidem
1895 4292 1984 4351 creati

1179 4385 1295 4440 bominis
1310 4384 1420 4452 merito,
1436 4385 1484 4438 sed
1498 4383 1620 4455 ingenita
1641 4383 1737 4453 optimi
1761 4381 1897 4438 Creatoris
1925 4381 1981 4438 bo-

1178 4472 1261 4528 nitate
1274 4481 1301 4528 et
1314 4472 1415 4544 gratia.
1430 4472 1472 4526 Ne
1484 4485 1552 4543 argo
1567 4471 1594 4524 in
1609 4477 1740 4526 aeteruum
1753 4470 1835 4525 bomo
1867 4469 1978 4541 periret,

1178 4559 1280 4617 restitui
1308 4559 1446 4615 bominem
1468 4558 1611 4630 oportebat
1640 4575 1646 4611 :
1677 4557 1778 4612 restitui
1800 4563 1891 4612 autern
1926 4572 1981 4613 non

1178 4656 1295 4719 poterat,
1309 4647 1360 4702 nisi
1376 4646 1593 4703 Dausbominem
1608 4651 1769 4713 assumeret,
1794 4644 1981 4700 necessitatem

1184 4745 1303 4791 nosuam
1311 4736 1422 4804 subiret,
1434 4743 1528 4790 noster
1550 4734 1706 4789 causidicus
1730 4741 1824 4789 contra
1846 4733 1982 4788 adversa-

1185 4825 1256 4879 rium
1272 4826 1329 4895 ipse
1344 4822 1429 4889 fieret,
1445 4831 1471 4878 ct
1484 4829 1583 4877 nostrae
1598 4821 1711 4876 actionis
1726 4820 1869 4892 negotium
1884 4835 1979 4892 agens,

1183 4929 1242 4968 non
1256 4911 1397 4968 suadendo
1411 4910 1447 4979 ⁸⁸,
1462 4911 1507 4964 sed
1519 4909 1593 4979 justo
1603 4909 1713 4964 rationis
1724 4908 1829 4979 judicio
1849 4909 1982 4964 edversa-

1184 5002 1255 5056 rium
1270 5002 1426 5068 excludens,
1442 5013 1550 5054 cauam
1564 5005 1684 5054 nostram
1699 4996 1798 5053 finiret.
1827 4997 1985 5053 destituen-

1184 5089 1235 5145 dus
1246 5090 1338 5161 itaque
1352 5089 1409 5144 Deo
1424 5087 1506 5142 bomo
1520 5092 1588 5155 erat,
1602 5100 1635 5140 ac
1648 5100 1697 5156 per
1711 5083 1849 5140 bominem
1863 5084 1909 5156 qui
1925 5085 1982 5140 Deo

1184 5177 1360 5247 semetipsum
1389 5175 1548 5231 abstulerat.
1585 5171 1652 5241 Quis
1666 5181 1757 5228 autem
1784 5173 1924 5228 bominum
1951 5172 1987 5228 de

1184 5264 1322 5320 communi
1336 5279 1425 5318 massa
1439 5259 1597 5334 perditionis
1612 5267 1690 5315 natus
1705 5259 1732 5314 id
1746 5259 1856 5330 explere
1882 5267 1977 5332 posset

1183 5370 1213 5416 ut
1227 5361 1357 5434 reliquam
1382 5359 1493 5416 humani
1516 5357 1626 5431 generis
1654 5373 1770 5414 mamam
1797 5357 1986 5414 restitueret?

1183 5450 1235 5506 Vix
1250 5451 1324 5506 enim
1339 5449 1391 5506 sibi
1403 5447 1509 5521 justitia
1522 5448 1653 5519 cujusque
1666 5445 1766 5502 sufficit
1781 5464 1788 5510 ;
1804 5461 1859 5502 non
1873 5453 1913 5503 est
1931 5446 1986 5502 im·

984 5569 1097 5626 vauls
1111 5573 1317 5631 Lacvtonss.

361 5675 444 5731 ⁷‘ida
467 5677 553 5739 llam,
571 5685 626 5726 non
656 5679 762 5726 exacto.
810 5670 887 5726 ”lla
910 5669 999 5734 llam,
1031 5679 1214 5740 opponentur.
1260 5669 1281 5700 ¹¹
1300 5673 1348 5728 lis.
1374 5673 1402 5730 S.
1434 5673 1507 5740 Gen,
1536 5677 1698 5742 apponatur.
1752 5668 1828 5726 ”lla
1854 5668 1882 5723 S.
1908 5667 1988 5741 Ger}

327 5750 408 5807 omit.
425 5762 516 5802 exeo.
533 5741 616 5798 ‘'llr.
636 5741 885 5812 S.Ger.‚gladlus
913 5739 974 5794 licet
997 5737 1147 5798 flammeus.
1175 5741 1196 5771 ⁸⁴
1221 5743 1464 5810 llo.S.Ger.,er
1487 5749 1564 5799 teste.
1592 5743 1612 5772 ⁸⁸
1638 5742 1687 5798 llo.
1717 5741 1751 5796 S.
1777 5739 1856 5806 Ger,
1885 5737 1976 5806 capti-

328 5837 392 5876 vum
419 5810 616 5889 seluglsse.“
641 5815 688 5870 tls.
722 5813 816 5882 llam„
845 5815 898 5871 oui.
927 5805 946 5838 '²
968 5805 1031 5868 llos.
1062 5813 1166 5884 Germ,
1188 5813 1320 5872 subdidit.
1374 5817 1394 5858 ⁸·
1427 5815 1474 5878 lle.
1498 5813 1531 5873 S.
1556 5808 1808 5890 Ger.,namque.⁸⁰
1829 5809 1986 5886 dietum,

329 5887 554 5950 oonsuadaudo.
