4750 6725
197 1195 198 1198 Ἴ
305 1146 483 1218 mimum„
498 1147 557 1204 Neo
569 1163 620 1218 pro
634 1149 689 1205 alia
703 1150 795 1222 aliqua
816 1152 986 1223 necessitate,
1011 1169 1072 1226 quae
1087 1155 1115 1209 in
1169 1173 1204 1212 ue
1217 1158 1253 1214 ad
1267 1157 1349 1216 finem
1368 1179 1446 1217 suurn
1459 1167 1653 1236 perduceretur
1669 1175 1852 1248 impedireritr

197 2087 198 2178 i
302 2110 489 2170 meliusrobis
503 2112 619 2181 ridetur,
635 2113 725 2170 tacite.
739 2115 845 2172 Domuo
869 2117 987 2175 ueneno
1008 2135 1106 2176 mona-

197 3231 198 3242 ,
297 3195 351 3251 ges
365 3193 428 3232 curn
442 3177 534 3248 aliquo
548 3177 623 3234 socio
637 3187 683 3234 aut
696 3194 747 3249 per
759 3180 828 3237 duos
842 3181 910 3238 ulios
923 3183 1030 3253 pedites
1040 3185 1106 3241 milri
1162 3209 1240 3259 cem
1269 3198 1333 3268 quia
1366 3203 1478 3271 quotide

311 581 366 636 η
945 579 1013 639 ur.
1035 585 1081 654 rv,
1108 585 1218 646 arrsr.
1238 591 1332 648 xur.
1914 623 1967 679 ero

312 701 434 758 devenit.
460 700 501 758 lle
514 702 679 776 presbyteris
699 704 746 776 qui
769 705 805 762 nd
833 705 962 764 mulieres
989 708 1156 774 dimissasA
1172 714 1217 784 gui
1241 731 1299 772 rem
1320 715 1468 790 diligenter
1487 724 1668 799 considerant,
1692 730 1879 809 intelligimus,
1911 757 1968 800 non

308 789 458 860 redierint,
474 791 618 848 consilium
632 794 758 864 mraesirit
772 811 788 850 a
801 796 835 852 lt.
853 797 882 852 P.
901 804 993 853 nostro
1021 799 1114 854 arclri-
1169 818 1231 858 mea
1249 805 1330 876 culpa
1344 807 1438 864 tandiu
1460 813 1624 871 extenditur.
1649 817 1780 882 Queritur
1800 826 1848 897 pio
1870 829 1968 888 affectu

308 880 440 951 episcopo
450 880 640 953 lugdunensia
665 883 712 954 qui
733 883 886 941 nullatenus
899 886 1039 944 consulere
1060 903 1116 945 ro·
1168 900 1258 948 resurr
1271 895 1432 952 excellentia
1446 900 1519 969 quod
1538 918 1600 960 mea
1614 906 1789 980 intemperies
1819 919 1969 990 tranquilli-

307 968 361 1023 luit
374 977 404 1024 ut
417 969 452 1024 ad
477 969 612 1026 Ecclesiae
632 971 749 1042 amplius
772 972 987 1043 admitterentur,
1014 975 1062 1032 sed
1085 984 1115 1032 ut
1169 988 1251 1038 tatem
1265 983 1348 1038 animi
1364 984 1467 1042 domini
1482 991 1536 1045 mei
1555 994 1628 1066 regis
1641 1004 1668 1052 et
1681 1014 1825 1069 procerum
1844 1009 1968 1078 ejustur·

306 1057 533 1128 potiusinlantes
551 1075 567 1115 a
582 1059 747 1130 quibuslibet
760 1062 866 1118 clericis
891 1064 934 1120 rel
962 1065 1039 1120 laicis
1067 1065 1115 1121 ba·
1169 1067 1283 1140 bavent,
1300 1079 1328 1126 et
1347 1074 1400 1128 lroc
1432 1075 1559 1134 desiderii
1578 1085 1659 1139 uestri
1685 1086 1786 1146 bonurn
1806 1093 1966 1169 iucoeptum,

1873 1202 1968 1244 Yel'llm

306 1234 618 1293 maenuasacerdotum
633 1239 703 1296 solet
725 1241 892 1313 confingere,
917 1242 1011 1298 laudnt
1040 1244 1113 1300 reci-
1167 1245 1198 1300 in
1218 1245 1313 1304 litteris
1334 1251 1442 1321 nostris,
1465 1253 1494 1308 in
1517 1259 1615 1327 quibus
1636 1261 1684 1319 illa
1710 1265 1885 1342 intemperies
1908 1293 1966 1334 esse

305 1324 427 1396 pieudos
440 1339 509 1382 esse.
523 1325 714 1384 Verumtamen
728 1329 782 1384 hoc
796 1330 868 1400 quod
884 1330 947 1386 dico
963 1339 990 1386 et
1015 1347 1113 1388 neces·
1168 1334 1277 1405 dicitur,
1293 1337 1360 1394 nibil
1373 1339 1558 1415 indiscretum,
1581 1349 1647 1406 nihil
1666 1354 1824 1429 absurdum,
1840 1367 1966 1433 quamvis

306 1413 417 1468 uinum
433 1429 515 1484 quum
530 1414 639 1484 ridetis,
655 1415 836 1487 considerate,
853 1427 879 1474 ct
894 1419 958 1490 quid
968 1419 1033 1475 milri
1043 1437 1113 1492 prae-
1166 1422 1220 1480 boc
1233 1424 1300 1481 milri
1314 1427 1397 1499 regiis
1417 1430 1514 1488 litteris
1530 1434 1666 1506 objectum
1688 1443 1731 1513 sit,
1747 1461 1806 1504 esse
1827 1456 1968 1524 cognosci-

304 1501 377 1557 senti
392 1501 578 1570 consuleretis,
596 1503 715 1561 admisso
729 1505 851 1576 episcopi
865 1507 989 1576 consilio,
1020 1509 1110 1566 tacite.
1167 1519 1219 1581 tur,
1233 1512 1256 1567 si
1266 1523 1340 1571 recto
1356 1516 1494 1575 intellectu
1508 1529 1536 1578 et
1553 1535 1643 1584 mente
1661 1535 1806 1604 tranquilla
1829 1542 1902 1610 quod
1925 1543 1963 1601 ibi

304 1585 494 1642 Festivitatum
509 1587 721 1644 celebrationem
736 1589 883 1661 dequibus
898 1592 964 1647 milri
993 1594 1112 1651 manda·
1165 1600 1268 1657 dictum
1290 1612 1346 1672 est,
1376 1614 1404 1662 et
1425 1609 1574 1678 probibitio
1598 1632 1680 1687 quarn
1701 1623 1794 1680 audiri
1816 1635 1843 1682 et
1866 1645 1961 1688 omnes

304 1673 366 1742 stis,
383 1681 481 1730 restra
494 1673 635 1730 committo
651 1675 833 1746 dispositioni,
849 1685 876 1733 et
904 1679 968 1750 quid
984 1679 1048 1736 inde
1063 1697 1111 1737 or.
1164 1690 1261 1760 sciunt,
1271 1691 1425 1764 inspicitur.
1444 1697 1518 1754 Nihil
1532 1703 1605 1758 enim
1620 1707 1750 1767 adversus
1762 1722 1868 1783 patrem
1891 1721 1965 1794 regis

300 1756 464 1812 dinareritis
489 1772 542 1830 ego
557 1757 698 1828 confirmo,
723 1767 751 1817 et
770 1768 857 1816 ratum
880 1763 924 1818 sit.
945 1763 986 1820 De
1009 1766 1112 1822 octavis
1164 1787 1191 1834 ot
1205 1780 1451 1854 arehiepiscopum.
1470 1788 1660 1865 lanfrancum,
1672 1797 1746 1856 viros
1759 1817 1867 1877 magnis
1880 1818 1908 1864 et
1922 1826 1963 1866 re-

301 1860 414 1917 quoque
427 1845 583 1902 Natiuitatis
597 1855 698 1904 sanctae
712 1849 761 1904 Dei
779 1850 920 1922 genitricis
934 1852 1111 1925 Maricaquas
1163 1866 1371 1941 ligiosaelamae,
1393 1877 1513 1944 protuli;
1528 1895 1590 1936 cum
1615 1899 1659 1940 me
1680 1887 1709 1941 in
1732 1889 1868 1962 baptismo
1889 1906 1916 1953 et
1937 1899 1966 1956 iu

301 1934 399 2004 plures
413 1934 448 1989 de
458 1933 588 1990 iratribus
598 1935 696 1992 nostris
711 1946 809 2010 rogent
823 1938 850 1993 in
875 1939 997 1997 Eoelffiiss
1019 1951 1110 2000 ¹¹⁰Sll⁸
1164 1959 1380 2020 ordinationibus
1393 1967 1462 2022 meis
1475 1968 1566 2040 legem
1583 1979 1610 2028 et
1631 1979 1839 2038 consuetudines
1855 1984 1964 2044 illorum

301 2020 375 2090 fieri,
391 2022 456 2094 quia
468 2021 497 2077 in
510 2023 635 2094 pluribus
649 2025 777 2082 Ecclesiis
791 2025 867 2096 fiunt,
883 2028 1008 2086 simililer
1035 2033 1107 2102 (1¹¹0d
1120 2068 1148 2130 Β
1162 2065 1217 2106 non
1229 2051 1386 2120 promisisse
1400 2055 1594 2129 demonstravi,
1616 2070 1645 2117 et
1662 2064 1753 2138 legem
1768 2070 1818 2126 Dei
1844 2090 1889 2131 me
1910 2093 1964 2133 non

1162 2137 1359 2209 abnegaturum
1374 2157 1442 2212 esse,
1458 2145 1620 2218 significavi.
1637 2152 1708 2208 Nam
1722 2157 1795 2226 quod
1810 2175 1879 2219 arne
1889 2179 1961 2221 nunc

299 2198 648 2258 clrodilcctofilionostro
670 2202 774 2274 quires
795 2213 900 2260 nostras
923 2207 992 2264 solet
1014 2217 1107 2266 custo·
1162 2222 1315 2292 requiritur,
1331 2224 1432 2282 idcirco
1447 2229 1511 2299 qriia
1524 2231 1565 2286 illi
1580 2232 1710 2307 lecerunt,
1724 2255 1777 2313 ego
1790 2249 1965 2317 propterlroc

299 2289 373 2358 dire,
388 2289 471 2346 dicite
485 2304 520 2346 ex
534 2298 625 2346 nostra
638 2298 725 2361 parte,
751 2299 780 2347 ut
790 2293 813 2347 si
838 2302 1000 2364 potestatem
1014 2298 1106 2368 habet,
1164 2310 1238 2379 quod
1253 2312 1364 2369 auribus
1373 2316 1441 2372 meis
1455 2317 1550 2376 Romae
1563 2323 1666 2394 audiri,
1683 2327 1772 2384 facere
1780 2347 1886 2404 nequeo
1896 2336 1964 2393 abs·

298 2377 386 2434 saciat
414 2377 563 2435 liebertum
587 2379 716 2435 clericum
750 2382 796 2451 qui
817 2399 924 2438 mecum
955 2393 996 2442 est
1017 2395 1107 2444 tenere
1163 2415 1215 2470 que
1229 2401 1391 2472 gravissima
1409 2403 1568 2466 offensione.
1593 2409 1682 2482 Quam
1705 2415 1728 2470 si
1749 2423 1962 2496 contemnerem,

299 2467 418 2524 domum
431 2482 510 2522 suam
525 2483 607 2539 quam
622 2468 723 2525 liabent
737 2468 900 2540 cantuarie,
916 2473 954 2528 ita
976 2475 1105 2546 muctam,
1162 2485 1255 2558 nuque
1268 2498 1361 2546 oontm
1375 2493 1464 2565 legem
1480 2497 1529 2553 llei
1544 2498 1671 2558 tacerem.
1688 2505 1722 2562 Ut
1742 2523 1809 2581 ergo
1833 2513 1963 2570 ostende·

298 2557 372 2613 siout
384 2571 447 2612 eam
462 2555 547 2611 tenuit
558 2557 683 2628 ¹liogerus
694 2558 799 2614 Puntel.
820 2559 933 2632 lingulis
955 2579 999 2618 me
1023 2572 1052 2619 ut
1079 2565 1107 2620 in
1162 2589 1220 2630 rem
1236 2593 1317 2646 quam
1331 2581 1529 2641 rationabiliter
1549 2604 1672 2646 recusem
1693 2593 1784 2653 lacere
1809 2600 1861 2657 hoc
1889 2604 1963 2673 quod

300 2645 524 2702 tribulationibus
538 2645 634 2701 vestris
648 2647 800 2716 compatiar
813 2648 892 2705 vobis
913 2659 941 2706 ct
962 2667 1036 2707 orem
1056 2669 1107 2724 pro
1162 2678 1237 2719 ame
1255 2667 1408 2738 requiritur,
1426 2675 1576 2731 secundum
1593 2678 1703 2737 illomm
1728 2690 1961 2762 consuetudinem,

298 2735 392 2804 vohis,
408 2734 483 2804 quod
497 2733 588 2804 utique
602 2733 682 2804 meio,
698 2744 726 2790 et
738 2736 795 2792 scio
810 2753 859 2793 ros
872 2738 924 2794 lroc
950 2739 1040 2810 ipsum
1060 2741 1105 2798 sa·
1162 2753 1268 2808 ostendi
1282 2758 1420 2826 quomodo
1439 2761 1529 2830 potius
1542 2763 1652 2822 debitor
1668 2770 1719 2825 sim
1741 2777 1920 2845 apostolicam
1935 2790 1965 2838 et

301 2839 365 2879 cere
381 2822 470 2878 nobis.
487 2821 667 2893 Omnipotens
675 2824 747 2880 Deus
760 2841 837 2881 suam
851 2843 960 2899 semper
973 2829 1019 2885 det
1028 2831 1107 2886 vobis
1162 2840 1373 2899 ecclesiasticam
1386 2849 1491 2904 cunctis
1504 2860 1596 2908 notam
1609 2871 1717 2916 serrare
1731 2865 1961 2940 constitutionem,
1982 2918 1985 2922 Δ

300 2911 530 2968 consolationem.
548 2912 716 2982 Responsum
730 2915 803 2987 regis
817 2915 845 2970 in
873 2916 918 2972 die
939 2925 1037 2974 statuto
1052 2935 1106 2976 non
1162 2928 1190 2982 in
1204 2945 1257 3000 qua
1268 2930 1313 2987 lex
1327 2933 1377 2989 Dei
1391 2935 1450 2993 sine
1464 2938 1547 2997 dubio
1562 2942 1731 3018 intelligitur,
1753 2967 1816 3008 curn
1830 2954 1865 3010 ad
1878 2957 1961 3013 Cirri-

197 2967 198 3040 i
300 3001 485 3071 estepiscopo
507 2999 611 3068 datum,
634 3002 762 3059 mandari
782 3003 807 3059 ei
829 3011 858 3060 ut
880 3004 947 3060 illud
977 3011 1133 3078 quatenus¹
1161 3016 1255 3074 stiauae
1268 3020 1409 3094 religionis
1421 3023 1622 3088 firmamentum
1635 3038 1832 3112 pmmulgatur,
1861 3055 1963 3116 quanto

298 3089 403 3160 poterit
424 3088 553 3158 requirat,
568 3097 595 3144 ct
610 3088 677 3144 illud
691 3105 741 3161 per
756 3091 905 3164 Vulgarum
920 3094 956 3149 de
973 3095 1106 3151 Limmin-
1162 3113 1252 3162 autern
1267 3109 1387 3179 periculo
1410 3122 1606 3190 contemnetur,
1631 3127 1795 3195 supersedeo
1823 3147 1895 3189 nunc
1922 3135 1964 3190 di·

1510 3206 1654 3266 Christiani
1682 3215 1853 3285 quinarem
1883 3239 1962 3280 aures

298 3267 402 3335 mittat,
418 3264 550 3337 quiahoc
565 3274 619 3321 tarn
634 3266 688 3323 cito
705 3283 755 3339 per
778 3268 909 3326 domnum
938 3271 1107 3328 Ererardum
1162 3283 1290 3340 audiendi
1304 3301 1339 3342 ex
1353 3288 1453 3346 divinis
1466 3292 1546 3349 dictis
1556 3307 1669 3368 possunt
1689 3317 1863 3378 cognoscere.
1893 3311 1962 3368 Pra-

301 3355 364 3413 fierr'
380 3355 484 3428 nequit.
1162 3387 1226 3428 ram
1246 3383 1336 3431 autern
1352 3377 1428 3435 illam
1448 3381 1697 3455 interpretationem
1728 3394 1862 3455 dictorum
1885 3417 1961 3458 meo·

583 3427 754 3486 EPISTULA
768 3430 850 3486 XLII·
1121 3428 1229 3531 crum,
1250 3466 1399 3522 secundum
1422 3485 1504 3540 quarn
1524 3472 1641 3534 absurde
1663 3479 1768 3538 locutus
1789 3500 1848 3543 esse
1868 3490 1956 3561 dicor,

505 3530 628 3574 tuscum
643 3532 903 3579 ΛῠΤΕῑθῦθΜῦΰΙ·
1086 3554 1087 3559 ’
1159 3564 1214 3605 non
1247 3552 1324 3625 regio
1343 3556 1443 3626 sensui,
1469 3574 1519 3615 nec
1550 3572 1639 3621 restro
1660 3565 1774 3642 imputo.
1801 3575 1859 3632 liex
1888 3579 1961 3633 enim

335 3607 506 3675 Amemus,
522 3604 751 3678 archiepiscop-¹1⁵,
768 3608 952 3667 T¹¹⁸⁰⁰⁰R¹⁰⁰
962 3610 1020 3669 5¹5⁰
1034 3612 1103 3669 ⁰1¹²·
1158 3637 1277 3711 benigne
1294 3642 1363 3698 sicut
1376 3645 1469 3702 audiri
1482 3648 1608 3717 primitus
1621 3654 1743 3713 chartam
1758 3670 1879 3719 nostram
1895 3683 1960 3722 sus·

296 3696 420 3765 rissimo,
435 3695 550 3750 saluum
564 3700 591 3751 ²²
605 3694 823 3752 benedissfifflem
837 3698 897 3755 Dii·
1158 3727 1240 3798 cepit,
1255 3730 1304 3784 sed
1317 3739 1413 3800 postea
1427 3736 1519 3792 nescio
1543 3739 1589 3809 qui
1613 3742 1750 3801 malevola
1775 3758 1803 3805 et
1825 3766 1881 3808 non
1900 3754 1962 3809 sin-

337 3784 448 3841 Gratias
459 3782 549 3839 liabeo
564 3783 612 3839 tibi
625 3798 676 3854 pro
705 3784 861 3842 visitatione
877 3787 1026 3845 litterarum
1041 3798 1103 3846 tua·
1157 3830 1220 3871 πη
1248 3826 1339 3874 meme
1364 3835 1415 3890 pe,
1442 3838 1556 3892 pravam
1589 3828 1840 3903 interpretationem
1878 3842 1959 3899 ippum

297 3890 361 3931 rum
382 3872 466 3945 plena
492 3872 569 3928 suavi
590 3870 734 3929 dulcedine
748 3873 910 3931 exundantis
933 3876 1100 3944 dilectionis;
1157 3912 1301 3969 ,dmm
1321 3931 1367 3972 me
1388 3919 1543 3978 ommi,
1566 3922 1633 3995 Quis
1653 3936 1744 3985 ,mem
1765 3931 1813 3990 ifle
1840 3936 1884 4008 δὴ,
1910 3955 1962 3997 ng,

300 3978 387 4036 ‘lum
404 3961 498 4034 mique
510 3960 593 4017 “fiam
612 3968 638 4017 ²⁰
653 3969 757 4018 mm
778 3962 807 4017 ³¹¹
820 3964 902 4021 ⁰⁰¹d⁰
922 3974 967 4022 ‘¹¹⁰
995 3982 1105 4039 semim
1156 3999 1231 4063 scio;
1251 4002 1299 4057 sed
1314 4003 1378 4074 quia
1391 4005 1538 4064 Dominum
1551 4027 1631 4067 suum
1651 4025 1697 4072 aut
1709 4033 1763 4074 non
1777 4020 1889 4096 dilligit,
1916 4034 1963 4083 aut

302 4054 413 4110 ferreae
426 4066 481 4106 nou
495 4049 601 4107 dubito.
615 4050 655 4106 lle
670 4050 814 4108 dilectione
829 4066 894 4109 vero
915 4069 976 4111 mea
989 4072 1055 4129 erga
1066 4064 1101 4127 te,
1157 4083 1273 4158 duim
1292 4088 1387 4158 nescii,
1409 4106 1464 4147 110„
1487 4094 1592 4152 dubim·
1619 4097 1799 4174 omnipotens
1826 4106 1899 4165 peu,
1920 4109 1961 4168 „0

301 4142 368 4214 quia
382 4149 410 4197 tu
421 4155 483 4197 eam
497 4139 578 4208 nosti,
594 4139 678 4195 multa
692 4139 767 4211 loqui
782 4156 836 4197 non
850 4156 930 4214 egeo.
946 4144 977 4199 ln
990 4154 1101 4202 senten·
1157 4184 1207 4226 νος
1219 4179 1246 4227 02
1265 4173 1371 4244 pmlem
1388 4186 1506 4235 ,emm
1529 4181 1558 4237 j„
1582 4184 1600 4239 h

301 4232 343 4287 tiu
352 4228 442 4302 quarti
448 4227 559 4299 capituli
570 4228 611 4285 Dc
620 4232 758 4302 conceptu
766 4230 911 4301 virginali,
920 4234 1102 4307 poneintegre

301 4319 390 4378 rerba
403 4316 527 4389 Apostoli
545 4316 614 4373 sicut
636 4317 680 4373 bic
699 4318 827 4388 reperies.
842 4319 915 4375 Dicit
937 4322 1010 4377 enirn
1028 4323 1102 4380 idem

302 4408 445 4481 apostolus
457 4404 527 4461 nihil
535 4405 718 4462 damnationis
731 4421 790 4461 esse
804 4407 838 4461 iis
852 4408 897 4479 qui
911 4419 973 4465 sunt
984 4410 1102 4468 iuClrri·

303 4505 347 4553 sto
370 4496 445 4565 lesu,
470 4494 516 4565 qui
544 4509 598 4549 non
617 4493 766 4551 secundum
788 4510 898 4553 caruem
925 4497 1104 4555 ambulabunt

305 4588 397 4658 (Μ’
412 4598 472 4653 '¹¹¹’
484 4584 521 4655 ⁰²
538 4583 614 4654 Μ’
629 4582 679 4639 5¹¹¹
1195 4642 1347 4701 asserum
1361 4646 1592 4723 archiepiscopus,
1608 4657 1719 4729 andquo
1728 4666 1755 4716 et
1768 4674 1956 4735 sempernoro

566 4697 736 4757 ΕΡῙΒΤΟΜ
749 4700 847 4757 XLIII·
1160 4738 1187 4789 et
1201 4746 1266 4788 vero
1280 4734 1379 4805 amico,
1394 4743 1421 4792 et
1434 4737 1528 4795 iubeo
1543 4739 1805 4815 dilecto,rererendo
1816 4752 1958 4831 episcopo,

372 4812 496 4855 [ml-Ul
510 4814 547 4853 tlt
560 4812 723 4855 llarfflrnlffl
739 4812 864 4857 RlltileH
878 4813 1039 4859 tuouoatnl.
1160 4820 1326 4894 Gonnum,
1342 4825 1470 4884 salutem,

340 4906 493 4975 Horarum,
518 4904 637 4961 dominre
655 4905 820 4973 reverende,
843 4904 906 4962 filiae
927 4908 1102 4979 chammimae,
1194 4909 1325 4979 Quamvis
1338 4920 1429 4971 restra
1442 4920 1594 4977 constantia
1615 4921 1738 4983 inbonis
1760 4944 1822 5000 quae
1834 4932 1954 5008 incoepi-

304 4994 409 5068 regiuae
423 4995 739 5067 Anglcmm,dusnruus
752 4993 1105 5066 archiepiscopus,salutem
1158 4999 1207 5055 stis
1236 5016 1291 5057 uon
1323 5011 1404 5076 egeat
1425 5006 1575 5078 gratianum
1612 5013 1774 5088 actionibus,
1803 5020 1959 5093 [requenter

305 5093 333 5141 et
342 5082 561 5139 benedictionem
575 5082 635 5151 Dei,
650 5091 676 5139 et
689 5098 777 5153 suam,
793 5082 815 5138 si
829 5082 894 5154 quid
918 5084 1000 5155 ualet,
1016 5086 1104 5143 servi·
1157 5090 1301 5146 sustentan‘
1315 5099 1414 5163 umen,
1430 5110 1465 5150 ne
1478 5095 1525 5152 alii
1538 5099 1673 5158 estiment
1686 5120 1731 5161 me
1758 5117 1875 5167 vestram
1903 5112 1955 5171 be-

306 5174 354 5244 tis,
370 5171 506 5229 orauoues
519 5170 547 5226 in
562 5171 716 5229 dilectione.
1158 5178 1340 5235 nevolentiam
1354 5189 1381 5237 et
1395 5192 1512 5240 vestram
1525 5188 1746 5263 sollicitudinem,
1763 5213 1830 5268 quas
1847 5199 1877 5255 in
1891 5218 1954 5260 rna-

339 5259 638 5334 llagnitudinisrestrae
652 5276 760 5333 maguae
774 5260 973 5319 benevolentia
1000 5263 1103 5337 gratias
1158 5266 1221 5339 gnis
1234 5266 1374 5325 laboribus
1386 5286 1437 5341 pro
1452 5289 1514 5331 meo
1524 5280 1670 5337 commodo
1685 5283 1848 5345 rosbcbere
1855 5298 1959 5349 certum

306 5352 363 5425 agit
375 5366 425 5407 cor
437 5364 528 5405 meum
543 5348 626 5419 quod,
642 5358 772 5420 quantum
786 5356 885 5421 potest,
908 5350 1062 5423 fructificat,
1078 5362 1105 5411 et
1157 5363 1262 5413 estnon
1275 5358 1456 5429 considerare,
1472 5369 1499 5418 et
1512 5364 1581 5421 sicut
1594 5367 1682 5427 debeo
1697 5374 1804 5445 magnis
1827 5379 1957 5450 mutem

306 5440 378 5511 quod
393 5454 450 5495 non
461 5444 551 5510 potest
573 5436 728 5493 desiderare
751 5454 806 5495 non
828 5447 923 5495 cessat.
953 5438 1033 5511 Quod
1058 5442 1105 5514 qui
1157 5444 1261 5517 gratias
1274 5462 1328 5519 ugo
1341 5450 1608 5513 reremntirevestrre
1622 5459 1746 5518 cordeet
1759 5478 1807 5519 ore
1830 5475 1858 5522 et
1883 5470 1957 5527 scri-

305 5528 429 5600 inspirat,
444 5526 503 5598 ipse
512 5525 651 5581 retribuat.
669 5523 777 5598 Quippe
801 5542 881 5599 qurum
904 5527 992 5600 pium,
1022 5547 1104 5601 quam
1158 5540 1215 5603 pto,
1233 5532 1262 5588 iu
1282 5535 1408 5592 omnibus
1425 5538 1498 5595 enirn
1518 5557 1579 5612 quae
1599 5544 1636 5600 cd
1668 5562 1712 5603 mc
1736 5557 1763 5605 et
1786 5566 1829 5608 rec
1851 5563 1958 5613 nostras

306 5616 414 5673 dulcem
428 5614 565 5684 affectum,
581 5615 639 5671 Deo
653 5614 800 5687 inspirante
814 5631 880 5689 arga
893 5632 937 5673 me
951 5619 1061 5691 geratis,
1076 5621 1105 5676 in
1157 5622 1302 5694 pertinent,
1312 5623 1437 5700 intelligo
1451 5643 1501 5685 ros
1514 5632 1661 5703 prudenter
1674 5644 1702 5693 et
1724 5636 1838 5712 fortiter,
1866 5660 1956 5715 qum-

308 5704 488 5761 amnritudirre
502 5710 529 5760 et
544 5702 650 5761 tristitia
664 5712 690 5761 et
703 5704 885 5763 sollicitudine
899 5722 966 5779 quas
991 5723 1026 5764 ex
1046 5726 1108 5766 mea
1162 5716 1220 5766 turn
1235 5710 1263 5767 in
1282 5712 1361 5771 robis
1383 5723 1433 5787 est,
1453 5725 1480 5774 et
1510 5718 1616 5778 sincera
1639 5724 1789 5783 admodum
1813 5729 1959 5791 dilectione

308 5792 431 5852 amentia
458 5791 625 5863 contrahitis,
655 5793 833 5865 apertissime,
863 5794 933 5851 sicut
977 5796 1105 5868 scribitis,
1161 5798 1246 5871 loqui,
1270 5800 1340 5859 sicut
1362 5812 1478 5878 oportet,
1499 5816 1526 5864 et
1545 5809 1644 5869 iacere.
1670 5813 1765 5872 Certus
1793 5818 1875 5876 etiam
1896 5837 1957 5878 surn

306 5878 476 5954 significatis.
488 5878 557 5951 Quae
572 5896 633 5937 mea
647 5882 769 5941 absentia
782 5883 811 5939 in
825 5892 1014 5960 quantumego
1025 5894 1052 5945 et
1064 5886 1107 5945 illi
1162 5888 1235 5962 qnia,
1251 5889 1309 5949 Deo
1329 5891 1485 5967 adjurante,
1503 5898 1622 5969 quandiu
1642 5900 1750 5976 viretis,
1773 5913 1863 5965 restra
1884 5908 1958 5970 bona

1601 4186 1663 4255 ujus
1687 4189 1751 4247 aitte
1775 4191 1868 4250 loreat
1890 4212 1960 4268 pro·

1156 4260 1294 4331 speritate,
1309 4271 1339 4319 ut
1359 4265 1395 4320 ad
1418 4266 1536 4325 suturam
1559 4287 1609 4330 ros
1632 4278 1766 4346 provehat
1789 4280 1959 4344 felicitatem.

1158 4350 1256 4405 Arnen.

1370 4452 1456 4522 439
1468 4453 1639 4515 sersaoni
1653 4460 1752 4521 xrrv.

1278 4550 1399 4595 Alfflffll
1413 4556 1450 4595 ΑΙ)
1464 4557 1659 4607 commeauit
1673 4566 1838 4613 ΕΡΙΙΟΟΡΙῙΙ.
