4750 6725
201 533 203 550 ’
310 563 362 622 aas

723 561 857 624 senata.
874 597 910 608 -
923 561 1043 624 cassio
1058 565 1108 624 ss.
1125 563 1281 641 eamear,
1298 569 1469 644 nucius,
1485 571 1561 632 arc.

1912 592 1963 648 326

311 694 390 760 huius
404 697 487 762 agent
515 690 702 746 solemnitatis.
731 692 808 748 Tunc
830 691 916 746 abbas
939 690 1057 758 Elsinus,
1082 699 1111 746 ut
1125 691 1153 752 A
1204 694 1352 751 Praedictus
1366 698 1451 754 abbas
1466 707 1609 770 postquam
1626 701 1688 758 talia
1702 703 1814 777 audivit,
1830 709 1888 767 Deo
1899 729 1963 784 gra.

308 789 365 836 erat
384 779 620 850 pmdentissimus,
637 781 688 836 hoo
713 780 751 834 illi
766 781 849 836 relect
875 780 1014 852 pmtinus:
1032 778 1110 842 Quo-

308 869 390 926 modo
407 867 505 926 laciam
521 867 605 936 istud,
623 870 667 940 qui
679 870 753 925 diem
765 884 818 940 quo
829 869 899 924 istud
911 867 1111 940 laciamignoro

307 958 439 1028 penitus?
452 957 503 1012 Dei
520 957 630 1012 nuntius
654 958 818 1030 respondit:
835 958 864 1012 ln
879 965 954 1012 sento
983 956 1046 1011 ldus
1061 956 1112 1012 De·

201 1105 202 1108 Ἴ
308 1046 427 1102 cambris
438 1053 481 1100 est
496 1045 555 1102 dies
571 1045 771 1102 celeberrimus
791 1046 875 1116 'hrrjus
903 1044 1087 1116 conceptionis
1103 1062 1110 1108 ;

309 1135 380 1189 bunc
391 1141 420 1188 ut
435 1134 558 1189 celebres
573 1149 684 1201 moneo,
700 1142 727 1190 et
748 1134 940 1190 celebrandurn
954 1133 1038 1190 dicito
1049 1133 1110 1205 qui-

311 1223 364 1277 bus
380 1221 471 1278 dicere
487 1221 607 1292 potueris
622 1229 649 1277 et
660 1222 705 1292 qui
721 1222 793 1278 scire
808 1223 950 1278 voluerint.
971 1223 1046 1278 Tunc
1060 1222 1111 1278 ab·

311 1312 361 1366 bas
375 1311 486 1366 Elsinns
500 1328 505 1364 :
518 1311 553 1365 lit
568 1309 642 1380 (puali
653 1310 750 1382 inquit,
775 1311 884 1366 servitio
910 1311 992 1381 jubes
1019 1312 1056 1366 uti
1085 1312 1112 1367 in

311 1401 363 1455 hoc
379 1399 448 1454 lento
463 1400 476 1456 l
492 1398 541 1453 Cui
556 1398 665 1454 divinus
675 1399 784 1453 nuntius
811 1398 947 1470 respondit
957 1401 1009 1456 boc
1032 1399 1112 1456 relo-

310 1487 369 1543 cius
385 1506 393 1542 :
408 1487 496 1544 Omne
511 1487 835 1558 servitiumquoddicitur
853 1488 944 1558 incjus
958 1489 1112 1558 Nativitate,

309 1575 410 1633 dicitur
425 1585 452 1632 at
466 1575 493 1630 in
507 1576 696 1647 conceptione,
712 1575 751 1631 sic
764 1575 811 1630 nbi
822 1575 974 1632 natalitium
1002 1578 1031 1631 in
1055 1579 1113 1633 Na-

311 1664 415 1720 tiritate
445 1663 554 1733 dicitur,
580 1662 727 1734 conceptio
755 1663 783 1718 in
807 1664 858 1722 hac
885 1664 1040 1722 celebritate
1067 1666 1113 1722 di-

309 1753 390 1809 citur.

323 1877 1051 1891 —ss-fflm-

1165 780 1216 837 ties
1239 784 1366 849 reddidit,
1396 793 1423 842 et
1451 787 1627 846 devotissime
1652 794 1726 848 vovit
1741 811 1771 850 se
1794 805 1964 855 servaturum

1166 871 1239 939 qttod
1254 871 1375 928 audieret
1391 875 1519 931 divinitus
1530 878 1649 947 jussum.
1666 881 1801 938 Statimat
1813 886 1865 943 hoc
1878 888 1962 958 vovit,

1166 966 1314 1030 tempestas
1330 961 1437 1031 cecidit,
1467 972 1493 1019 et
1519 967 1653 1022 serenitas
1667 970 1757 1025 rediit.
1776 973 1860 1031 Vento
1880 975 1964 1051 igitur

1165 1062 1297 1117 prospero
1321 1051 1443 1118 redeunt,
1468 1061 1495 1107 et
1516 1051 1545 1107 in
1572 1056 1697 1127 Angliam
1712 1060 1817 1117 alacres
1840 1065 1963 1121 veniunt.

1166 1135 1262 1190 Statuit
1273 1153 1380 1208 quoque
1403 1139 1430 1194 in
1454 1141 1654 1199 Remesiasensi
1675 1146 1806 1218 Ecclesia,
1836 1153 1878 1208 cui
1907 1154 1966 1225 ipsa

1166 1225 1253 1280 abbas
1268 1237 1393 1297 praeerat,
1409 1235 1438 1283 ut
1453 1229 1505 1284 hoe
1520 1230 1616 1286 lestum
1627 1234 1702 1289 omni
1715 1251 1787 1292 anno
1806 1239 1966 1297 solemniter

1167 1321 1244 1368 sexto
1255 1313 1323 1369 ldus
1337 1317 1497 1372 Decembris
1509 1318 1671 1387 celebretur,
1677 1323 1831 1395 multosque
1845 1328 1878 1382 ad
1894 1330 1965 1387 celc-

1167 1401 1299 1457 brandam
1314 1403 1489 1461 devotissime
1516 1406 1648 1464 invitavit.
1678 1411 1768 1480 Hujus
1790 1415 1967 1473 solemnitatis

1166 1490 1379 1546 celebratoribus
1390 1492 1468 1548 detur
1481 1508 1497 1550 a
1512 1494 1580 1551 Filio
1594 1497 1679 1568 ipsius
1706 1501 1826 1573 Virginis
1848 1505 1966 1563 Domino

1168 1588 1261 1635 nostro
1276 1580 1343 1634 tesu
1355 1581 1461 1636 Christo
1476 1597 1531 1652 pax
1545 1591 1572 1640 et
1585 1584 1668 1657 longe
1681 1586 1744 1657 vita,
1760 1597 1861 1661 etpost
1875 1601 1965 1652 trans-

1167 1667 1234 1721 itum
1246 1669 1325 1738 hnjus
1339 1669 1403 1725 vitae
1412 1678 1514 1726 aeterna
1529 1673 1638 1742 requies
1662 1677 1834 1734 concedatur.
1866 1685 1962 1740 Amen.

1168 1755 1285 1826 Explicit
1294 1757 1455 1814 miraculum
1465 1759 1499 1815 de
1525 1763 1704 1833 conceptione
1729 1775 1832 1823 sanctae
1859 1771 1963 1831 hieriae.

358 2268 450 2374 SS.
485 2263 763 2391 GUINlllll,
798 2048 1376 2399 ΡΙΝὒΑῗιξέῗῗιξιῗιἘ,
1410 2269 1910 2383 arsacidarum*

347 2592 442 2649 Poscis
470 2589 585 2648 fideliter
609 2591 683 2660 satis,
704 2592 876 2662 clarissime,
892 2593 1018 2665 martyris
1047 2593 1114 2648 sacri
1129 2593 1155 2652 Β
1170 2593 1293 2666 quiavas
1308 2593 1417 2664 plenum
1432 2593 1576 2663 absinthio,
1605 2596 1658 2652 nisi
1683 2600 1760 2669 prius
1788 2603 1966 2666 amaritudine

312 2681 426 2737 Gummi
438 2679 629 2750 sociorumque
645 2681 703 2750 ejus
719 2681 906 2738 admirabilem
926 2681 1019 2750 vitam,
1036 2697 1116 2752 quam
1170 2682 1259 2751 pulsa,
1271 2680 1380 2736 alterius
1393 2681 1569 2752 liquorisaon
1583 2685 1700 2741 admittit
1727 2687 1910 2764 dulcedinem,
1926 2696 1967 2752 illi

313 2771 391 2840 prius
405 2767 538 2822 brevibus
550 2767 648 2822 notulis
662 2769 810 2838 retinebas,
827 2769 1001 2840 victoriaeque
1022 2769 1118 2824 trium·
1171 2769 1259 2825 adhuc
1273 2769 1345 2840 pleni
1360 2769 1456 2839 spiritu
1471 2772 1591 2842 superbo
1606 2775 1758 2831 doctrinam
1786 2781 1880 2836 salutis
1893 2786 1965 2840 reci-

314 2857 399 2929 ptrum
424 2853 514 2910 latiori
544 2855 591 2909 tibi
617 2855 749 2927 explicari
774 2873 912 2914 sermone.
938 2858 1025 2928 Cupio
1053 2873 1118 2914 sane
1171 2873 1238 2928 pere
1253 2858 1406 2913 noluerunt.
1422 2857 1477 2914 Sed
1497 2869 1640 2918 cernentes
1655 2863 1846 2937 humilitatem,
1868 2873 1968 2930 etvili-

315 2943 455 3002 devotioni
470 2951 524 2998 tuae
538 2957 633 3014 perere
649 2944 765 3000 dovotus
778 2960 784 3015 ;
796 2953 822 3001 et
850 2946 874 3001 si
900 2960 955 3001 non
985 2946 1078 3018 digne,
1090 2953 1118 3001 ut
1144 3011 1146 3016 Ι
1173 2953 1252 3002 tatem
1267 2946 1375 3002 habitus
1390 2947 1567 3015 attendentes,
1583 2966 1636 3007 non
1657 2951 1813 3010 thesaurum
1840 2956 1968 3018 latentem

314 3042 457 3108 gestorum
485 3029 594 3086 tortium
622 3031 774 3104 deposcunt
797 3034 944 3106 magnalia,
958 3041 1046 3090 tamea
1068 3049 1118 3106 pro
1172 3035 1299 3104 interius,
1316 3043 1437 3092 sanctum
1453 3045 1479 3092 et
1493 3040 1747 3108 vereapostoliaum
1760 3043 1848 3100 virum
1863 3050 1970 3119 penitus

315 3119 422 3194 ingenii
457 3119 586 3176 facultate
614 3129 769 3177 sanctomm
807 3121 934 3178 laudibus
966 3122 1120 3195 occupabor
1173 3132 1403 3195 contempserunt.
1419 3125 1481 3180 Fuit
1495 3125 1634 3197 interjnm
1648 3128 1832 3204 dictosreges
1854 3137 1971 3196 nobilior

314 3213 446 3276 intentus,
463 3207 593 3279 quoniam
608 3208 667 3264 laus
680 3209 774 3264 militis
800 3210 946 3281 gloriaest
969 3213 1119 3283 imperato·
1173 3227 1253 3280 unus,
1269 3212 1447 3281 aopotontior
1462 3214 1598 3282 omnibus,
1614 3217 1727 3274 nomine
1741 3219 1823 3276 Clito.
1839 3224 1972 3284 Huicerat

315 3301 361 3369 ris,
389 3305 417 3353 et
438 3297 503 3351 dum
531 3301 689 3352 sanctorum
709 3297 822 3353 virtutes
835 3307 994 3369 narrantur,
1022 3297 1120 3354 Christi
1173 3297 1247 3354 fliius
1273 3299 1432 3356 adolescens
1458 3300 1539 3357 benaa
1562 3302 1669 3371 indolis,
1699 3307 1833 3367 vocabulo
1860 3313 1971 3387 Fingar,

317 3388 411 3463 glorie
422 3385 595 3458 predicatur.
608 3385 729 3457 Spondet
744 3402 810 3458 ergo
824 3386 932 3443 devotio
948 3388 1021 3459 quod
1040 3394 1122 3460 negat
1175 3389 1309 3446 electione
1325 3388 1610 3462 divinapraacognitus
1631 3400 1658 3447 ct
1671 3396 1757 3451 sancti
1785 3397 1904 3468 Spiritus
1915 3405 1973 3474 jam

315 3475 443 3543 scientia,
472 3481 499 3529 et
523 3478 678 3529 sanctorum
707 3472 784 3544 fides,
815 3474 886 3545 quod
910 3491 964 3533 non
988 3474 1123 3546 promittit
1175 3478 1265 3549 gratia
1279 3477 1417 3546 pertusas.
1434 3478 1485 3533 llic
1500 3494 1533 3533 ex
1548 3478 1682 3537 universis
1694 3483 1769 3538 solus
1783 3496 1877 3545 sancto
1887 3506 1975 3549 assur-

319 3566 445 3633 iacultas,
462 3570 546 3618 tetum
566 3578 658 3617 eorum
676 3578 838 3635 praesumam
853 3563 887 3619 de
902 3563 1014 3619 meritis.
1026 3564 1123 3621 Necde
1175 3581 1244 3637 gens
1260 3566 1385 3634 Patricio,
1399 3580 1453 3638 quo
1467 3567 1555 3637 potuit
1568 3568 1682 3638 bonore,
1703 3570 1791 3628 virum
1819 3575 1868 3631 Dei
1884 3583 1974 3638 susci-

317 3652 423 3723 eloqaii
437 3652 598 3722 paupertate
625 3650 789 3719 conlundar,
816 3652 942 3721 quoniam
971 3666 1021 3723 pro
1048 3659 1123 3707 certo
1176 3652 1254 3725 piens
1261 3656 1354 3722 cessit,
1373 3663 1400 3710 et
1415 3654 1442 3709 in
1458 3656 1519 3712 loco
1534 3656 1705 3727 quosederat
1719 3659 1786 3731 ipse,
1802 3678 1864 3719 eum
1879 3668 1975 3728 sedere

316 3759 374 3799 noa
391 3741 421 3797 in
435 3739 523 3795 nitore
532 3738 666 3795 sermonis
681 3738 831 3795 consistere
847 3755 961 3813 regnum
977 3739 1028 3795 Dei
1042 3755 1123 3795 mon·
1176 3740 1250 3797 lecit.

316 3829 423 3899 stravit,
439 3826 486 3899 qui
501 3827 534 3882 ad
550 3826 590 3882 sui
615 3826 729 3899 gloriam
752 3826 957 3900 praedicandam
981 3827 1080 3884 idiotas
1097 3835 1125 3884 et

316 3921 469 3994 piscatores
482 3914 576 3988 elegit.

644 4012 757 4070 CAPUT
772 4014 794 4069 l.

1492 3804 1657 3871 CAPUTD

1259 3900 1395 3972 Finporie
1410 3917 1444 3957 ec
1454 3904 1595 3959 sociorum
1610 3921 1661 3976 pro
1674 3906 1730 3976 ttdc
1740 3911 1890 3970 eccillam.

1212 3990 1299 4044 Iratus
1311 3996 1391 4059 pater
1402 4005 1520 4058 sevems,
1536 3999 1563 4046 et
1578 3992 1769 4065 indignatione
1791 4003 1888 4071 grandi
1916 4024 1976 4067 suc-

319 4106 421 4165 Snnctt
440 4102 565 4159 Patricii
578 4102 744 4187 praedicatio
756 4101 787 4157 in
804 4102 945 4171 hibernie,
955 4102 1120 4175 ctFlapcrta
1177 4094 1275 4133 ⁰⁰⁰⁸¹¹³
1290 4077 1316 4132 5¹¹
1331 4056 1427 4150 &⁰¹⁰2
1442 4077 1535 4134 ‘¹5⁰²ssss
1551 4080 1624 4152 ‘lUOd
1638 4082 1748 4139 demum
1764 4104 1872 4146 suorum
1888 4094 1975 4154 inten-

569 4174 708 4245 prmcipis
720 4174 874 4229 coarctato.

358 4262 502 4319 Gloriosus
511 4261 635 4331 equidem
650 4268 674 4316 et
690 4259 879 4331 praedicandus
893 4260 993 4331 ubique
1012 4258 1120 4317 Domini

322 4351 465 4410 conlesaor
480 4348 620 4420 Patricius,
637 4364 698 4406 cum
713 4348 741 4404 in
756 4347 901 4403 Coruubiae
915 4348 1036 4419 partibas
1053 4363 1120 4402 san-

322 4438 488 4498 ctisectibus
501 4445 652 4493 moraretur
665 4437 791 4504 intentus,
816 4437 973 4492 admonitus
1000 4442 1042 4493 est
1055 4449 1122 4491 voce

325 4527 461 4601 angelicae
470 4533 500 4580 ut
514 4524 650 4581 Hiberniae
662 4524 788 4593 insulam,
817 4522 897 4579 iidem
917 4523 1013 4580 Christi
1039 4523 1068 4578 ia
1090 4538 1124 4579 ea

326 4615 534 4691 predicaturus,
550 4613 645 4669 adiret.
660 4614 736 4668 Tune
746 4611 833 4667 fidelis
844 4628 940 4669 servus
950 4619 977 4667 ot
989 4610 1122 4682 prudens,

326 4702 436 4761 Domini
452 4701 558 4757 visione
587 4707 735 4773 comperta,
767 4699 824 4755 sine
845 4714 920 4757 mora
947 4699 1074 4768 surrexit,
1098 4706 1125 4755 et

325 4792 416 4847 locum
431 4789 483 4844 sibi
496 4788 692 4862 praesignatum
708 4802 724 4842 a
739 4788 807 4856 Deo,
822 4786 850 4841 in
860 4786 934 4841 nullo
949 4786 1073 4842 barbarae
1100 4792 1127 4842 et

326 4877 476 4936 incredulae
491 4876 581 4949 gentis
605 4892 790 4948 expavescens
814 4876 958 4941 feritatem,
999 4874 1123 4946 expetiit.

328 4967 416 5040 Cujus
440 4964 568 5034 adventu,
584 4964 658 5019 sama
680 4964 819 5035 vulgante,
835 4962 1129 5035 praecognito,septam

329 5056 478 5111 nominatae
490 5054 545 5122 J'em
560 5050 656 5107 insulae
671 5068 749 5125 reges
764 5068 823 5107 cum
838 5049 1010 5121 pontificibus
1037 5050 1128 5109 idolo-

329 5160 399 5209 rum,
415 5157 477 5198 cum
494 5140 611 5211 satrapis
628 5139 807 5210 ejusdemque
828 5138 917 5212 gentis
945 5156 999 5196 non
1017 5139 1132 5196 minima

332 5228 503 5287 multitudine
518 5228 547 5282 in
562 5227 647 5284 sancti
661 5243 815 5285 convenere
830 5243 981 5284 occursum.
997 5228 1053 5284 ilos
1066 5244 1131 5284 saa-

1182 4167 1258 4221 deret
1271 4168 1405 4221 evacuare
1418 4166 1563 4238 culturam,
1594 4177 1621 4225 et
1644 4186 1745 4228 novam
1762 4174 1977 4243 Christianorum

1182 4270 1231 4325 per
1258 4262 1386 4311 sanctum
1411 4254 1560 4310 Patricium
1587 4256 1757 4317 introducere
1775 4262 1875 4336 legem,
1891 4287 1978 4345 regno

1184 4342 1297 4413 expulit,
1308 4350 1335 4397 et
1357 4342 1415 4399 solo
1443 4342 1506 4398 iecit
1534 4345 1706 4401 exhaeredem
1721 4359 1843 4418 paterno.
1855 4355 1903 4412 Cui
1919 4362 1979 4430 plu.

1183 4445 1228 4485 res
1256 4444 1291 4484 ex
1318 4430 1454 4485 nobilibus
1468 4430 1607 4488 llibemiae
1632 4439 1766 4504 procreati
1781 4440 1978 4521 adolescentes,

1184 4517 1345 4573 dulcissimo
1360 4532 1454 4573 amore
1464 4519 1614 4589 conjuncti,
1629 4524 1731 4592 pariter
1757 4528 1868 4597 pmlecti
1892 4550 1979 4593 cccx.

1183 4606 1270 4674 sales,
1285 4613 1356 4661 terra
1371 4605 1493 4676 marique
1508 4607 1639 4663 minorem
1653 4610 1681 4665 in
1695 4612 1860 4673 Britanniam
1880 4638 1978 4692 perpe.

1183 4702 1290 4749 nerunt.
1307 4693 1367 4763 Quo
1382 4692 1577 4764 andito,J'ndcx
1593 4696 1739 4755 Britannia·
1753 4701 1889 4762 interram
1902 4726 1980 4772 snam

1183 4797 1269 4838 novos
1280 4781 1398 4849 accolas,
1412 4785 1584 4852 adventasse,
1603 4800 1652 4841 eos
1664 4786 1716 4841 sibi
1744 4790 1864 4849 exhiberi
1879 4813 1980 4868 praecc.

1184 4870 1225 4940 pit
1238 4867 1279 4938 Μ,
1294 4876 1321 4925 et
1334 4870 1480 4942 diligenter
1493 4870 1632 4941 inquirens
1650 4873 1695 4943 qui
1723 4886 1822 4948 essent,
1851 4882 1886 4938 ad
1914 4890 1981 4958 quid

1185 4958 1228 5014 rel
1239 4956 1269 4986 ”⁰
1285 4958 1355 5013 unde
1367 4958 1513 5027 venissent,
1529 4959 1727 5030 respondemnt
1747 4980 1777 5020 se
1790 4967 1824 5023 de
1851 4971 1981 5035 Hibernia

1186 5048 1282 5121 pulsos
1297 5068 1305 5114 ;
1320 5048 1445 5119 serioque
1455 5048 1662 5119 proscriptionis
1671 5066 1728 5107 suae
1734 5054 1979 5137 rationeexposita,

1186 5138 1323 5209 petiamnt
1349 5143 1379 5192 ut
1406 5137 1434 5191 in
1456 5136 1598 5207 provincia
1615 5134 1647 5167 Μ
1673 5155 1722 5195 sue
1740 5141 1828 5199 locum
1843 5148 1981 5213 habitandi

1186 5232 1267 5297 atqua
1281 5223 1312 5255 ”¹
1325 5224 1461 5281 licentiam
1482 5224 1523 5281 eis
1547 5226 1708 5283 concederet
1721 5244 1770 5299 pro
1794 5250 1842 5290 sua
1863 5238 1982 5299 clemen·
2019 5228 2025 5233 ’

332 5327 392 5377 ctus
406 5314 515 5373 Domini
530 5312 584 5371 fide
598 5314 742 5387 integeret
756 5314 898 5371 devotione
909 5314 1006 5385 plenus
1034 5328 1131 5385 aggra·
1144 5310 1170 5371 D
1186 5315 1232 5370 tia.
1249 5313 1419 5387 lngenuitate
1429 5327 1492 5369 varo
1506 5313 1707 5371 adolescentum
1720 5331 1871 5393 comperta,
1892 5329 1984 5389 simul,

331 5406 419 5475 eliens,
448 5403 530 5475 eoepit
559 5402 598 5460 cis
626 5402 804 5475 Evangelium
833 5400 932 5457 Christi
954 5417 1015 5457 cum
1037 5398 1135 5457 fiducia
1184 5419 1237 5475 que
1251 5400 1338 5457 exsilii
1365 5416 1474 5458 cansam
1497 5400 1554 5456 dux
1567 5417 1729 5475 agnoscens,
1757 5424 1866 5469 summa
1884 5432 1980 5477 eorum

333 5494 496 5568 praemia,
520 5497 547 5547 et
568 5491 596 5547 in
609 5492 672 5547 lesu
687 5490 873 5565 evangelizare
887 5490 1016 5547 salntem.
1036 5489 1134 5546 Verum
1183 5490 1307 5561 petitioni
1321 5488 1481 5546 liberalitate
1496 5490 1655 5563 assentiens,
1671 5500 1774 5551 matum
1800 5500 1840 5557 eia
1856 5509 1932 5565 terrae
1944 5508 1980 5566 ad

976 5611 1089 5669 VthAE
1109 5610 1314 5669 hecatontas.

370 5713 515 5797 ”fCottntu
530 5716 572 5771 est
584 5728 649 5795 cnm
663 5726 716 5769 ma.
733 5710 871 5769 Victoria.
888 5711 912 5767 a
922 5710 946 5767 tt
955 5710 988 5767 tl.
999 5712 1031 5765 te
1040 5710 1132 5792 iopen
1141 5725 1199 5767 eon
1210 5708 1407 5793 cridietinctto
1417 5710 1620 5794 capitularem.
1631 5710 1789 5797 'thiatiram'
1798 5724 1918 5797 „3009st
1926 5742 1980 5791 m·

337 5788 461 5844 exhiheri
475 5792 615 5914 pracepit.
644 5780 716 5838 ”hd
729 5782 812 5865 ,quod
835 5782 878 5840 rel
891 5798 945 5840 ma.
971 5780 1007 5839 ad
1021 5797 1068 5859 qur
1082 5781 1135 5843 vet.
1159 5777 1225 5843 ”⁷tJt
1240 5796 1263 5840 aa
1275 5796 1422 5856 procincta
1444 5798 1499 5843 me.
1515 5791 1545 5843 ιιι
1558 5800 1587 5843 tn
1598 5800 1751 5867 provincia.
1781 5788 1868 5853 ”Sua
1891 5795 1982 5869 tocuaa

339 5866 484 5937 atquem.
503 5870 553 5917 aue
577 5868 658 5917 eoum
673 5852 814 5915 habrandr
828 5860 920 5931 atque.
