4750 6725
353 597 406 653 9ιὸ
1096 606 1251 669 statilia
1950 634 2004 688 ggg

353 745 436 793 terras
450 736 484 795 de
495 740 603 795 beonet
616 741 651 795 de
665 740 785 797 castelle
800 759 807 805 ;
822 751 849 799 et
867 743 891 799 ti
906 746 1003 819 adquis
1017 747 1083 804 mihi
1105 748 1148 804 vel
1161 748 1193 811 Α
1241 756 1271 813 Si
1287 774 1339 831 ego
1353 762 1629 835 comesllaymundus
1656 782 1709 824 non
1725 784 1837 840 possum
1849 770 1896 827 tibi
1911 772 2004 829 comiti

354 825 404 881 tibi
423 826 553 884 obsistere
580 828 707 895 voluerit,
737 838 763 885 et
786 830 916 901 injuriam
939 834 1020 891 nobis
1048 837 1151 906 tenerit,
1206 842 1322 899 ilenrico
1336 843 1402 901 dore
1417 845 1541 903 Toletum
1555 857 1584 904 ιιι
1598 850 1721 922 promisi,
1737 852 1809 910 dabo
1830 854 1877 910 tibi
1898 854 2007 913 Galloe·

353 916 567 989 guerramsimul
575 917 666 973 ineum
673 918 716 973 vel
723 933 785 973 eum
792 921 978 995 unusquisque
988 940 1071 994 perse
1082 924 1154 981 inea·
1207 930 1288 1001 eiam,
1306 931 1440 1004 telipecto
1454 942 1484 989 ut
1497 944 1524 990 tu
1538 938 1652 1008 adjuves
1667 940 1730 995 mibi
1746 956 1894 1012 sequerere
1919 948 2005 1000 totam

353 1020 424 1102 mus,
440 1020 580 1078 usquequo
595 1005 786 1061 terramillam
814 1008 881 1064 mibi
895 1010 940 1066 vel
968 1010 1016 1067 tibi
1040 1012 1153 1084 pacifice
1207 1030 1306 1080 sermm
1321 1023 1355 1079 de
1369 1024 1441 1079 Leon
1457 1032 1484 1079 ct
1499 1025 1533 1080 de
1547 1025 1688 1093 Castelte3
1718 1032 1746 1085 et
1773 1037 1915 1102 postquem
1942 1032 2006 1088 inste

354 1092 1152 1166 dimitat,esposuerinteempraebeam.tnrncucmsi
1207 1112 1333 1168 dominus
1348 1110 1459 1183 pacifice
1474 1112 1560 1181 luero,
1582 1114 1657 1172 dabo
1689 1116 1737 1171 tibi
1768 1117 1939 1191 Galloeciam,
1974 1126 2008 1175 ut

355 1182 512 1237 thesaurum
522 1181 610 1237 Toleti
624 1182 697 1254 prius
712 1189 738 1238 ¹0
758 1184 888 1254 ¹²⁸b¹10r⁰v
918 1188 1026 1244 [elliam
1050 1197 1152 1260 limem
1206 1209 1351 1274 postquam
1367 1200 1486 1256 enmtibi
1502 1201 1611 1268 dedero,
1628 1202 1828 1261 dimittasmibi
1858 1214 1943 1263 terres
1970 1208 2006 1265 dc

353 1269 401 1325 tibi
415 1269 498 1336 dabo,
514 1277 540 1326 et
554 1270 624 1325 dues
633 1278 804 1327 remanentes
819 1273 885 1329 mibi
901 1276 1026 1333 servabo.
1206 1290 1279 1345 Leon
1290 1296 1316 1345 et
1328 1288 1362 1345 de
1374 1288 1500 1343 Castellc.
1517 1289 1610 1361 Igitur,
1633 1292 1692 1347 Deo
1714 1292 1838 1363 jubente,
1865 1294 1904 1351 sic
1932 1311 2005 1368 quo-

386 1359 532 1415 rurscam
541 1377 626 1432 paam
634 1378 725 1420 conus
735 1364 917 1437 boymundus
939 1368 1011 1438 [ecit
1028 1368 1061 1423 tn
1088 1384 1153 1424 ma·
1207 1394 1260 1451 que
1274 1384 1367 1434 sancta
1381 1376 1431 1433 Dei
1445 1378 1569 1434 Ecclesia
1580 1378 1634 1450 piis
1648 1381 1816 1439 orationibus
1830 1383 2006 1443 interveniat.

352 1465 422 1506 num
436 1448 544 1506 domini
554 1450 692 1507 Dalmatis·
707 1451 808 1510 deret:
1206 1473 1301 1529 pmcn,

743 1719 1043 1827 statuta
1070 1722 1302 1829 stuctt
1333 1715 1615 1827 HUGONIS

966 1929 1111 1991 metris
1131 1930 1386 1990 CLUNIACENSIS

627 2053 689 2119 Pro
702 2053 867 2137 Alpbonsp
878 2072 951 2138 repe
965 2055 1216 2140 Hispaniarum,
1230 2061 1391 2138 maguam
1405 2053 1533 2137 insipat
1548 2053 1759 2137 benelnctore.

384 2367 518 2424 Omnibus
532 2369 660 2427 tratribus
673 2386 705 2426 ac
718 2370 782 2426 liliis
794 2373 894 2428 nostris
920 2372 948 2427 in
975 2372 1148 2430 cluniacensi
1161 2356 1186 2419 Β
1200 2380 1227 2428 ιιι
1241 2372 1417 2444 praebendam
1432 2371 1616 2444 quotidianam
1631 2372 1730 2429 habeat
1743 2370 1772 2427 in
1791 2370 1934 2427 refectorio
1963 2370 2000 2427 ad

347 2456 473 2514 eoenobio
495 2458 613 2515 Domino
641 2458 669 2514 in
691 2458 747 2516 lide
771 2469 846 2517 recte
872 2461 1064 2527 servientibus,
1093 2471 1148 2519 tem
1202 2463 1332 2533 majorem
1348 2474 1481 2527 mensam,
1510 2460 1588 2531 quasi
1615 2460 1639 2517 si
1666 2460 1812 2516 nobiscnm
1840 2457 2000 2530 epulaturus

348 2545 532 2617 praesentibus
560 2562 642 2620 quam
669 2547 774 2614 tuturis,
803 2549 888 2607 irater
930 2552 1010 2606 lineo
1051 2550 1145 2617 abbas,
1200 2550 1318 2617 sederat,
1334 2566 1394 2622 quae
1409 2550 1456 2605 uni
1470 2563 1622 2621 pauperum
1638 2548 1739 2605 Christi
1756 2562 1865 2619 semper
1891 2546 1998 2604 tribue-

349 2634 471 2690 ooelestis
484 2634 562 2707 regni
575 2636 687 2707 praemia
701 2644 729 2692 et
743 2645 851 2694 telernae
866 2637 1006 2694 felicitatis
1034 2640 1144 2714 gaudia.
1202 2648 1245 2695 tur
1257 2654 1308 2709 pro
1323 2638 1519 2695 salutennimre
1536 2638 1606 2709 ejus,
1636 2644 1692 2693 tem
1719 2637 1748 2691 in
1776 2635 1832 2693 vite
1858 2651 1940 2706 quam
1968 2636 1997 2690 in

383 2723 523 2791 Convenit,
539 2721 718 2796 dilectissimi,
738 2734 768 2781 ut
783 2727 854 2783 sicut
880 2742 930 2783 nos
958 2728 1067 2783 Petrum
1093 2743 1146 2784 no·
1200 2736 1295 2785 morte.
1551 2796 1552 2799 Ἴ

346 2820 464 2867 stromm
477 2812 688 2883 praecedentium
717 2813 846 2883 instituta,
870 2815 920 2871 etsi
938 2830 995 2870 non
1020 2815 1056 2871 ed
1083 2814 1146 2887 ple·
1236 2816 1304 2871 lluic
1317 2830 1568 2887 qunquemensurae
1582 2816 1672 2883 bonae,
1693 2814 1834 2882 confertae,
1862 2810 1942 2869 simul
1972 2819 2000 2869 ct

344 2916 420 2963 num,
435 2907 536 2968 tamen,
552 2910 633 2972 prout
645 2917 799 2973 possumus,
814 2902 931 2959 fideliter
957 2904 1144 2973 observamus,
1200 2904 1346 2979 coagitatae
1359 2902 1604 2975 supereffluentiam
1619 2903 1721 2961 addere
1734 2902 1885 2974 cupientes,
1914 2900 1998 2958 dedi·

346 2988 384 3044 ita
399 2989 480 3045 etiam
494 2996 521 3045 et
537 3005 587 3045 sos
602 3006 634 3045 ea
649 3008 709 3064 quae
722 3007 773 3062 pro
788 2992 926 3047 communi
953 2992 1068 3048 utilitato
1084 2991 1146 3049 lieri
1200 3009 1260 3048 mus
1270 2992 1295 3048 ei
1310 2992 1339 3047 in
1354 2990 1468 3048 ecclesia
1488 2991 1628 3047 bantomm
1657 2991 1842 3061 apostolorum
1872 2990 1942 3047 Petri
1971 2998 2000 3047 et

346 3077 525 3145 decernimus,
541 3084 568 3133 et
577 3078 675 3135 devote
688 3078 854 3150 suscipiatis,
879 3086 906 3135 ct
919 3079 1064 3136 salubriter
1076 3096 1145 3137 con·
1199 3080 1274 3137 Pauli
1290 3096 1371 3148 nove,
1392 3094 1473 3152 quam
1488 3080 1546 3151 ipse
1560 3079 1595 3135 de
1612 3080 1720 3152 propris
1736 3078 1910 3136 facultatibus
1928 3094 1999 3137 con-

345 3165 891 3237 servetisquatenusetvobismeritum
915 3167 1090 3235 obedientiae,
1120 3178 1146 3225 et
1200 3170 1332 3226 struxisse
1346 3168 1467 3237 videtur,
1479 3184 1561 3224 unum
1585 3168 1670 3223 altare
1697 3168 1732 3224 dc
1760 3167 1915 3240 praecipuis,
1945 3181 1999 3237 quo

346 3254 399 3309 iliis
412 3270 463 3325 pro
479 3254 578 3325 quibus
590 3253 654 3309 talia
667 3255 872 3328 praecipiuntur,
898 3257 1045 3328 praemium
1069 3272 1145 3313 sem·
1199 3258 1302 3315 scilicet
1316 3257 1408 3313 divina
1422 3264 1548 3329 mystena
1562 3254 1666 3312 ibidem
1679 3256 1816 3313 celebrata
1838 3255 1917 3312 saluti
1940 3254 1999 3325 ejus

344 3342 461 3415 piternte
477 3342 572 3398 salutis
586 3353 735 3400 accrescat.
1199 3346 1307 3404 valeant
1320 3345 1473 3419 suffragari.
1493 3344 1565 3402 Cum
1578 3361 1645 3403 veru
1661 3344 1742 3417 hujus
1756 3344 1913 3417 temporalis
1934 3344 1998 3400 vitm

380 3433 481 3487 Notum
496 3431 587 3502 itaque
601 3431 634 3486 sit
655 3431 815 3489 fraternitati
843 3443 951 3503 vestrae,
978 3436 1145 3506 praecepisse
1199 3451 1307 3493 cursum
1326 3435 1419 3491 debito
1442 3434 1496 3490 line
1523 3433 1710 3505 compleverit,
1740 3433 1865 3504 exceptis
1893 3430 1997 3500 officiis,

345 3536 394 3576 nos
409 3520 557 3577 dedomno
577 3519 716 3592 alphonso
735 3521 925 3592 Hispaniarum
953 3540 1028 3596 rege,
1051 3531 1144 3580 nosue
1199 3522 1299 3590 missis,
1314 3531 1395 3594 atque
1423 3522 1616 3593 eleemosynis,
1646 3537 1707 3592 quae
1738 3535 1787 3592 pro
1814 3520 1862 3576 illo
1890 3518 1998 3592 agenda

344 3607 418 3664 fideli
433 3608 531 3676 amico,
543 3607 589 3678 qui
604 3615 677 3664 tanta
691 3625 724 3666 ac
740 3610 802 3666 telin
818 3611 889 3668 bona
904 3611 985 3667 nobis
1014 3611 1087 3678 lecit,
1117 3621 1144 3668 et
1199 3620 1271 3678 sunt,
1287 3627 1341 3666 uno
1356 3625 1427 3666 anno
1441 3608 1638 3680 insupradieto
1662 3607 1739 3664 alteri
1764 3607 1848 3663 misse
1869 3606 1999 3680 speciali-

344 3697 435 3752 edbuc
449 3695 633 3753 indesinenter
652 3697 725 3764 iacit,
750 3707 780 3754 ut
803 3699 941 3754 nerninem
972 3715 1069 3773 regum
1097 3699 1141 3755 vel
1157 3704 1182 3768 c
1197 3707 1237 3755 ter
1250 3699 1430 3770 quotidiepro
1444 3695 1492 3752 illo
1506 3705 1630 3754 meatur.
1640 3695 1835 3752 Audiversaria
1849 3711 1915 3752 vero
1939 3695 1998 3752 dies

342 3785 497 3856 principum
507 3785 566 3840 sive
582 3785 676 3855 priscis
691 3803 738 3842 seu
752 3787 891 3843 modernis
911 3787 1088 3857 temporibus,
1119 3789 1144 3844 ei
1198 3788 1285 3858 ipsius
1300 3788 1337 3842 ita
1351 3802 1400 3858 per
1418 3787 1510 3842 omnia
1524 3793 1628 3856 agatur,
1644 3785 1711 3841 sicut
1725 3799 1775 3856 pro
1795 3785 1896 3841 domno
1923 3785 1997 3841 Hen-

344 3887 503 3943 comparare
518 3873 747 3945 possimus,quod
762 3873 910 3930 scilicetin
925 3875 1051 3930 omnibus
1065 3875 1144 3932 bonis
1197 3875 1254 3932 rico
1269 3876 1433 3948 imperatore
1447 3877 1586 3947 Augusto;
1602 3873 1638 3930 ad
1662 3889 1793 3944 vesperas
1819 3873 1930 3942 scilicet,
1960 3873 1996 3930 ed

344 3977 404 4032 quae
418 3960 535 4016 Domino
550 3960 681 4033 largiente
695 3960 724 4016 in
738 3965 831 4018 nostro
852 3961 925 4028 loco,
954 3962 998 4018 vel
1024 3962 1051 4017 in
1083 3963 1144 4019 eliis
1196 3963 1324 4032 officium,
1358 3971 1385 4020 et
1411 3964 1448 4018 ed
1476 3961 1586 4018 missam
1609 3963 1702 4018 omnin
1727 3961 1807 4035 signs
1839 3968 1995 4034 tangentur,

344 4058 436 4103 nostro
448 4047 506 4118 juri
518 4048 636 4104 subditis
648 4057 709 4105 acta
736 4049 844 4116 inerim,
871 4050 1018 4121 specialem
1043 4051 1143 4108 babeat
1197 4061 1296 4109 tractus
1320 4051 1348 4107 in
1376 4051 1470 4124 cappis
1497 4059 1618 4122 canetur,
1643 4050 1740 4107 eedem
1768 4049 1851 4106 missa
1874 4049 1909 4106 ad
1934 4051 1995 4122 ejus

344 4137 577 4210 participationem
592 4147 646 4192 tem
660 4137 688 4192 in
702 4137 758 4193 vita
772 4154 854 4210 quam
868 4143 1068 4212 postmortem.
1194 4141 1278 4198 altere
1298 4143 1467 4209 decantetur,
1500 4139 1644 4197 duodecim
1672 4153 1806 4212 pauperes
1825 4137 1991 4206 reficiantur,

377 4227 511 4281 Praeterea
522 4223 646 4280 dedimus
662 4225 687 4281 ei
701 4226 729 4281 in
744 4227 797 4282 vita
811 4243 861 4282 sua
887 4243 970 4284 unum
994 4227 1138 4299 psalmum,
1193 4235 1297 4302 septem
1315 4229 1411 4284 diebus
1441 4228 1548 4299 justitia
1575 4226 1663 4298 detur,
1692 4234 1807 4297 excepta
1831 4227 1992 4298 quotidiana

340 4312 434 4378 idest,
451 4313 802 4382 Exaudiattelinmlnus,
818 4314 1140 4374 edboramtertiamsine
1192 4317 1427 4390 praebendalium
1453 4317 1481 4372 in
1504 4315 1602 4386 majori
1631 4315 1713 4370 missa
1737 4330 1844 4386 semper
1871 4314 1989 4386 ponitur,

339 4401 543 4457 intermissione
560 4401 723 4466 canendum,
753 4411 780 4458 et
805 4404 841 4459 ad
867 4405 999 4475 maj0rem
1027 4405 1138 4461 missam
1192 4406 1334 4463 abundans
1347 4404 1617 4462 relectioacustode
1631 4403 1752 4458 ecclesiae
1766 4402 1896 4458 fratribus
1910 4418 1988 4474 prae-

337 4507 418 4545 unam
441 4489 594 4556 collectam,
623 4491 651 4545 id
675 4488 727 4561 es't,
759 4493 933 4562 Quaesumus,
961 4496 1139 4567 omnipotens
1191 4502 1311 4567 paretur.
1328 4495 1358 4548 ln
1368 4493 1410 4548 liis
1424 4501 1514 4549 autem
1529 4491 1654 4548 omnibus
1668 4507 1728 4563 quae
1743 4491 1777 4547 de
1793 4490 1840 4547 illo
1869 4490 1913 4546 vel
1939 4506 1988 4562 pro

340 4579 420 4658 Deos,
451 4578 533 4633 simili
562 4577 655 4644 modo,
683 4579 800 4652 quandiu
829 4581 937 4636 vixerit.
962 4581 1138 4638 Decrevimus
1189 4581 1238 4639 illo
1253 4583 1299 4655 agi
1312 4581 1492 4651 decrevimus,
1522 4579 1549 4635 iu
1580 4579 1632 4648 bis,
1661 4579 1781 4649 inquam,
1811 4577 1936 4634 omnibus
1962 4587 1991 4634 et

339 4683 449 4739 quoque
460 4674 489 4722 ut
502 4667 530 4722 in
544 4667 589 4723 die
600 4667 692 4724 Coenae
716 4667 827 4724 Domini
854 4667 984 4742 tringinta
1005 4686 1138 4741 pauperes
1190 4671 1312 4740 reginam
1332 4671 1393 4741 ejus
1405 4671 1553 4742 conjugem
1567 4667 1771 4724 devotissimam
1783 4665 1841 4723 fieri
1862 4667 1987 4722 volumus

344 4771 443 4826 proco
458 4756 598 4811 mittantur
615 4756 650 4811 ad
679 4755 847 4813 mandatum.
866 4757 901 4814 Et
913 4757 941 4812 in
973 4757 1018 4814 die
1045 4768 1137 4815 sancto
1188 4759 1360 4831 participem.
1377 4759 1488 4829 lnsuper
1503 4756 1645 4814 duodecim
1662 4771 1797 4828 pauperes
1811 4763 1838 4811 et
1850 4753 1878 4810 in
1899 4755 1982 4811 Coene

342 4845 453 4900 Paschae
466 4852 573 4900 centum
587 4843 762 4901 nihilominus
784 4862 920 4918 pauperes
938 4862 955 4902 a
985 4847 1137 4906 camerario
1189 4847 1298 4904 bomini
1312 4847 1505 4915 concessimus,
1520 4853 1547 4902 et
1565 4845 1593 4900 in
1607 4843 1818 4900 anniversarium
1833 4845 1903 4914 ejus,
1914 4842 1984 4899 sicut

331 4947 387 5004 pro
402 4949 434 4989 eo
449 4931 614 4989 reficiantur.
631 4933 664 4989 Et
678 4949 760 5006 super
774 4935 832 4992 baec
860 4935 952 4991 omnia
981 4935 1135 5006 statuimus,
1188 4936 1367 5010 imperatricis
1380 4935 1493 5008 Agnetis
1503 4932 1724 5007 egicensuimus.

875 5273 1143 5368 STATUTA
1175 5271 1448 5370 musonii.

455 5503 582 5585 Recipit
597 5504 804 5570 lambertum
818 5503 966 5568 addeum
979 5502 1011 5568 S.
1030 5503 1156 5568 bertini
1178 5502 1280 5568 ueluti
1297 5502 1469 5586 proprium
1483 5499 1638 5569 cluniaci
1655 5501 1863 5569 monocbnm.

366 5797 560 5865 limodicino
573 5797 664 5872 gratia
677 5796 866 5855 cluniacensis
893 5797 1010 5856 coenobii
1039 5800 1136 5869 abbas,
1191 5815 1273 5870 quam
1288 5797 1392 5866 tuturis,
1408 5808 1468 5871 post
1494 5805 1597 5857 sanctae
1620 5795 1833 5858 conversationis
1863 5791 1992 5870 insignia,

329 5888 438 5948 conctis
452 5885 626 5948 lratdbnsac
646 5885 707 5948 tiliis
734 5887 843 5960 nostrie,
871 5895 927 5945 tam
953 5889 1133 5963 presentibus
1186 5888 1349 5950 bertevile
1362 5886 1473 5967 gaudie.
