4750 6725
318 579 368 636 249

974 599 1040 656 LlB.
1063 602 1111 672 tv,
1132 605 1243 664 arist.
1264 609 1307 667 Cl.

1917 617 1971 671 250

316 699 370 757 imo
393 717 475 774 snper
503 721 547 762 me
562 705 672 782 erigere
688 727 696 774 ;
711 711 746 770 de
760 711 812 771 bac
840 731 871 771 ra
895 725 1013 776 vestrum
1036 723 1118 796 exigo
1132 727 1160 789 Α
1174 729 1227 787 lius
1253 751 1367 805 possum
1381 739 1535 815 intelligere
1560 759 1567 812 ;
1597 743 1830 816 quemadmodum
1853 759 1903 814 per
1915 742 1973 811 eius

315 789 472 847 eonsilium.
489 794 524 850 Ει
538 797 670 868 quoniam
685 800 753 856 duos
768 801 911 877 episcopos
931 808 1078 868 llolensem
1093 822 1121 870 et

315 878 540 938 Tediordiensem
567 885 682 943 consilio
705 888 821 946 aliorum
858 895 1057 969 episeopomm,
1083 903 1118 956 ad

313 981 381 1038 quos
396 970 518 1039 pertinet
530 972 589 1030 haeo
601 974 709 1045 injuria,
725 978 831 1036 mittam
847 982 874 1036 in
891 986 1017 1055 proximo
1031 990 1117 1059 450

311 1055 345 1110 ud
362 1056 504 1114 domiuum
519 1070 642 1118 nostrum
658 1081 762 1138 regem,
783 1083 816 1124 ex
832 1085 894 1126 mea
917 1081 995 1145 parte
1019 1083 1045 1131 et
1069 1093 1118 1134 eo·

309 1159 380 1212 mm,
410 1145 473 1216 ejus
501 1149 643 1220 postulare
671 1155 859 1225 auxilium,ud
874 1158 1030 1219 laciendum
1046 1167 1118 1238 quod

309 1231 344 1289 de
370 1235 421 1291 bac
434 1252 464 1290 re
487 1239 619 1296 canonice
633 1241 721 1299 debeo
745 1253 772 1300 et
786 1246 849 1304 volo
863 1247 951 1306 tacere
968 1269 974 1316 ;
991 1255 1118 1312 mandate

310 1321 416 1379 eisdem
445 1325 591 1399 episcopis,
622 1337 650 1385 ut
677 1347 714 1386 ex
742 1342 833 1390 vestra
848 1346 923 1407 parte
951 1340 1020 1398 sicut
1046 1343 1116 1400 alio·

310 1425 374 1464 rum
389 1412 579 1486 episcoporum
590 1418 752 1491 legationem
763 1437 839 1480 suam
850 1438 1046 1498 exsequentur.
1063 1433 1116 1488 Va·

311 1497 377 1554 lete.

569 1595 736 1656 Ertsvoat
755 1601 862 1659 xevn.

333 1709 473 1755 sansonis
490 1715 707 1763 wtoonrutttuffls
722 1723 859 1766 ECCLBSIAE
873 1726 1043 1774 SAGERDOTIS
1058 1733 1093 1774 ab

630 1792 794 1836 ANSBLMUM.

345 1875 464 1934 Domino
479 1895 529 1936 suo
544 1889 570 1937 et
585 1882 659 1940 Patri
673 1885 833 1945 charissimo
856 1891 1000 1962 luseum,
1030 1912 1115 1952 vene-

308 1964 394 2020 rabili
409 1966 596 2026 Cantuariensi
619 1973 838 2048 archiepiscopo,
855 1979 969 2036 ersou
997 1983 1115 2057 Wigor-

310 2053 415 2110 niensis
444 2057 576 2116 licetesiae
603 2063 740 2133 sacerdos,
757 2065 882 2136 salutem,
912 2077 938 2125 et
965 2073 1114 2144 servitium,
1130 2091 1157 2154 B
1172 2109 1345 2166 Rhomen„

308 2148 335 2198 et
351 2143 491 2202 orationes
506 2147 612 2215 tideles.¹

346 2231 495 2290 blandastis
523 2237 600 2306 mibi,
617 2240 737 2310 domine,
767 2250 794 2299 et
817 2244 885 2302 siout
898 2247 1053 2318 professum
1069 2253 1118 2309 Ee.

310 2319 403 2376 clesiae
432 2331 532 2380 vestrae
561 2333 586 2382 et
610 2337 730 2386 vestrum
755 2332 959 2406 submonuistis,
985 2349 1117 2409 quatenus

310 2407 347 2464 de
371 2412 484 2483 negotio
508 2416 581 2485 quod
605 2427 646 2474 cst
661 2419 733 2474 inter
747 2437 799 2476 ves
814 2429 841 2478 et
864 2424 994 2481 Tbomem
1009 2428 1118 2485 Ebora-

309 2499 402 2554 censis
416 2501 549 2560 Ecclesiae
564 2503 689 2574 electum,
705 2507 732 2562 in
748 2510 848 2567 auxilio
860 2513 937 2568 vobis
952 2523 979 2569 et
989 2516 1119 2573 Ecclesiae

311 2591 427 2658 vestrae,
466 2591 570 2648 scilicet
605 2595 801 2669 cantuariensi,
840 2602 1001 2660 existerem.
1043 2607 1118 2664 Unde

308 2689 411 2745 precor
433 2679 624 2739 excellentiam
647 2693 777 2754 vestram,
804 2704 837 2744 ne
862 2690 896 2746 de
920 2707 964 2747 me
989 2693 1118 2750 dubitetis

309 2763 385 2835 quod
409 2767 619 2842 professionem,
641 2790 721 2845 quam
745 2775 798 2832 leci
823 2781 851 2832 el
874 2779 964 2838 adbuc
989 2781 1071 2852 facio,
1092 2791 1119 2838 et

307 2867 362 2922 per
390 2856 483 2912 onmia
506 2859 623 2918 retinere
647 2864 719 2930 volo,
748 2865 776 2919 in
803 2865 896 2937 atiquo
924 2868 967 2924 vel
1004 2879 1118 2941 propter

309 2941 429 3012 aliquem
441 2946 670 3008 fraudarevelim.
688 2953 821 3011 Existimo
832 2956 903 3011 enim
917 2957 993 3026 qued
1015 2958 1116 3015 nullum

308 3027 338 3083 in
353 3045 440 3089 causa
454 3043 543 3092 vestr-a
566 3039 702 3097 habebitis
725 3041 888 3113 fideliorem,
905 3053 932 3100 et
960 3063 1010 3117 pru
1037 3063 1117 3119 posse

308 3133 372 3175 meo
400 3121 465 3192 plus
489 3124 618 3184 devotum
642 3129 804 3201 adjutorem.
831 3134 872 3189 De
896 3135 1010 3192 consilio
1028 3145 1117 3192 autem

308 3207 384 3277 qnod
405 3224 422 3264 a
437 3227 481 3268 me
497 3215 642 3287 quesistis,
655 3219 678 3274 si
693 3219 793 3276 sciram
808 3222 939 3279 veraciter
949 3225 1013 3294 quid
1037 3225 1117 3281 vobis

307 3302 337 3350 et
354 3297 434 3355 nobis
461 3303 549 3377 magis
569 3307 724 3378 expediret,
753 3309 846 3367 dicere
872 3328 927 3368 non
968 3311 1114 3371 differrem.

307 3384 369 3443 Hoc
397 3396 499 3447 tantum
527 3394 588 3453 dico
604 3397 667 3468 quia
687 3398 752 3454 mibi
767 3398 874 3456 videtur
888 3400 1028 3474 indiguum
1057 3420 1116 3459 esse

306 3490 360 3545 pm
382 3476 435 3535 bac
462 3497 545 3539 eausa
573 3500 622 3542 vos
644 3486 725 3543 nimis
752 3488 847 3546 irasci.
877 3490 944 3546 Cum
976 3491 1050 3548 euim
1078 3500 1118 3548 tot

306 3562 466 3639 episcopos,
483 3576 522 3627 tot
535 3572 660 3645 abbates,
675 3582 716 3633 tot
728 3576 875 3648 optimates
895 3579 970 3636 uiros
985 3581 1118 3636 babemus

307 3656 405 3722 testes,
427 3656 507 3716 laeile
536 3662 603 3718 milri
633 3664 738 3721 videtur
761 3674 813 3721 tum
838 3683 930 3738 parvm
958 3669 1001 3724 vel
1018 3670 1118 3725 nullius

306 3744 478 3803 auctoritatis
505 3749 617 3808 elericos
646 3769 727 3824 posse
751 3756 875 3811 refutari.
904 3758 1015 3813 tltomm
1047 3759 1117 3813 enim

307 3841 352 3891 est
376 3835 437 3891 telis
464 3840 658 3909 controversia,
689 3859 814 3913 quorum,
843 3845 1038 3914 mibivirtetur,
1064 3864 1118 3903 nou

307 3932 448 3997 estgrere
471 3930 690 4001 presumptivam
720 3932 869 3989 annihilare
898 3934 1050 3990 audacium.
1078 3936 1118 3991 De

307 4012 367 4083 ipso
383 4015 557 4085 veroetecto‚
574 4026 602 4074 ut
622 4019 724 4076 credidi
740 4030 765 4076 ct
791 4022 884 4089 credo,
912 4032 939 4078 et
965 4023 1017 4078 sibi
1044 4022 1118 4079 credi

1174 819 1265 878 vivum
1289 842 1384 883 vocem
1399 831 1521 899 poteritis
1546 842 1640 902 aperte
1663 847 1836 906 cognoscere.
1860 829 1974 886 Absolu-

1174 909 1274 967 tionem
1289 923 1417 984 uostrum,
1434 937 1514 989 quam
1535 937 1585 992 per
1604 921 1728 976 eumdem
1758 920 1878 984 tratrem,
1902 917 1974 972 sieut

1173 999 1232 1068 ipse
1247 1005 1314 1057 mibi
1329 1006 1428 1074 retulit,
1444 1023 1460 1062 ι
1475 1025 1518 1064 me
1540 1010 1642 1080 petitis,
1659 1017 1685 1064 et
1699 1009 1794 1075 eorde,
1821 1015 1848 1064 et
1875 1022 1931 1073 ore,
1947 1013 1975 1060 et

1173 1089 1306 1158 seriptum
1326 1092 1463 1151 dilectioni
1486 1106 1583 1152 vestare
1611 1099 1698 1165 mitto,
1726 1107 1752 1153 et
1780 1095 1902 1167 quotidie
1924 1110 1974 1166 pro

1173 1176 1251 1232 vobis
1278 1195 1337 1236 oro.
1362 1180 1539 1254 Omnipotens
1561 1187 1635 1242 Deus
1654 1195 1779 1242 sanctum
1807 1182 1973 1240 desiderium

1173 1275 1291 1323 vestmm
1318 1273 1407 1343 magis
1434 1289 1467 1328 ae
1484 1275 1573 1346 magis
1586 1275 1725 1343 accendat,
1750 1284 1776 1330 et
1802 1274 1836 1329 ad
1863 1273 1972 1328 beatum

1171 1355 1296 1412 ellectum
1310 1361 1452 1428 perducat.
1464 1366 1561 1420 Amen.

1429 1469 1597 1528 EPlSTOLA
1615 1473 1712 1528 XCIX.

1319 1571 1439 1615 axsnaur
1459 1575 1495 1614 an
1514 1575 1667 1616 seruarent
1686 1573 1818 1616 cortrrau.

1205 1664 1357 1720 mussantes
1372 1665 1592 1737 archiepiscopus
1614 1667 1776 1733 Gentesne,
1805 1663 1916 1721 domino
1945 1670 1972 1718 et

1170 1750 1258 1805 emico
1292 1768 1341 1808 suo
1369 1754 1527 1811 charissimo
1559 1758 1691 1812 llnnsuro
1728 1752 1820 1810 comiti
1844 1754 1879 1809 de
1905 1751 1971 1806 blel-

1170 1824 1251 1909 lento,
1263 1843 1378 1898 salutem
1393 1851 1419 1899 et
1430 1843 1650 1902 benedictionem
1666 1844 1715 1902 Dei
1729 1851 1756 1900 et
1779 1859 1867 1912 suam,
1882 1856 1970 1912 quan-

1169 1936 1225 1986 tum
1241 1940 1340 2002 potest.

1204 2021 1245 2076 De
1268 2037 1347 2077 causa
1368 2031 1485 2094 quaeest
1512 2023 1582 2079 iuter
1595 2039 1638 2080 rue
1659 2030 1686 2078 et
1700 2023 1832 2078 Thomam
1855 2021 1971 2076 electum

1347 2129 1384 2179 m,
1409 2113 1510 2169 mundo
1533 2114 1614 2168 vobis
1627 2121 1653 2168 et
1666 2128 1773 2183 precor,
1788 2111 1858 2166 sieut
1875 2123 1971 2166 uemm

1172 2198 1290 2254 amicum
1304 2209 1330 2255 et
1344 2200 1428 2256 lilium
1444 2201 1537 2257 matris
1553 2202 1682 2258 Ecclesia
1705 2198 1915 2266 Cantuariensis,
1944 2205 1972 2252 et

1172 2289 1387 2356 eonsu10,sieut
1411 2289 1483 2345 fideli
1498 2291 1660 2357 Christiano,
1684 2299 1711 2346 et
1724 2287 1841 2344 fideliter
1869 2285 1971 2342 amanti

1172 2378 1304 2434 honorem
1319 2387 1345 2436 et
1355 2379 1514 2452 dignitatem
1527 2381 1599 2453 regis
1614 2388 1640 2435 et
1651 2379 1731 2435 totius
1745 2377 1822 2450 regni
1849 2376 1968 2448 anglie,

1173 2475 1307 2536 quatenus
1336 2467 1543 2540 diligentissime
1571 2478 1597 2524 et
1624 2467 1818 2524 studiosissime
1840 2464 1970 2521 conside-

1173 2555 1239 2610 retis
1253 2557 1359 2626 pondus
1387 2559 1455 2613 tenti
1483 2559 1546 2614 meli
1574 2559 1648 2628 quod
1675 2558 1734 2628 ipse
1747 2556 1865 2610 Tbomas
1878 2553 1970 2608 lacere

1172 2653 1295 2713 conatur,
1311 2655 1338 2702 et
1348 2646 1473 2703 omnibus
1488 2646 1589 2702 viribus
1599 2647 1667 2702 sieut
1681 2645 1808 2713 injuriam
1832 2651 1859 2698 et
1885 2642 1969 2713 igno-

1172 2735 1294 2806 miniam,
1310 2744 1337 2791 et
1351 2737 1425 2808 regis
1439 2745 1466 2792 et
1481 2735 1561 2792 totius
1577 2735 1654 2807 regui
1681 2733 1797 2806 duelies,
1826 2738 1853 2788 et
1876 2730 1969 2786 matris

1171 2833 1269 2882 vestrae
1292 2825 1430 2894 Ecclesiae,
1459 2832 1486 2880 et
1513 2823 1778 2894 aretrtepiscoporum
1807 2819 1967 2887 Cantuarim,

1171 2913 1346 2971 intentionem
1367 2915 1426 2984 ejus
1453 2913 1614 2984 reprimatis.
1642 2913 1684 2968 De
1711 2910 1856 2980 mentique
1870 2907 1897 2964 in
1919 2922 1969 2978 spe

1170 3002 1264 3058 auxilii
1287 3002 1338 3058 Dei
1365 3002 1481 3071 affirmo,
1510 3003 1573 3074 quia
1588 3018 1724 3073 nunquam
1746 3017 1796 3071 per
1810 3015 1854 3055 me
1868 2997 1928 3065 erit,
1944 3004 1971 3052 et

1170 3093 1194 3148 si
1222 3092 1319 3147 scirem
1342 3107 1386 3147 me
1414 3107 1474 3147 eres
1499 3091 1657 3148 moritumm
1686 3097 1830 3160 antequam
1844 3088 1895 3142 ista
1909 3086 1969 3156 eJus

1171 3180 1308 3238 calumnia
1323 3181 1454 3237 exstinete
1476 3189 1555 3248 esset,
1567 3196 1697 3252 ponerem
1716 3193 1874 3248 supereum
1902 3191 1967 3230 sen·

1170 3270 1282 3326 tentiam
1306 3278 1407 3341 quanto
1435 3269 1590 3341 graviorem
1605 3285 1650 3324 me
1676 3265 1966 3339 posseintelligerem.

1169 3361 1210 3415 De
1232 3362 1284 3416 boc
1311 3368 1401 3415 eutem
1415 3369 1489 3417 certa
1504 3361 1540 3415 eit
1561 3367 1650 3416 vestra
1664 3356 1773 3415 dilectio
1788 3355 1852 3427 quia
1878 3352 1967 3409 nullus

1132 3449 1241 3515 Cberre
1265 3450 1324 3521 ejus
1338 3450 1578 3520 praesumptionem
1600 3447 1656 3504 ullo
1684 3449 1767 3503 modo
1781 3460 1862 3499 manu
1878 3452 1968 3498 tenere

1171 3546 1268 3609 potest,
1298 3539 1356 3594 sine
1384 3553 1433 3594 suo
1461 3554 1562 3611 magno
1583 3545 1695 3609 peccato
1722 3544 1749 3592 et
1775 3534 1833 3590 sine
1847 3533 1887 3588 ira
1901 3531 1963 3586 Dei.

1171 3626 1287 3697 Spiritus
1309 3635 1419 3683 sauctus
1445 3626 1547 3700 dirigat
1574 3641 1622 3681 eor
1645 3632 1766 3681 vestrum
1787 3622 1815 3678 in
1842 3620 1964 3677 veritate.

1171 3719 1266 3771 Amen.

1462 3802 1631 3861 nvtsvoat
1648 3802 1678 3857 C.

1188 3926 1308 3969 txsnunr
1326 3928 1362 3967 an
1381 3926 1531 3967 nonnarurr
1550 3922 1758 3965 messanensem
1778 3918 1944 3961 neracorurr.

1206 4022 1365 4089 tlxsnuuus,
1393 4017 1617 4089 archiepiscopus
1645 4013 1804 4072 Cantuariae.
1834 4012 1967 4067 Renunro

308 4110 427 4173 oportet,
438 4106 572 4161 veraciter
585 4106 691 4164 uilirmo
705 4108 770 4180 quia
785 4125 851 4182 erga
879 4127 997 4167 resnou
1020 4112 1119 4169 babeat
1169 4110 1300 4181 episcopo
1314 4107 1484 4175 Cicestrensi‚
1499 4108 1623 4163 salutern.

306 4190 429 4247 animum
444 4193 497 4248 nisi
512 4194 624 4263 bonurn,
641 4194 710 4252 etin
735 4206 865 4268 quantum
892 4198 1022 4270 vixeritis,
1038 4202 1117 4259 vobis
1206 4198 1305 4254 Audivi
1321 4197 1394 4269 quod
1422 4197 1628 4253 archidiaconus
1643 4202 1730 4251 vester
1744 4191 1849 4262 accepit
1874 4186 1968 4245 borni·

308 4288 336 4335 et
346 4280 482 4338 Ecclesiae
490 4292 586 4341 vestrae
596 4300 647 4355 per
661 4286 752 4341 omnia
762 4286 939 4345 devotissime
952 4290 1115 4359 subiectum.
1170 4303 1219 4343 nes
1247 4303 1324 4343 meos
1338 4286 1415 4358 quasi
1437 4301 1488 4356 pro
1503 4285 1673 4341 torisiaetum
1687 4283 1780 4339 traetae
1800 4279 1971 4347 festivitatis,

308 4368 380 4425 tttud
397 4379 489 4426 autem
519 4370 610 4442 placet
638 4374 783 4445 mihiquie
809 4374 909 4432 lecistis
927 4377 999 4447 quod
1028 4377 1118 4436 iacere
1169 4384 1196 4431 et
1219 4375 1253 4430 de
1280 4374 1312 4430 iis
1333 4374 1441 4447 plegios
1468 4372 1581 4443 aceepit,
1611 4389 1661 4428 nee
1681 4380 1805 4427 anteeos
1828 4368 1966 4425 voluitdi·

310 4458 455 4527 debuistis,
484 4476 518 4515 ex
541 4461 613 4518 bona
638 4462 776 4519 voluntate
790 4464 940 4534 suadendo,
970 4475 996 4521 et
1019 4482 1052 4522 ex
1066 4483 1116 4522 eu·
1169 4463 1276 4519 mittere
1303 4478 1385 4535 quam
1411 4461 1521 4534 plegios
1548 4462 1660 4517 baberet
1675 4476 1682 4529 ;
1698 4461 1771 4531 quod
1786 4457 1967 4514 neesibinec

310 4548 437 4605 ctoritate
469 4550 562 4606 debita
584 4552 778 4623 precipiendo,
802 4551 866 4624 quia
893 4554 914 4608 si
938 4554 965 4609 iu
990 4554 1117 4612 dilatione
1168 4553 1250 4609 alicui
1275 4567 1400 4623 personae
1422 4551 1486 4608 licet
1512 4566 1595 4621 super
1614 4550 1740 4605 bomines
1768 4562 1854 4603 meos.
1883 4546 1964 4602 Unde

309 4638 524 4694 consecrationis
551 4647 592 4696 est
618 4648 771 4711 peccatum,
810 4642 920 4698 atterius
956 4660 1037 4714 quam
1071 4660 1116 4701 ve·
1169 4643 1270 4697 mando
1285 4641 1363 4697 vobis
1380 4649 1410 4696 ut
1424 4641 1497 4695 idem
1520 4639 1605 4713 plegii
1619 4645 1751 4694 vocentur
1765 4636 1858 4707 quieti,
1887 4634 1964 4690 etde

307 4734 402 4782 strum.

363 4820 366 4825 ·
551 4799 721 4857 nvtsxonn
740 4802 863 4857 xcvttt.

498 4902 617 4945 ausuum
632 4904 669 4944 tn
683 4904 767 4947 aurant
781 4906 917 4947 contram.

341 4998 598 5051 duanaxusservus
613 4994 743 5051 Ecclesiae
762 4996 976 5063 cantuariensis,
1001 4996 1112 5056 domiuo

307 5090 334 5139 ct
349 5084 451 5149 amico,
468 5090 494 5139 et
507 5084 533 5139 in
543 5085 601 5141 Deo
617 5084 796 5141 dilectissimo
809 5086 885 5141 Earn
910 5086 1012 5156 comiti,
1034 5086 1109 5143 satu-

306 5178 372 5239 tem,
388 5179 415 5227 et
429 5170 519 5244 gratia
533 5172 583 5229 bei
597 5188 705 5243 semper
717 5174 799 5248 dirigi
813 5182 839 5230 et
853 5176 968 5248 pmtegi.

341 5259 456 5317 Gaudeo
470 5268 498 5316 et
511 5260 614 5335 gratias
628 5278 680 5335 ago
702 5264 760 5318 Deo
778 5262 956 5335 omnipotenti
971 5277 987 5320 ι
1002 5279 1056 5336 quo
1071 5272 1112 5321 est

306 5338 522 5418 omnebonum,
545 5350 591 5421 qni
612 5366 659 5408 oor
676 5360 792 5407 veetmm
821 5352 893 5408 bona
917 5352 1056 5410 voluntate
1084 5362 1111 5409 et

305 5445 401 5495 saneta
415 5438 564 5495 intentione
574 5440 612 5494 ita
621 5439 744 5511 implevit
767 5448 795 5495 ut
808 5439 1008 5497 studiosissime
1032 5458 1110 5513 qum-

1168 4730 1361 4787 urebidiucono
1376 4729 1442 4784 mibi
1454 4728 1587 4801 justitiam
1610 4727 1702 4793 tacite,
1731 4724 1795 4798 quia
1808 4724 1872 4780 talia
1886 4739 1963 4793 prae-

1126 4810 1287 4890 Dsumpsit
1314 4834 1396 4889 super
1422 4818 1546 4873 homines
1567 4832 1653 4872 meus.
1682 4814 1761 4883 Quod
1789 4820 1878 4868 autem
1896 4812 1962 4867 mibi

1167 4909 1317 4964 mandastis
1332 4916 1361 4963 ut
1373 4908 1538 4979 castigarem
1561 4904 1685 4961 homines
1712 4910 1829 4969 nostros,
1858 4918 1893 4957 ne
1918 4900 1965 4956 alii

1167 4998 1301 5068 accipiant
1315 4997 1418 5052 malum
1433 4994 1589 5064 exemplum
1599 4992 1635 5049 ob
1650 4992 1698 5060 eis,
1714 5001 1808 5065 grates
1822 4990 1920 5058 refero,
1936 4998 1964 5046 et

1164 5086 1239 5159 quod
1267 5085 1331 5141 inde
1354 5085 1444 5141 iecere
1471 5083 1601 5139 debuero.
1618 5084 1676 5138 Deo
1704 5088 1839 5137 annuente
1853 5079 1960 5135 seciam.

1166 5174 1269 5231 talete.

1448 5242 1615 5300 nrtsront
1634 5243 1678 5298 (il.

1356 5366 1532 5407 suasurum
1552 5366 1579 5407 a.
1601 5366 1767 5407 nrrseovurr.

1200 5445 1362 5509 dissecatus,
1378 5439 1599 5511 archiepiscopus
1626 5439 1835 5505 Cantuariensis,
1864 5438 1963 5495 dilecto

306 5527 372 5581 ratis
385 5526 543 5594 eonsilium,
559 5528 622 5599 quis
636 5528 680 5583 viu
694 5536 720 5583 et
733 5544 786 5599 qus
800 5528 854 5584 uite
869 5530 988 5585 securius
1008 5539 1034 5585 et
1050 5530 1110 5585 etti-
1164 5531 1252 5586 amieo
1266 5544 1316 5586 suo
1330 5530 1478 5585 reverendo
1493 5528 1622 5599 episeopo
1636 5528 1681 5596 li,
1696 5526 1819 5584 salntem.

307 5616 520 5687 rariuspossitis
535 5617 675 5686 pervenire
690 5618 724 5672 ad
748 5634 862 5690 regnum
876 5619 1007 5675 eoetorum
1032 5626 1059 5674 et
1074 5620 1109 5675 ad
1200 5620 1300 5675 blando
1328 5626 1355 5673 et
1377 5617 1508 5688 precipio
1527 5616 1607 5672 vobis
1633 5633 1685 5687 per
1703 5618 1962 5674 sanctamobedien·

304 5704 412 5761 beatam
426 5704 582 5761 societatem
610 5705 780 5779 augelorum.
796 5706 876 5776 Quod
901 5708 1111 5778 quoniamame
1165 5707 1231 5762 tiam
1273 5724 1355 5778 quam
1398 5705 1526 5763 Ecclesiae
1556 5705 1740 5761 Cantuariensi
1767 5712 1795 5761 et
1822 5706 1888 5761 mibi
1916 5708 1962 5761 de·

305 5792 437 5863 quaeritis,
458 5792 559 5849 mundo
588 5792 653 5849 illud
679 5794 756 5850 vobis
770 5810 819 5865 per
845 5794 974 5851 dilectum
1000 5796 1109 5854 tratrem
1165 5796 1244 5863 betis,
1269 5804 1299 5850 ut
1326 5794 1429 5851 scilieet
1456 5793 1528 5866 quod
1557 5794 1585 5849 in
1613 5793 1742 5865 subjectis
1764 5794 1859 5849 litteris
1895 5810 1962 5864 quaa

305 5880 427 5937 llordnnr
443 5881 560 5937 emirum
576 5890 601 5937 et
624 5880 783 5940 tauriliarem
809 5892 938 5951 restrum,
960 5884 1028 5940 sicut
1055 5902 1109 5941 me·
1164 5884 1278 5940 Tbomae
1292 5884 1379 5941 eleeto
1402 5884 1534 5940 Ecclesiae
1561 5882 1729 5939 Eboracensi
1749 5882 1877 5939 destinari
1898 5882 1963 5937 sen'-
