4750 6725
966 624 1048 680 vlla
1067 626 1097 683 B.
1113 626 1306 683 BREGWlNl.

310 742 1959 797 Q

691 892 915 1041 VITA
969 895 1047 1041 B.
1103 895 1580 1052 BREGWINI

856 1146 1120 1205 suculssrlscorl
1137 1147 1415 1209 CANTUARIENSIS

639 1328 937 1437 AUCTORE
984 1330 1287 1437 sabucito
1325 1334 1634 1442 MONAGHO

860 1576 1034 1648 (Waarrrorr,
1050 1575 1155 1649 Aegiis
1168 1591 1266 1647 socru,
1281 1576 1322 1646 ll,
1338 1578 1413 1651 181.)

346 1888 494 1946 Exordium
509 1888 642 1960 proposui
655 1887 708 1945 mei
722 1894 804 1958 atque
810 1901 983 1958 procursum,
1001 1900 1055 1959 quo
1074 1886 1109 1943 de
1122 1886 1151 1948 Α
1165 1902 1199 1943 ea
1213 1886 1339 1962 vigebat:
1350 1896 1444 1961 utpote
1458 1892 1638 1951 sanctissimis
1648 1910 1679 1951 ac
1694 1896 1885 1954 strenuissimis
1898 1915 1962 1957 suo-

309 1979 393 2035 beato
407 1978 550 2053 Bregwino
563 1976 691 2050 pontifice
718 1975 924 2033 cantuariorum
950 1975 1069 2031 scribere
1096 1990 1113 2031 a

310 2067 477 2138 quibusdam
492 2065 675 2121 familiaribus
683 2064 753 2121 meis
766 2070 880 2138 rogatus
901 2063 1016 2131 institui,
1044 2078 1112 2136 gra-

309 2155 356 2212 tire
371 2155 535 2212 commendo
547 2154 664 2227 Spiritus
676 2153 772 2224 sancti,
787 2168 871 2209 orans
885 2161 914 2207 ut
925 2169 984 2209 sua
996 2151 1113 2224 largita·

309 2244 346 2300 tia
360 2244 530 2300 abundantia
538 2259 607 2316 cue
620 2250 684 2299 sunt
697 2241 814 2300 dicenda
841 2241 956 2308 revelet,
971 2248 999 2297 et
1017 2238 1051 2296 ad
1078 2254 1113 2295 ea

310 2334 461 2405 munienda
474 2347 523 2388 cor
535 2340 665 2387 meumst
678 2332 801 2404 linguam
811 2332 891 2401 juxta
904 2330 1034 2403 placitum
1054 2344 1113 2385 suae

308 2420 460 2478 uoluntatis
473 2418 625 2477 clementer
638 2420 758 2491 aperiat.
777 2418 838 2475 Fuit
851 2426 942 2474 autem
955 2417 1016 2489 ipse
1042 2416 1112 2473 bea·

311 2516 354 2565 tus
368 2508 396 2563 in
411 2509 504 2565 matris
517 2516 622 2564 uteros
635 2508 694 2565 Deo
706 2508 818 2576 electus,
841 2506 968 2563 eamdem
998 2505 1113 2563 electio·

308 2613 374 2653 nem
387 2606 450 2655 ante
465 2598 557 2654 omnia
570 2596 672 2653 ιιοοιιιι
685 2598 715 2651 in
729 2595 909 2668 dispositione
934 2594 1114 2667 precarios-

310 2686 391 2743 tionis
403 2685 453 2742 bai
467 2684 585 2742 feliciter
598 2694 705 2743 nactus.
729 2686 859 2741 Parentes
886 2685 945 2754 eius
968 2699 1003 2740 es
1030 2691 1114 2757 gente

309 2774 460 2842 Saxonum,
476 2774 572 2842 nobili,
587 2781 617 2830 ut
632 2774 733 2842 iertur,
749 2774 877 2846 prosapia
890 2773 954 2839 orti,
983 2773 1037 2829 boc
1051 2788 1112 2829 me-

308 2869 421 2921 ruerunt
434 2872 463 2919 ut
478 2864 559 2920 talem
573 2864 614 2919 eis
628 2862 714 2918 lilium
729 2862 845 2919 Creator
860 2862 982 2918 omnium
1010 2861 1088 2918 daret
1103 2879 1111 2925 ;

1166 1977 1320 2035 sessoribus
1347 1980 1417 2050 ejus,
1446 1998 1516 2054 quos
1543 1983 1631 2041 lioma
1653 1984 1789 2041 direxerat
1803 1986 1901 2058 quique
1924 1987 1964 2045 illi

1164 2065 1194 2121 in
1208 2065 1420 2136 patriarchatum
1435 2070 1659 2128 cantuariensem
1672 2090 1758 2146 usque
1772 2075 1806 2131 ud
1823 2076 1964 2147 prelatum

1166 2154 1353 2212 birhtualdum
1369 2168 1565 2226 successerant,
1596 2176 1630 2217 ne
1659 2161 1686 2217 iu
1713 2162 1806 2235 aliquo
1826 2165 1966 2223 vacillaret

1165 2242 1291 2315 vigilanti
1327 2245 1509 2303 sollicitudine
1540 2248 1737 2307 insistentibus.
1767 2252 1908 2325 Siquidem
1931 2253 1966 2310 ab

1166 2332 1292 2405 ingressu
1306 2335 1392 2390 Patris
1405 2336 1548 2408 Augustini
1562 2338 1590 2393 in
1603 2338 1731 2411 Angliam
1758 2356 1793 2397 eo
1819 2357 1906 2414 usque
1920 2342 1965 2397 iu·

1166 2420 1227 2477 salu
1241 2422 1301 2493 ipsa
1316 2438 1371 2479 non
1386 2430 1490 2480 tanturn
1504 2426 1591 2496 patuit
1604 2424 1783 2485 barbarorum
1810 2429 1963 2503 irruptioni,

1166 2516 1297 2580 mantum
1311 2526 1371 2567 eam
1400 2513 1572 2582 postmodum
1601 2515 1718 2585 patuisse
1746 2516 1909 2589 accepimus,
1938 2528 1967 2576 et

1166 2598 1282 2669 quidem
1294 2599 1381 2670 juste.
1400 2601 1513 2657 Noriter
1525 2602 1598 2659 enirn
1612 2613 1767 2675 susceptum
1778 2606 1967 2663 Christianita-

1167 2686 1205 2742 tis
1216 2688 1314 2760 jugum
1329 2688 1427 2760 mojori
1441 2688 1612 2763 diligentias
1627 2693 1721 2749 multis
1747 2695 1916 2765 portabatur,
1941 2700 1968 2752 et

1167 2791 1199 2831 ea
1214 2775 1248 2831 de
1262 2792 1291 2833 re
1304 2775 1442 2835 Dominus
1457 2779 1579 2835 Christus
1593 2779 1646 2836 sibi
1661 2781 1832 2839 adhaerentes
1846 2798 1966 2855 propen-

1166 2863 1231 2919 siori
1246 2864 1389 2923 clementia
1404 2866 1538 2923 tuebatur.
1554 2868 1633 2925 Unde
1640 2869 1736 2927 'bonum
1750 2870 1820 2928 odor
1833 2879 1861 2927 et
1877 2871 1906 2928 in
1920 2888 1968 2929 ex-

307 2969 390 3025 quem
405 2952 540 3023 probitate
554 2968 671 3022 morum,
687 2968 769 3024 quem
783 2950 879 3024 peritia
893 2950 1046 3023 disciplina
1059 2966 1113 3007 coe·
1165 2958 1239 3009 teras
1262 2955 1393 3028 regiones
1420 2971 1550 3012 emanans
1565 2957 1656 3029 plures
1681 2960 1775 3016 nativo
1789 2958 1847 3017 solo
1873 2960 1968 3018 relicto

308 3040 423 3099 testium
438 3041 599 3113 dogmatum
609 3048 638 3097 et
650 3056 789 3097 summum
804 3040 831 3096 in
845 3037 1041 3097 ecclesiasticis
1066 3038 1112 3094 di·
1165 3040 1194 3096 in
1209 3042 1336 3115 hogliam
1349 3043 1414 3115 egit.
1430 3045 1506 3100 luter
1520 3061 1589 3117 quos
1603 3046 1765 3120 bregwinus
1777 3048 1842 3106 lesu
1869 3047 1968 3105 Christi

307 3129 460 3203 gnitatibus
474 3130 588 3201 gradum
603 3136 631 3186 et
643 3128 772 3199 perennis
784 3128 881 3201 gloria
894 3143 1007 3200 regnum
1030 3126 1113 3199 digne
1165 3130 1269 3202 gratias
1283 3131 1366 3187 tultus
1381 3147 1414 3188 eo
1429 3132 1551 3202 veniens,
1567 3149 1632 3191 mox
1646 3136 1762 3193 statione
1781 3136 1883 3208 potitus
1897 3152 1967 3193 cun-

306 3217 407 3274 debere
421 3217 538 3290 adipisci
553 3216 755 3289 comprobator.
772 3217 839 3273 liceo
852 3216 923 3273 inter
948 3230 1033 3287 opera
1060 3215 1111 3272 Dei
1124 3242 1151 3303 Β
1165 3219 1219 3275 ctis
1232 3219 1333 3276 charus
1346 3225 1387 3277 est
1401 3228 1429 3277 et
1441 3221 1509 3279 ciuis
1522 3222 1618 3294 patrie
1633 3224 1730 3281 laetus.

306 3305 443 3380 regnabat
457 3306 486 3362 in
501 3306 596 3364 &ntia
609 3305 650 3362 uir
663 3313 788 3362 strenuus
815 3313 841 3362 et
853 3303 954 3362 nobilis
982 3304 1108 3362 Wibtre·
1200 3307 1307 3366 Deinde
1321 3308 1410 3368 lirorr
1424 3324 1530 3379 carens,
1559 3311 1640 3370 docet
1665 3312 1735 3371 alios
1762 3330 1826 3387 qua
1852 3316 1967 3386 sciebat,

305 3397 358 3452 dus
372 3396 494 3462 nomine,
509 3395 693 3452 sacratissima
706 3394 734 3450 in
750 3395 835 3450 Deum
854 3394 988 3468 religione
1015 3395 1108 3451 imbu-
1162 3395 1245 3454 discit
1258 3398 1294 3454 ab
1309 3398 1372 3455 aliis
1387 3415 1449 3470 quse
1463 3399 1617 3472 ignorabat.
1633 3401 1728 3475 Igitur,
1745 3403 1814 3459 sicut
1835 3412 1914 3462 aetata
1941 3415 1968 3463 et

305 3492 359 3553 tus,
375 3500 471 3542 mrros
486 3485 536 3540 Dei
554 3484 582 3539 in
596 3485 655 3540 Deo
669 3491 697 3540 et
710 3484 799 3540 Deum
812 3483 841 3538 in
854 3483 940 3540 servis
967 3482 1024 3538 suis
1049 3499 1108 3555 pree
1161 3484 1283 3554 seientia,
1296 3487 1335 3542 ita
1349 3486 1498 3558 inspirante
1513 3487 1563 3546 bei
1577 3490 1761 3560 providentia,
1776 3491 1852 3548 sicin
1862 3494 1966 3552 sanctis

305 3587 336 3630 se
350 3573 443 3646 magni
458 3589 569 3646 semper
582 3573 699 3629 habens.
718 3573 776 3629 Suo
791 3579 912 3644 tempore
938 3579 1018 3643 pater
1030 3588 1107 3643 pra·
1161 3573 1286 3630 moribus
1300 3572 1460 3645 proficiebat
1473 3580 1501 3631 et
1516 3574 1619 3632 coelesd
1634 3578 1779 3648 sapientia.
1809 3579 1880 3650 Quia
1897 3597 1964 3654 ergo

304 3661 431 3719 dicenda
469 3662 609 3719 memorien
636 3660 808 3718 birhtualdus
835 3660 864 3716 in
895 3661 1106 3732 patmarohatum
1159 3660 1426 3734 scriptumlegerat:
1440 3662 1963 3735 ouimdttsctmttummdtsrettnto-

303 3751 402 3824 primae
417 3750 578 3824 metropolis
592 3749 744 3823 tnglorum
750 3750 831 3805 beato
842 3749 985 3805 theodoro
994 3763 1106 3806 succes·
1159 3765 1222 3806 rem
1237 3751 1340 3819 (docte.
1352 3765 1372 3820 r,
1383 3751 1438 3821 ts),
1449 3766 1482 3808 eo
1493 3752 1582 3824 magis
1599 3751 1711 3810 ridebat
1730 3753 1783 3810 sibi
1797 3754 1826 3810 in
1841 3757 1893 3813 bac
1908 3755 1964 3813 rita

304 3847 388 3904 serat,
403 3846 432 3896 et
444 3855 507 3896 eum
521 3838 604 3911 digne
618 3839 678 3895 Deo
692 3839 721 3893 in
743 3836 872 3893 omnibus
889 3835 1104 3893 administrabat.
1159 3835 1352 3909 ladorandum,
1371 3854 1405 3896 ne
1433 3839 1502 3896 inter
1530 3839 1691 3899 innumeros
1719 3841 1823 3900 diaboli
1848 3844 1962 3916 laqueos

303 3929 391 4000 liujus
404 3928 531 3984 instinctu
545 3936 573 3984 et
586 3927 774 3996 exhortatione
789 3927 846 3996 (12)
860 3926 991 3997 praelatus
1005 3941 1054 3980 res
1077 3924 1106 3981 in
1158 3925 1288 3998 gradiens
1300 3926 1355 3983 illis
1368 3927 1539 4000 aliquatenus
1552 3930 1590 3985 ab
1603 3937 1705 3988 mterns
1731 3931 1789 3988 vita
1815 3933 1961 4006 impedire·

301 4016 429 4091 generali
456 4014 574 4074 concilio
602 4024 716 4074 cunetas
741 4014 819 4088 regni
846 4014 887 4070 sui
915 4014 1044 4071 ecclesium
1068 4012 1105 4070 ab
1159 4023 1212 4085 tur,
1229 4031 1284 4086 quo
1309 4016 1405 4086 maiori
1430 4017 1544 4074 seientia
1572 4018 1704 4092 praeditus
1716 4020 1885 4094 intelligebat
1904 4037 1959 4096 quo

301 4104 381 4163 omni
393 4103 578 4162 dominatione
591 4108 620 4159 ct
632 4104 775 4161 exactione
800 4119 898 4176 regum
929 4102 1105 4175 sirecnjusli·
1157 4104 1329 4176 graderetur,
1344 4105 1367 4161 si
1381 4105 1464 4163 nullis
1484 4123 1579 4164 eorum
1605 4107 1816 4180 impedementis
1838 4110 1960 4168 irretitus

302 4195 351 4250 bet
376 4202 489 4251 terrenus
516 4193 663 4264 potestatis
688 4191 829 4250 tiberasin
854 4200 1017 4264 perpetuum
1045 4207 1104 4249 csse
1158 4193 1187 4249 iu
1201 4194 1246 4250 via
1261 4194 1429 4252 rectitudinis
1443 4196 1618 4254 detineretur.
1647 4198 1718 4255 Usus
1739 4198 1832 4271 itaque
1858 4199 1957 4255 salubri

300 4283 450 4340 constituit.
1156 4282 1286 4354 consilio,
1299 4285 1403 4354 sprevit
1429 4285 1560 4342 mundum
1588 4294 1616 4342 et
1638 4287 1838 4345 oblectamenta
1863 4288 1958 4344 mundi

340 4371 388 4428 ilis
403 4372 503 4429 diebus
516 4371 585 4446 {illel
599 4373 635 4429 de
649 4388 703 4444 quo
717 4369 838 4430 scribere
850 4370 1048 4442 proposuimus
1075 4370 1104 4428 in
1156 4372 1258 4438 omnia,
1275 4372 1351 4444 sequi
1366 4371 1481 4444 cupiens
1507 4389 1601 4431 eornm
1633 4376 1771 4446 exempla,
1797 4375 1843 4446 qui
1871 4373 1956 4432 secuti

301 4461 427 4518 Sasonis
441 4469 520 4518 natus
534 4469 585 4531 est,
601 4469 628 4518 et
653 4460 842 4533 aparentibus
867 4460 1026 4533 Bregtvinus
1052 4475 1103 4518 cc·
1157 4459 1303 4516 Dominum
1319 4461 1485 4532 reliquerunt
1498 4479 1528 4518 se
1541 4470 1569 4518 et
1583 4461 1675 4518 omnia
1701 4477 1761 4518 sua.
1790 4464 1956 4534 itaquese-

303 4549 489 4624 goominatus,
504 4565 582 4606 mero
596 4549 696 4607 debinc
713 4548 787 4606 leuto
814 4549 842 4604 in
870 4547 1024 4604 Christiana
1050 4547 1103 4604 lide
1156 4547 1279 4606 colerem
1302 4553 1385 4606 vitam
1399 4549 1457 4605 rita
1484 4550 1637 4606 monachali
1664 4557 1847 4620 commutans,
1862 4549 1956 4608 babitu

301 4646 499 4712 regeneratus;
528 4645 555 4696 et
581 4639 718 4696 infantiles
743 4653 830 4696 annos
864 4653 993 4710 egressus
1018 4597 1142 4709 erepitC
1157 4637 1283 4694 mutari
1305 4637 1421 4708 abiecto,
1441 4641 1634 4696 monachorum
1658 4655 1719 4695 sese
1740 4639 1860 4713 collegio
1887 4637 1956 4696 nibil

303 4727 467 4802 puerbonee
494 4727 593 4784 indolis
619 4743 691 4794 esse,
719 4727 854 4784 modestia
868 4741 975 4783 morum
1003 4734 1104 4784 saneta
1156 4726 1316 4783 habentium
1335 4727 1458 4784 ιοοιιιιῑ.
1487 4729 1586 4784 Factus
1626 4743 1693 4801 ergo
1721 4729 1870 4784 monachus
1895 4729 1956 4798 ejus

301 4817 361 4889 spei
377 4815 504 4872 tidueiam
519 4817 577 4872 suis
591 4817 626 4873 de
638 4833 668 4873 se
683 4815 824 4874 exhibere.
840 4816 910 4872 ltine
919 4815 1014 4872 litteris
1042 4819 1103 4870 tra-
1156 4815 1277 4872 exterior
1287 4817 1379 4881 homo,
1395 4823 1492 4874 cuncta
1519 4833 1582 4892 quaa
1609 4816 1665 4872 reri
1680 4816 1806 4873 monachi
1816 4823 1887 4886 sunt,
1903 4817 1958 4872 rir-

301 4905 387 4971 ditur,
402 4913 428 4961 et
442 4905 470 4962 in
483 4904 577 4962 schola
590 4903 733 4962 [lominica
748 4905 891 4961 enutritur.
911 4907 1050 4978 »lugentur
1075 4904 1103 4960 in
1156 4907 1244 4960 tutum
1281 4903 1385 4962 scilicet
1411 4912 1582 4972 ornamenta,
1610 4905 1754 4975 amplexus
1778 4911 1819 4960 est
1846 4905 1958 4962 interior

300 5010 336 5050 co
350 4992 387 5050 de
400 4994 445 5050 die
460 4995 488 5050 in
502 4995 574 5050 diem
583 4993 673 5050 studia
686 4992 756 5050 sacri
768 4994 925 5065 proiectus,
942 5002 969 5050 et
996 4993 1025 5049 lit
1052 5009 1103 5065 pro
1156 4991 1249 5048 bonno.
1267 4993 1299 5048 lit
1313 4994 1371 5050 hauc
1386 4992 1494 5065 singule
1507 4993 1535 5048 in
1549 5007 1599 5048 sua
1611 4992 1794 5049 odolescentia
1807 4993 1859 5048 sibi
1887 4995 1957 5050 asci-

302 5088 398 5140 tenore
418 5099 475 5139 suae
502 5083 593 5138 etatis
612 5082 766 5138 inlitterati
798 5081 909 5139 scientie
937 5098 991 5139 nou
1017 5082 1103 5138 multo
1157 5079 1205 5148 ait,
1221 5081 1311 5139 sciens
1325 5080 1442 5151 sejuxta
1467 5095 1566 5138 rocem
1592 5080 1676 5137 divini
1690 5081 1772 5152 elogii
1787 5081 1866 5136 etiarn
1895 5097 1957 5138 cnm

301 5179 366 5242 post
381 5171 512 5244 temporis
526 5170 669 5228 intervallo
682 5172 830 5242 perlectus.
847 5171 994 5227 Florebant
1019 5170 1102 5228 etiam
1156 5177 1320 5236 senesceret,
1336 5169 1371 5224 ab
1385 5170 1426 5226 eis
1441 5184 1495 5226 oon
1509 5185 1691 5226 recessurum.
1709 5169 1768 5226 lice
1781 5171 1855 5228 iecit.
1871 5171 1958 5244 igitur

301 5260 393 5316 adhuc
407 5276 515 5332 quoque
528 5277 577 5333 per
592 5260 716 5334 Angliam
730 5259 863 5316 exercitia
876 5273 910 5316 ac
922 5259 1011 5315 studia
1036 5258 1102 5314 litte
1156 5257 1268 5316 roeleste
1282 5258 1462 5331 propositum,
1478 5258 1551 5330 quod
1569 5275 1603 5316 ea
1612 5258 1686 5315 dono
1701 5258 1797 5332 gretiae
1804 5259 1855 5316 llei
1869 5275 1959 5319 susce·

301 5365 406 5415 rarum,
419 5365 480 5422 qun
494 5365 528 5406 er
543 5348 615 5405 beati
629 5347 768 5405 Theodori
782 5347 920 5420 pontilicis
938 5347 1103 5404 Cantumio·
1157 5354 1245 5418 perat,
1261 5345 1289 5402 in
1303 5345 1415 5404 seruitio
1430 5347 1539 5404 Domini
1553 5362 1731 5419 perseverans
1743 5347 1833 5404 eidem
1860 5350 1959 5422 gratiss

302 5455 363 5496 rum
378 5438 494 5512 ejusque
516 5438 713 5510 discipulorum
742 5436 886 5494 traditione
897 5445 983 5494 totam
1006 5445 1105 5494 terram
1158 5435 1378 5493 conservandum
1390 5435 1495 5509 jugiter
1509 5436 1730 5494 commendabat.

303 5527 457 5601 megnitiee
471 5527 632 5600 irrigabunt.
647 5526 756 5600 Religio
769 5525 946 5582 nihilominus
972 5524 1105 5583 Christia-
1196 5524 1255 5581 illis
1281 5523 1380 5582 diebus
1406 5525 1520 5582 antistes
1534 5523 1714 5583 Birhtualdua
1741 5526 1805 5584 vitre
1831 5529 1959 5599 presenti

301 5632 348 5684 us,
364 5633 446 5688 quam
460 5633 495 5672 ea
509 5615 704 5690 predicatione
717 5614 832 5687 gloriosi
847 5629 880 5671 ac
894 5613 953 5671 Deo
967 5613 1044 5689 digni
1059 5616 1109 5674 l’a.
1160 5614 1294 5681 sublatus,
1323 5612 1385 5672 ritae
1413 5614 1525 5688 pereuni
1553 5615 1644 5672 illatus
1671 5623 1723 5672 est.
1752 5615 1854 5672 bocum
1867 5625 1958 5674 autern

302 5705 507 5780 ubhugustini
526 5705 625 5763 cantia
652 5709 821 5778 susceperat,
850 5702 1054 5777 quammaxime
1080 5703 1109 5761 io
1163 5720 1244 5778 quem
1273 5702 1375 5761 muodo
1402 5703 1550 5763 discedens
1575 5719 1690 5763 vacuum
1723 5703 1846 5776 reliquit,
1861 5691 1985 5762 oodsm'

339 5913 397 5983 (ta)
412 5913 523 5968 Factum
537 5907 566 5968 id
578 5924 650 5968 anno
665 5909 717 5967 tut
731 5909 760 5965 in
774 5905 891 5966 consilio
904 5903 1092 5978 Becancelde,
1103 5908 1183 5980 caius
1199 5911 1265 5966 heta
1279 5915 1387 5968 uetant
1396 5907 1423 5966 in
1437 5907 1535 5968 concil.
1551 5909 1633 5984 hngl.
1649 5915 1716 5968 tom.
1731 5909 1755 5978 l,
1777 5923 1844 5982 pag.
1860 5905 1940 5970 tas..
