4750 6725
402 589 467 652 tot
900 587 1058 646 sinnam
1081 585 1360 644 CdNTUlllilliNSIS
1385 585 1552 646 MONACHI
1995 593 2051 647 5⁰8

405 726 495 778 strum
512 736 563 792 pro
577 717 779 779 confirmatione
801 716 928 775 dioecesis
947 723 1054 784 vesuae,
1071 729 1133 790 quse
1147 722 1201 771 tuae
1216 709 1241 773 Α
1257 719 1304 769 aut
1317 713 1430 771 errando
1443 723 1548 787 pareat,
1562 724 1609 773 aut
1622 716 1716 776 ferinis
1735 717 1836 775 laniate
1857 717 1994 776 morsibus
2005 733 2057 774 ra·

406 811 529 883 subjacet
540 811 648 879 ditioni,
662 827 723 882 quse
737 809 764 864 in
780 807 904 866 omnibus
925 822 961 862 ex
981 811 1075 862 nostro
1090 812 1204 876 aposto·
1258 803 1359 882 piatur,
1374 812 1474 874 quanto
1488 805 1588 862 sudore
1602 815 1755 880 quantaque
1768 823 1835 866 cura
1848 807 1981 865 debemus
1994 821 2059 864 esse

407 899 467 957 lice
480 900 646 957 auctoritatis
659 897 805 972 privilegio
820 896 1008 970 splendescere
1022 894 1172 964 desideras,
1191 914 1202 945 ι
1258 893 1405 965 pervigiles
1419 894 1456 951 ob
1469 894 1583 951 salutem
1597 897 1759 967 animarum,
1774 898 1821 970 qui
1834 906 1959 970 pastores
1983 896 2058 953 dici-

408 999 460 1047 020,
1258 985 2059 1060 mureamm‘lAttendamusigiturnosofliciumexbibere

444 1080 585 1153 «Sergius
598 1095 667 1150 papa
681 1079 795 1152 regibus
808 1077 970 1152 dnglcmm.
1259 1086 1326 1144 erga
1346 1072 1498 1130 custodiam
1520 1075 1722 1132 Dominicerum
1740 1078 1849 1146 ovium,
1871 1086 1908 1146 et,
1926 1093 1962 1134 ue
1980 1075 2060 1148 qussi

443 1186 458 1216 a
474 1167 579 1222 Donum
602 1165 698 1236 gratim
723 1164 879 1238 spiritualis,
894 1164 971 1237 quod
990 1161 1077 1219 sancti
1092 1160 1206 1234 Spiritus
1258 1159 1323 1232 lupo
1337 1161 1463 1218 veniente
1476 1163 1563 1219 territi
1577 1162 1723 1238 fugiamus,
1738 1182 1774 1222 ne
1787 1166 1816 1220 in
1829 1165 1876 1222 die
1890 1164 1975 1221 divini
1989 1179 2060 1220 exa-

407 1253 585 1310 illustratione
597 1252 718 1309 lidelium
733 1254 820 1310 corda
838 1253 988 1321 succendit,
1004 1268 1036 1308 ac
1050 1251 1206 1322 reparando
1258 1250 1338 1306 minis
1351 1266 1404 1322 pro
1418 1251 1522 1308 desidia
1535 1261 1629 1310 nostra
1641 1263 1706 1310 ento
1720 1271 1857 1310 summum
1872 1256 2013 1311 Pastorem
2032 1261 2062 1310 et

405 1341 490 1396 reficit
506 1349 532 1396 et
546 1339 652 1396 virtutis
667 1338 787 1395 mirificas
802 1338 954 1396 constantie
966 1338 1087 1406 roborat,
1104 1343 1130 1392 et
1145 1352 1204 1394 coe-
1258 1339 1428 1412 negligentia
1441 1349 1534 1398 nostra
1548 1344 1745 1420 excruciemur,
1759 1344 1833 1400 uude
1846 1343 1929 1400 modo
1945 1344 2061 1399 honoris

407 1429 514 1486 lesdam
543 1427 738 1486 beneflciomm
768 1427 883 1484 instituit
910 1427 1064 1500 perenniter
1090 1443 1205 1500 prome·
1258 1428 1453 1486 reverentiam
1466 1430 1625 1488 sublimiore
1649 1447 1712 1489 arce
1733 1433 1840 1490 ceteris
1859 1432 2057 1503 dijudicamur.

407 1519 459 1575 reri
475 1518 617 1592 suffragia,
629 1526 655 1575 et
666 1517 815 1574 labentium
829 1533 921 1576 rernm
936 1517 1017 1574 exitia
1030 1517 1205 1576 nihilominus
1259 1517 1406 1574 Primatum
1420 1520 1514 1592 itaque
1529 1529 1614 1590 tuum,
1626 1521 1655 1578 iu
1669 1537 1723 1592 quo
1738 1521 1787 1578 tibi
1800 1537 1833 1578 es
1846 1536 1925 1578 more
1938 1528 2062 1578 anteces-

406 1622 570 1682 precavere,
588 1630 599 1657 ιι
617 1614 670 1664 etc.
1259 1622 1350 1664 sorum
1366 1613 1484 1677 tuomm,
1500 1609 1574 1666 vices
1588 1609 1746 1682 apostolicae
1760 1611 1835 1666 sedis
1847 1626 1975 1668 exercere
1989 1624 2060 1668 con-

444 1719 456 1746 r
472 1698 550 1752 Idem
563 1712 635 1768 papa
648 1696 784 1770 episcopis
797 1695 912 1771 dugliae.
1259 1697 1343 1766 venit,
1358 1695 1397 1754 ite
1411 1697 1462 1754 tibi
1475 1698 1510 1753 ad
1524 1699 1636 1770 plenum
1651 1699 1853 1768 confirmemus,
1868 1699 1939 1756 sicut
1951 1700 2062 1758 beatum

446 1808 458 1836 r
475 1786 550 1843 Sicut
564 1786 652 1855 nobis,
668 1786 761 1842 fratris
774 1785 914 1860 incogniti,
930 1785 1028 1860 quibus
1041 1801 1136 1844 curam
1159 1787 1206 1845 oi·
1259 1787 1451 1858 Augustinum
1467 1786 1579 1860 simque
1599 1803 1780 1854 successuras.
1795 1790 1918 1861 praelata
1931 1788 2063 1847 Ecclesiae

408 1873 462 1932 ficii
476 1873 621 1948 pastoralis
634 1875 705 1932 beati
720 1875 906 1946 apostolorum
926 1876 1058 1947 principis
1072 1876 1142 1934 Petri
1157 1893 1206 1934 su·
1259 1874 1416 1946 pontifices,
1444 1875 1551 1947 plenius
1578 1877 1705 1934 babuisse
1729 1878 1910 1952 dignoscitur.
1944 1877 2063 1934 Pellium

407 1979 501 2037 perure
515 1964 636 2037 dignatio
657 1964 837 2022 miserationis
862 1965 1038 2038 regimenque
1061 1967 1205 2037 concessit,
1260 1979 1326 2021 vem
1340 1965 1503 2022 fraternitati
1517 1969 1582 2034 tue,
1599 1982 1633 2023 es
1647 1983 1734 2037 more,
1749 1967 1784 2023 ed
1798 1966 1941 2023 missenum
1956 1967 2063 2024 solem-

409 2054 586 2110 reverendem
609 2054 720 2112 advexit
741 2055 926 2126 presentiam,
942 2055 979 2111 ite
994 2070 1102 2128 quoque
1123 2054 1207 2111 uestri
1219 2094 1246 2156 Β
1260 2053 1306 2108 nia
1319 2053 1484 2111 celebrande
1503 2055 1738 2126 commendamus,
1759 2071 1816 2130 quo
1834 2056 1883 2113 tibi
1903 2071 1961 2112 non
1983 2055 2065 2113 aliter

409 2142 608 2216 religiosissimi
622 2143 785 2214 praesulatus
797 2144 907 2216 collegii
922 2144 1015 2218 agnita
1028 2143 1100 2202 salus
1114 2144 1206 2218 gemi-
1261 2142 1393 2200 Ecclesia
1407 2151 1460 2200 tum
1472 2143 1627 2218 privilegiis
1640 2145 1670 2200 in
1684 2161 1734 2202 suc
1746 2153 1819 2202 stetu
1832 2144 2010 2203 manantibus
2024 2145 2063 2200 uti

411 2247 474 2287 num
489 2231 578 2290 attulit
591 2249 689 2289 munus
711 2233 830 2304 tripudii.
863 2235 933 2290 Nem
957 2235 1080 2291 omnium
1103 2233 1209 2292 auctori
1261 2231 1447 2302 consedimus,
1460 2249 1541 2304 quam
1556 2249 1635 2290 usum
1650 2243 1839 2292 antecessores
1858 2232 1944 2292 emat
1962 2233 2064 2307 prodi·

410 2319 550 2377 bcnorum
564 2321 684 2379 Domino
699 2324 757 2379 lieo
768 2330 863 2380 nosue
878 2323 1026 2380 immensae
1049 2324 1209 2397 peregimus
1262 2320 1378 2379 derunt.
1394 2322 1491 2392 Neque
1505 2325 1551 2379 tue
1564 2322 1709 2395 pnrdentie
1722 2325 1776 2380 boc
1789 2323 1961 2396 incognitum
1979 2323 2066 2379 lrabet

410 2409 521 2482 greties,
537 2417 646 2482 reperta
673 2412 785 2468 fratrum
812 2412 935 2470 fidelium
962 2412 990 2468 iu
1018 2413 1082 2470 sinu
1107 2420 1209 2470 sanctae
1261 2410 1306 2467 rel
1319 2411 1491 2482 cujusquam,
1506 2411 1636 2484 quoniam
1647 2411 1798 2468 indumenti
1823 2413 1911 2469 bonor
1929 2411 2065 2469 modere-

410 2498 506 2556 matn's
519 2498 651 2556 Ecclesiae
671 2501 857 2558 unanimitatis
880 2501 981 2559 devote
1003 2503 1212 2572 consentiam
1262 2499 1337 2556 tione
1349 2505 1460 2555 actuum
1473 2500 1630 2558 tremendae
1643 2500 1703 2557 erit.
1719 2501 1863 2559 iioueeteti
1877 2517 1986 2558 mamm
1998 2508 2063 2558 tuc-

411 2589 514 2645 amoris
525 2588 649 2646 fervente
657 2590 728 2647 inter
739 2605 769 2647 se
784 2591 993 2666 dilectionisque
1003 2592 1151 2650 consortio.
1164 2591 1211 2650 Sic
1262 2604 1324 2644 mm
1348 2588 1407 2644 brec
1426 2597 1587 2646 omemeuta
1608 2590 1784 2659 conveniunt,
1799 2597 1934 2664 quatenm
1953 2598 2065 2648 auctora

412 2677 485 2736 euim
499 2678 592 2751 sagaci
612 2679 722 2736 solertia
745 2679 833 2736 Deum
853 2681 1024 2754 complacare
1047 2689 1207 2750 noscuntur,
1262 2677 1331 2745 Deo,
1346 2677 1437 2749 possis
1448 2695 1508 2735 esse
1521 2679 1744 2751 conspicuusne
1756 2687 1786 2736 ut
1799 2679 1855 2736 vite
1869 2686 1915 2736 tue
1928 2678 1993 2735 liliis
2007 2680 2067 2737 tuis

413 2765 557 2824 afferentes
574 2767 599 2824 ei
622 2783 691 2840 pura
714 2768 857 2838 libamine,
881 2785 944 2826 cum
967 2770 996 2826 in
1019 2787 1066 2827 ara
1089 2771 1210 2842 pectoris
1262 2766 1299 2822 eit
1312 2772 1418 2840 regule,
1439 2774 1466 2824 et
1487 2768 1515 2824 iu
1535 2767 1611 2839 ipsa,
1633 2770 1658 2824 si
1679 2785 1735 2840 qua
1753 2769 1883 2826 tortitudo
1905 2768 1960 2825 illis
1978 2769 2064 2837 inest,

412 2855 559 2928 splendore
571 2858 630 2914 veri
651 2857 764 2914 luminis
785 2858 948 2929 refoventes,
969 2859 1050 2917 nullis
1073 2858 1211 2918 illecabris
1262 2855 1407 2929 dirigatur,
1419 2857 1485 2913 dum
1498 2857 2065 2931 lucequodimiteutureepiciant,inipse

411 2952 528 3004 mentam
543 2945 667 3014 illudent,
683 2946 765 3004 nullis
780 2947 889 3004 fratrum
904 2949 1021 3006 stimulis
1033 2949 1118 3008 corda
1133 2965 1209 3020 pre-
1263 2961 1373 3016 semper
1385 2945 1585 3003 considerando
1598 2945 1752 3018 proficient,
1766 2955 1797 3003 ut
1810 2955 1899 3004 tecum
1911 2948 2000 3004 Deum
2013 2962 2065 3020 per

411 3034 522 3106 callent,
537 3035 618 3092 nullis
641 3036 800 3093 nocentibus
827 3037 967 3109 proximos
995 3038 1132 3095 mentibus
1160 3053 1210 3094 en·
1263 3035 1327 3104 hoc,
1343 3033 1416 3106 quod
1430 3034 1501 3091 bane
1514 3036 1643 3103 vixerint,
1654 3037 1750 3094 videre
1759 3037 1986 3093 momentaneos
1996 3049 2066 3110 ergo

411 3132 504 3191 nuent,
529 3122 586 3193 sed,
602 3123 692 3181 utDei
716 3125 841 3196 ministri,
867 3126 1006 3198 speculum
1030 3143 1059 3183 sa
1081 3126 1211 3198 subjectis
1265 3131 1343 3178 tuum
1356 3139 1446 3196 neque
1460 3124 1595 3196 prosperis
1615 3139 1670 3195 qua
1690 3125 1874 3196 temporaliter
1890 3125 2066 3181 blandiuntur
2172 3162 2173 3197 ι

412 3211 473 3269 vitm
487 3227 647 3285 morumque
661 3212 799 3285 probitate
813 3215 967 3272 exhibeant.
979 3215 1049 3271 liinc
1061 3215 1112 3270 sibi
1123 3216 1209 3272 Deum
1264 3211 1417 3280 extolletur,
1431 3228 1522 3285 neque
1536 3213 1658 3270 adversis
1671 3213 1826 3284 dejiciatur.
1843 3212 1982 3284 Quidquid
1996 3211 2066 3270 illud

411 3307 618 3375 prosperantem
632 3300 774 3358 invenient
797 3303 825 3358 in
848 3303 979 3374 adversis,
996 3319 1048 3363 neo
1061 3305 1211 3377 quidquem
1265 3301 1347 3357 fuerit
1359 3301 1475 3369 adversi,
1491 3302 1588 3358 virtute
1602 3302 1630 3357 in
1644 3302 1752 3359 Christo
1765 3303 1904 3375 patientie
1926 3319 1943 3357 a
1965 3310 1993 3359 te
2013 3301 2065 3358 de-

411 3390 510 3462 poterit
524 3391 608 3447 bostis
622 3390 733 3448 insidias
745 3392 785 3448 eis
798 3391 913 3449 nocendi
927 3393 1078 3466 subripere.
1101 3394 1210 3449 Etenim
1264 3391 1398 3447 vincatur.
1413 3392 1526 3449 Nullum
1544 3392 1618 3464 apud
1642 3401 1668 3448 te
1692 3393 1782 3449 locum
1804 3393 1882 3450 feror
1901 3392 2068 3449 indiscretus

412 3479 452 3534 uti
467 3488 506 3535 est
521 3488 623 3551 praesto
638 3480 747 3537 Domini
770 3481 954 3554 adjutorium,
980 3492 1079 3540 cuncta
1102 3456 1250 3557 fugaturC
1265 3479 1385 3537 inveniat
1400 3500 1407 3534 :
1423 3480 1451 3535 in
1463 3481 1590 3537 omnibus
1610 3481 1801 3539 discretionem
1815 3480 1862 3537 alii
1875 3481 1904 3538 in
1917 3490 1944 3539 te
1957 3496 2066 3555 cogno·
2172 3541 2173 3556 ,

412 3567 554 3639 spirituum
595 3568 778 3643 maliguomm
814 3571 975 3629 adversitas.
1013 3572 1134 3643 Cumque
1174 3572 1212 3628 ita
1265 3577 1352 3626 mant.
1368 3571 1505 3625 insontem
1519 3570 1591 3641 apud
1606 3574 1634 3626 te
1647 3568 1811 3643 culpabilem
1832 3571 1974 3644 suggestio
1994 3572 2070 3627 mela
2172 3577 2173 3632 ἶ

410 3656 454 3727 sit,
473 3680 484 3707 ι
501 3666 553 3715 etc.
1265 3674 1321 3715 non
1336 3658 1430 3727 faciat,
1445 3667 1589 3715 nocentem
1603 3658 1693 3732 gretia
1706 3674 1762 3715 non
1777 3666 1900 3715 excuset.
1914 3659 2068 3716 Remissum
2172 3647 2173 3674 ¹

450 3768 461 3795 ι
483 3748 634 3822 Gregorius
647 3762 719 3821 pepe
733 3750 867 3823 episcopis
881 3750 995 3822 Anglim.
1266 3755 1293 3803 te
1307 3747 1530 3819 delinquentibus
1543 3763 1600 3803 non
1614 3748 1760 3811 osteudesr
1776 3761 1828 3805 nec
1848 3746 1921 3818 quod
1939 3747 1997 3803 illis
2013 3764 2070 3805 nou

449 3857 463 3886 u
482 3836 534 3892 Dei
548 3838 739 3909 omnipotentis
762 3839 904 3895 immense
918 3839 1027 3911 pietatis
1040 3839 1211 3913 magnitudi-
1266 3836 1416 3910 profuerit,
1438 3837 1488 3893 bos
1508 3843 1666 3908 perpetrare
1685 3838 1838 3908 permittes.
1866 3836 1916 3893 Sic
1938 3835 1967 3892 iu
1992 3845 2019 3893 te
2043 3844 2071 3893 et
2172 3845 2173 3908 ἶ

413 3940 477 3979 nem
491 3923 689 3996 collaudamus,
710 3927 759 3999 qui
781 3943 838 3983 sum
862 3928 1011 3997 maiestatis
1032 3928 1147 4002 gloriam
1172 3926 1212 3983 sic
1268 3924 1332 3979 boni
1343 3925 1461 3981 Pastoris
1475 3924 1593 3981 dulcedo
1608 3924 1654 3995 sit,
1668 3924 1801 3995 etjudicis
1811 3939 1905 3981 serere
1914 3924 2067 3983 districtio:
2172 3929 2173 3932 ’

412 4011 527 4067 dilatare
537 4014 664 4085 diguatus
678 4020 720 4070 est
731 4022 761 4069 ιιι
775 4016 802 4071 in
816 4030 925 4072 omnem
936 4018 1036 4072 terram
1046 4017 1142 4073 exierit
1153 4018 1212 4088 jam
1266 4031 1348 4071 unum
1364 4014 1470 4071 scilicet
1489 4015 1564 4086 quod
1584 4014 1742 4070 innocentes
1762 4014 1874 4084 forces,
1897 4014 1972 4071 aliud
1996 4016 2070 4087 quod
2172 4075 2173 4088 ,

414 4112 499 4156 sonus
512 4101 721 4172 predicatorum
735 4117 854 4174 sucrum,
870 4112 897 4160 et
907 4104 936 4160 iu
950 4104 1018 4161 linas
1039 4105 1113 4161 orbis
1133 4113 1212 4161 terre
1267 4105 1405 4177 inquietos
1423 4103 1573 4160 feriendos
1588 4104 1721 4174 pravitate
1736 4118 1907 4177 compescas.
1926 4103 1983 4160 Sed
1996 4120 2070 4177 quc·

413 4188 498 4245 rerba
512 4204 616 4258 eorum,
634 4210 646 4242 s
663 4198 715 4248 etc.
1267 4192 1341 4248 niam
1360 4208 1554 4263 nonnunquam
1582 4192 1792 4264 praepositorum
1816 4191 1911 4263 selus,
1933 4193 2000 4249 dum
2021 4192 2070 4249 di·

453 4300 464 4324 ιι
488 4278 541 4335 Leo
556 4294 628 4350 pepe
641 4281 788 4338 ethelardo
803 4282 1019 4355 archiepiscopo.
1266 4281 1384 4337 strictius
1393 4281 1534 4336 malorum
1548 4281 1649 4336 vindex
1662 4287 1713 4350 est,
1728 4280 1860 4337 transitis
1869 4280 2068 4350 cmdelitatem,

454 4384 464 4412 ι
483 4363 632 4421 Pontificali
648 4366 805 4424 discretioni
819 4367 956 4439 precipue
970 4369 1098 4425 convenit
1111 4384 1213 4440 praesu-
1264 4370 1463 4441 correptionem
1484 4369 1514 4424 in
1529 4368 1634 4441 jndicio
1648 4368 1766 4436 refrena,
1782 4376 1809 4425 et
1822 4384 1967 4425 censuram
1982 4370 2069 4428 disei-
2172 4357 2173 4394 ³

415 4452 486 4509 libus
501 4454 685 4511 Ecclesiemm
700 4456 849 4513 secundum
865 4472 959 4513 eorum
982 4457 1212 4528 irreprebensibi-
1266 4459 1349 4531 plinm
1362 4458 1477 4529 discute,
1488 4466 1519 4514 ut
1532 4466 1559 4514 et
1573 4458 1666 4530 culpas
1680 4457 1772 4525 feries,
1784 4464 1836 4513 ete
1846 4457 1996 4515 dilectione
2009 4475 2068 4531 per-

416 4543 470 4599 lem
484 4542 566 4599 fidem
582 4542 747 4601 audientiam
770 4546 893 4619 prmbcre
915 4554 942 4602 et
965 4562 1069 4616 corum,
1086 4562 1145 4617 quae
1164 4562 1214 4618 per
1266 4563 1410 4604 versorum
1424 4562 1493 4620 quos
1506 4546 1632 4619 corripis,
1645 4562 1701 4602 non
1714 4545 1837 4603 recedas.
1852 4546 2068 4604 liieericordiem

416 4634 526 4691 beatum
557 4634 667 4691 Petrum
694 4636 844 4707 principem
880 4636 1064 4707 apostolcmm
1101 4642 1128 4691 et
1163 4648 1214 4691 uos
1268 4645 1347 4709 prout
1361 4636 1446 4693 virtus
1470 4636 1580 4708 patitur,
1603 4635 1769 4707 pauperibus
1790 4634 1900 4692 exhibe.
1922 4636 2068 4709 Oppressis

415 4738 510 4797 gerere
533 4721 758 4793 desideraverint,
774 4740 835 4797 quae
849 4724 987 4780 canonicis
1000 4740 1054 4780 nou
1068 4724 1213 4796 relrsgeu·
1267 4724 1390 4781 defensio
1406 4734 1451 4780 tua
1464 4724 1614 4781 subveniet.
1636 4723 1862 4796 Opprimentibus
1879 4726 2008 4781 modesta
2020 4741 2067 4783 re·

418 4818 461 4867 tur
471 4814 654 4870 sanctionibus
668 4812 798 4870 allectum
813 4814 973 4870 concedere.
986 4834 1000 4862 n
1227 4812 1344 4881 Dtione
1362 4813 1544 4870 contmdicas.
1573 4813 1681 4869 Nullius
1701 4813 1800 4869 faciem
1821 4820 1917 4869 contra
1933 4814 2068 4884 justitiam

457 4924 468 4951 ι
485 4902 630 4959 Formosus
645 4902 790 4975 episcopus
804 4903 922 4975 Angliae.
1269 4901 1397 4972 accipias.
1412 4903 1527 4959 Nullum
1541 4910 1707 4974 querentem
1718 4901 1790 4972 iuste
1804 4901 1951 4973 despicies.
1971 4905 2003 4957 lu
2017 4920 2068 4959 cu·

457 5010 468 5041 e
485 4990 618 5060 Auditus,
638 4993 815 5049 uelandomm
842 4992 909 5048 ritus
926 5006 1094 5064 paganorum
1117 4990 1145 5047 iu
1164 5006 1215 5047 ve·
1270 4992 1361 5047 stodia
1374 4991 1510 5061 requitatis
1524 4991 1691 5059 ascellas,ut
1703 5006 1755 5046 nac
1767 4990 1878 5046 divitem
1887 4992 2011 5062 potentie
2020 5006 2069 5048 sue

419 5080 483 5133 stris
496 5080 620 5149 partibus
632 5080 819 5153 repulullasse,
835 5089 862 5137 et
876 5095 924 5137 vos
939 5081 1057 5137 tenuisse
1079 5080 1216 5137 silentium
1270 5080 1345 5151 apud
1359 5096 1408 5136 uos
1421 5080 1525 5152 aliquid
1548 5088 1626 5136 extra
1650 5080 1722 5135 viem
1742 5094 1820 5135 suem
1840 5079 1876 5135 de
1897 5082 2070 5138 accusatione

420 5174 449 5221 ut
462 5182 544 5223 canes
557 5182 611 5223 non
624 5168 746 5225 veleutas
761 5170 869 5236 latrare,
885 5169 978 5243 gladio
999 5169 1180 5247 separationis
1194 5185 1215 5250 ¹a
1271 5168 1376 5238 audias,
1391 5185 1442 5225 nec
1456 5184 1604 5241 pauperem
1625 5168 1706 5225 faciat
1724 5168 1863 5223 humilitas
1875 5182 1926 5225 sue
1938 5168 1975 5225 de
1988 5185 2069 5242 pers-

422 5269 537 5327 comore
546 5258 594 5312 Dei
610 5258 738 5315 Ecclesiae
749 5256 887 5315 vosierire
902 5252 1123 5337 deliberavimus,
1138 5282 1149 5307 l
1162 5255 1213 5315 etc.
1271 5272 1311 5327 re,
1334 5266 1477 5328 quatenus,
1496 5259 1556 5313 lieo
1576 5255 1739 5324 miserante,
1761 5254 1824 5313 talis
1841 5257 1933 5327 possis
1953 5258 2070 5316 existere

459 5368 469 5393 r
490 5345 608 5401 Jceuues
621 5362 692 5418 papa
706 5348 845 5403 Dunstsuo
859 5330 1078 5419 archiepiscopo:
1108 5336 1134 5379 ‘²‘
1184 5354 1202 5415 ᾗ
1271 5346 1378 5417 qualem
1393 5345 1703 5418 sacralectioproeoipit,
1712 5345 1823 5402 diceus:
1837 5346 1953 5418 Oportet
1963 5350 2070 5421 epieco-

459 5456 471 5485 e
486 5434 605 5490 loannes
627 5437 780 5509 episcopus,
797 5452 892 5493 servus
915 5424 1053 5493 seruorum
1067 5436 1127 5506 liei,
1149 5451 1216 5493 con-
1270 5452 1339 5509 pum
1353 5435 1630 5508 irreprebensibilem
1642 5450 1704 5491 esee
1717 5434 1744 5505 (l
1758 5436 1829 5491 lim.
1845 5449 1887 5505 ιιι,
1902 5436 1942 5507 i).
1958 5436 2014 5492 Sed
2027 5437 2070 5493 his

405 5523 497 5599 fratri
512 5524 661 5595 Duustanc,
679 5526 879 5582 Dorobemensi
894 5525 1216 5597 episcopmvitseperpe·
1270 5525 1398 5582 omnibus
1437 5525 1477 5580 uti
1514 5524 1667 5581 salutariter
1698 5520 1819 5595 poteris,
1852 5523 1877 5578 si
1907 5526 2070 5599 magistram
2172 5583 2173 5602 ,

417 5614 473 5671 tuse
485 5615 697 5685 permanendam
712 5616 739 5669 in
754 5614 859 5671 Christo
872 5614 997 5671 salutem.
1271 5614 1430 5670 charitatem
1459 5614 1604 5677 babueris;
1630 5626 1712 5684 quam
1733 5610 1779 5682 qui
1804 5619 1913 5669 secutus
1934 5612 2026 5681 fuerit,
2053 5631 2070 5671 e
2172 5623 2173 5652 r

458 5704 516 5762 ·Si
529 5711 653 5776 pastores
668 5704 759 5761 ovium
773 5703 858 5760 solem
872 5703 990 5777 geluque
1000 5720 1050 5777 pro
1063 5706 1159 5778 gregis
1174 5704 1217 5761 sui
1269 5710 1344 5760 recto
1372 5703 1477 5758 tremite
1496 5718 1551 5759 non
1572 5701 1682 5759 recedit.
1703 5700 1784 5768 Broc,
1800 5700 1885 5757 frater
1898 5700 2068 5770 masmine,
2172 5741 2173 5746 .

420 5792 545 5851 custodia
566 5793 611 5849 die
629 5808 662 5850 ac
683 5801 762 5851 nocte
777 5792 847 5850 ferre
869 5794 988 5850 contenti
1007 5802 1078 5863 suut,
1092 5802 1118 5850 at
1131 5794 1217 5851 oculis
1270 5791 1341 5849 iuter
1361 5790 1529 5862 mullaelie,
1551 5790 1690 5847 istasunt
1721 5788 1910 5858 secerdotum,
1934 5790 2069 5847 istesrm
2172 5829 2173 5860 3

421 5890 597 5959 conspectant
606 5880 794 5955 uigilantibus,
806 5896 841 5938 uc
852 5881 943 5954 aliqua
952 5880 1063 5954 quidem
1074 5898 1109 5937 ax
1119 5881 1217 5939 ovibus
1272 5878 1348 5950 pallii
1361 5880 1434 5952 jura,
1450 5894 1510 5951 quae
1532 5879 1554 5933 si
1576 5878 1697 5935 studiose
1715 5877 1877 5949 servaveris,
1901 5877 1976 5953 quod
2000 5878 2069 5937 foris
