<?xml version="1.0" encoding="UTF-8"?>
<!DOCTYPE html PUBLIC "-//W3C//DTD XHTML 1.0 Transitional//EN"
    "http://www.w3.org/TR/xhtml1/DTD/xhtml1-transitional.dtd">
<html xmlns="http://www.w3.org/1999/xhtml" xml:lang="en" lang="en">
 <head>
  <title>
</title>
<meta http-equiv="Content-Type" content="text/html;charset=utf-8" />
  <meta name='ocr-system' content='tesseract 3.04.00' />
  <meta name='ocr-capabilities' content='ocr_page ocr_carea ocr_par ocr_line ocrx_word'/>
</head>
<body>
  <div class='ocr_page' id='page_1' title='image "./patrologiaecurs91unkngoog_0152.png"; bbox 0 0 4750 6725; ppageno 0'>
   <div class='ocr_carea' id='block_1_1' title="bbox 345 533 440 594">
    <p class='ocr_par' dir='ltr' id='par_1_1' title="bbox 345 533 440 594">
     <span class='ocr_line' id='line_1_1' title="bbox 345 533 440 594; baseline 0 -1"><span class='ocrx_word' id='word_1_1' title='bbox 345 537 349 544; x_wconf 88' lang='lat'>&#39;</span> <span class='ocrx_word' id='word_1_2' title='bbox 389 533 440 594; x_wconf 73' lang='lat' dir='ltr'><strong>aad</strong></span> 
     </span>
    </p>
   </div>
   <div class='ocr_carea' id='block_1_2' title="bbox 904 519 1513 585">
    <p class='ocr_par' dir='ltr' id='par_1_2' title="bbox 904 519 1513 585">
     <span class='ocr_line' id='line_1_2' title="bbox 904 519 1513 585; baseline -0.01 0"><span class='ocrx_word' id='word_1_3' title='bbox 904 521 949 585; x_wconf 81' lang='lat' dir='ltr'><strong>dl)</strong></span> <span class='ocrx_word' id='word_1_4' title='bbox 969 521 1083 584; x_wconf 74' lang='lat' dir='ltr'><strong>oculta</strong></span> <span class='ocrx_word' id='word_1_5' title='bbox 1102 523 1131 581; x_wconf 88' lang='lat' dir='ltr'><strong>S.</strong></span> <span class='ocrx_word' id='word_1_6' title='bbox 1151 522 1308 580; x_wconf 75' lang='lat' dir='ltr'><strong>adsutus</strong></span> <span class='ocrx_word' id='word_1_7' title='bbox 1327 519 1513 581; x_wconf 76' lang='lat' dir='ltr'><strong>arradntx.</strong></span> 
     </span>
    </p>
   </div>
   <div class='ocr_carea' id='block_1_3' title="bbox 1997 527 2051 586">
    <p class='ocr_par' dir='ltr' id='par_1_3' title="bbox 1997 527 2051 586">
     <span class='ocr_line' id='line_1_3' title="bbox 1997 527 2051 586; baseline -0.037 0"><span class='ocrx_word' id='word_1_8' title='bbox 1997 527 2051 586; x_wconf 67' lang='lat' dir='ltr'><strong>ido</strong></span> 
     </span>
    </p>
   </div>
   <div class='ocr_carea' id='block_1_4' title="bbox 386 647 2053 730">
    <p class='ocr_par' dir='ltr' id='par_1_4' title="bbox 386 647 2053 730">
     <span class='ocr_line' id='line_1_4' title="bbox 386 647 2053 730; baseline -0.005 -8"><span class='ocrx_word' id='word_1_9' title='bbox 386 665 471 722; x_wconf 83' lang='lat' dir='ltr'>nostri</span> <span class='ocrx_word' id='word_1_10' title='bbox 486 679 540 720; x_wconf 90' lang='lat' dir='ltr'><strong>non</strong></span> <span class='ocrx_word' id='word_1_11' title='bbox 555 661 668 718; x_wconf 80' lang='lat' dir='ltr'><strong>sumusl</strong></span> <span class='ocrx_word' id='word_1_12' title='bbox 696 659 764 714; x_wconf 92' lang='lat' dir='ltr'><strong>Nam</strong></span> <span class='ocrx_word' id='word_1_13' title='bbox 793 656 1010 730; x_wconf 77' lang='lat' dir='ltr'><strong>quandocunque</strong></span> <span class='ocrx_word' id='word_1_14' title='bbox 1039 647 1142 721; x_wconf 89' lang='lat' dir='ltr'><strong>aliquid</strong></span> <span class='ocrx_word' id='word_1_15' title='bbox 1170 652 1323 720; x_wconf 76' lang='lat' dir='ltr'><strong>aliquam</strong></span> <span class='ocrx_word' id='word_1_16' title='bbox 1340 659 1375 719; x_wconf 87' lang='lat' dir='ltr'><strong>te,</strong></span> <span class='ocrx_word' id='word_1_17' title='bbox 1392 659 1494 706; x_wconf 90' lang='lat' dir='ltr'><strong>tantum</strong></span> <span class='ocrx_word' id='word_1_18' title='bbox 1510 651 1585 708; x_wconf 89' lang='lat' dir='ltr'><strong>dese</strong></span> <span class='ocrx_word' id='word_1_19' title='bbox 1600 665 1717 711; x_wconf 82' lang='lat' dir='ltr'><strong>reservet</strong></span> <span class='ocrx_word' id='word_1_20' title='bbox 1732 654 1790 727; x_wconf 93' lang='lat' dir='ltr'><strong>tibi,</strong></span> <span class='ocrx_word' id='word_1_21' title='bbox 1820 667 1922 728; x_wconf 88' lang='lat' dir='ltr'><strong>quanto</strong></span> <span class='ocrx_word' id='word_1_22' title='bbox 1948 660 2053 715; x_wconf 89' lang='lat' dir='ltr'><strong>melio-</strong></span> 
     </span>
    </p>
   </div>
   <div class='ocr_carea' id='block_1_5' title="bbox 387 745 1189 1264">
    <p class='ocr_par' dir='ltr' id='par_1_5' title="bbox 387 745 1189 1264">
     <span class='ocr_line' id='line_1_5' title="bbox 387 745 1188 826; baseline -0.025 -14"><span class='ocrx_word' id='word_1_23' title='bbox 387 753 660 826; x_wconf 77' lang='lat' dir='ltr'><strong>nobisabnegamus;</strong></span> <span class='ocrx_word' id='word_1_24' title='bbox 691 746 807 802; x_wconf 84' lang='lat' dir='ltr'><strong>nechea</strong></span> <span class='ocrx_word' id='word_1_25' title='bbox 834 745 996 816; x_wconf 75' lang='lat' dir='ltr'><strong>abnegatum</strong></span> <span class='ocrx_word' id='word_1_26' title='bbox 1024 747 1136 810; x_wconf 89' lang='lat' dir='ltr'><strong>pmpter</strong></span> <span class='ocrx_word' id='word_1_27' title='bbox 1164 746 1188 793; x_wconf 89' lang='lat' dir='ltr'><strong>to</strong></span> 
     </span>
     <span class='ocr_line' id='line_1_6' title="bbox 388 827 1188 908; baseline -0.023 -8"><span class='ocrx_word' id='word_1_28' title='bbox 388 842 564 908; x_wconf 80' lang='lat' dir='ltr'><strong>conferimus,</strong></span> <span class='ocrx_word' id='word_1_29' title='bbox 581 838 629 894; x_wconf 92' lang='lat' dir='ltr'><strong>sed</strong></span> <span class='ocrx_word' id='word_1_30' title='bbox 645 835 754 892; x_wconf 76' lang='lat' dir='ltr'><strong>aliunde</strong></span> <span class='ocrx_word' id='word_1_31' title='bbox 776 832 971 907; x_wconf 89' lang='lat' dir='ltr'><strong>quantumlibet</strong></span> <span class='ocrx_word' id='word_1_32' title='bbox 986 829 1066 885; x_wconf 90' lang='lat' dir='ltr'><strong>etiam</strong></span> <span class='ocrx_word' id='word_1_33' title='bbox 1082 827 1188 883; x_wconf 86' lang='lat' dir='ltr'><strong>modico</strong></span> 
     </span>
     <span class='ocr_line' id='line_1_7' title="bbox 389 916 1187 1001; baseline -0.026 -12"><span class='ocrx_word' id='word_1_34' title='bbox 389 930 518 1001; x_wconf 87' lang='lat' dir='ltr'><strong>temporis</strong></span> <span class='ocrx_word' id='word_1_35' title='bbox 531 926 617 997; x_wconf 87' lang='lat' dir='ltr'><strong>spatio</strong></span> <span class='ocrx_word' id='word_1_36' title='bbox 632 926 777 991; x_wconf 76' lang='lat' dir='ltr'><strong>donamus,</strong></span> <span class='ocrx_word' id='word_1_37' title='bbox 794 936 857 976; x_wconf 89' lang='lat' dir='ltr'><strong>mox</strong></span> <span class='ocrx_word' id='word_1_38' title='bbox 886 919 1005 976; x_wconf 90' lang='lat' dir='ltr'><strong>alienum</strong></span> <span class='ocrx_word' id='word_1_39' title='bbox 1027 916 1187 972; x_wconf 78' lang='lat' dir='ltr'><strong>invadimus.</strong></span> 
     </span>
     <span class='ocr_line' id='line_1_8' title="bbox 389 1003 1189 1082; baseline -0.026 -5"><span class='ocrx_word' id='word_1_40' title='bbox 389 1019 513 1077; x_wconf 86' lang='lat' dir='ltr'><strong>Secunda</strong></span> <span class='ocrx_word' id='word_1_41' title='bbox 528 1029 608 1072; x_wconf 89' lang='lat' dir='ltr'><strong>causa</strong></span> <span class='ocrx_word' id='word_1_42' title='bbox 624 1021 674 1080; x_wconf 88' lang='lat' dir='ltr'><strong>est,</strong></span> <span class='ocrx_word' id='word_1_43' title='bbox 692 1012 755 1082; x_wconf 90' lang='lat' dir='ltr'><strong>quia</strong></span> <span class='ocrx_word' id='word_1_44' title='bbox 769 1025 819 1066; x_wconf 88' lang='lat' dir='ltr'><strong>nos</strong></span> <span class='ocrx_word' id='word_1_45' title='bbox 837 1015 945 1065; x_wconf 86' lang='lat' dir='ltr'><strong>aelernae</strong></span> <span class='ocrx_word' id='word_1_46' title='bbox 972 1005 1054 1062; x_wconf 93' lang='lat' dir='ltr'><strong>morti</strong></span> <span class='ocrx_word' id='word_1_47' title='bbox 1082 1003 1189 1058; x_wconf 87' lang='lat' dir='ltr'><strong>deditos</strong></span> 
     </span>
     <span class='ocr_line' id='line_1_9' title="bbox 390 1091 1189 1175; baseline -0.026 -10"><span class='ocrx_word' id='word_1_48' title='bbox 390 1119 435 1165; x_wconf 89' lang='lat' dir='ltr'><strong>tua</strong></span> <span class='ocrx_word' id='word_1_49' title='bbox 463 1113 550 1162; x_wconf 91' lang='lat' dir='ltr'><strong>morte</strong></span> <span class='ocrx_word' id='word_1_50' title='bbox 578 1101 776 1175; x_wconf 88' lang='lat' dir='ltr'><strong>pretiosissima</strong></span> <span class='ocrx_word' id='word_1_51' title='bbox 805 1097 955 1163; x_wconf 81' lang='lat' dir='ltr'><strong>redemisti,</strong></span> <span class='ocrx_word' id='word_1_52' title='bbox 984 1109 1034 1164; x_wconf 94' lang='lat' dir='ltr'><strong>pro</strong></span> <span class='ocrx_word' id='word_1_53' title='bbox 1063 1091 1189 1147; x_wconf 92' lang='lat' dir='ltr'><strong>omnibus</strong></span> 
     </span>
     <span class='ocr_line' id='line_1_10' title="bbox 388 1179 1189 1264; baseline -0.022 -12"><span class='ocrx_word' id='word_1_54' title='bbox 388 1203 509 1253; x_wconf 91' lang='lat' dir='ltr'><strong>mortuus</strong></span> <span class='ocrx_word' id='word_1_55' title='bbox 525 1209 563 1262; x_wconf 74' lang='grc' dir='ltr'>ει,</span> <span class='ocrx_word' id='word_1_56' title='bbox 580 1195 615 1248; x_wconf 84' lang='lat' dir='ltr'><strong>ut</strong></span> <span class='ocrx_word' id='word_1_57' title='bbox 624 1190 671 1264; x_wconf 86' lang='lat' dir='ltr'><strong>qui</strong></span> <span class='ocrx_word' id='word_1_58' title='bbox 683 1190 783 1245; x_wconf 77' lang='lat' dir='ltr'><strong>triuuut</strong></span> <span class='ocrx_word' id='word_1_59' title='bbox 793 1188 850 1257; x_wconf 72' lang='lat' dir='ltr'><strong>iam</strong></span> <span class='ocrx_word' id='word_1_60' title='bbox 863 1185 916 1242; x_wconf 79' lang='lat' dir='ltr'><strong>cibi</strong></span> <span class='ocrx_word' id='word_1_61' title='bbox 927 1199 985 1240; x_wconf 81' lang='lat' dir='ltr'><strong>non</strong></span> <span class='ocrx_word' id='word_1_62' title='bbox 996 1179 1189 1248; x_wconf 82' lang='lat' dir='ltr'><strong>uivonl,sedei</strong></span> 
     </span>
    </p>
   </div>
   <div class='ocr_carea' id='block_1_6' title="bbox 1242 744 2055 1256">
    <p class='ocr_par' dir='ltr' id='par_1_6' title="bbox 1242 744 2055 1256">
     <span class='ocr_line' id='line_1_11' title="bbox 1244 744 2054 815; baseline 0.014 -23"><span class='ocrx_word' id='word_1_63' title='bbox 1244 755 1301 792; x_wconf 85' lang='lat' dir='ltr'><strong>rem</strong></span> <span class='ocrx_word' id='word_1_64' title='bbox 1316 755 1346 794; x_wconf 88' lang='lat' dir='ltr'><strong>se</strong></span> <span class='ocrx_word' id='word_1_65' title='bbox 1361 747 1436 810; x_wconf 88' lang='lat' dir='ltr'><strong>putat</strong></span> <span class='ocrx_word' id='word_1_66' title='bbox 1450 756 1531 810; x_wconf 90' lang='lat' dir='ltr'><strong>quam</strong></span> <span class='ocrx_word' id='word_1_67' title='bbox 1556 749 1594 796; x_wconf 90' lang='lat' dir='ltr'><strong>tu.</strong></span> <span class='ocrx_word' id='word_1_68' title='bbox 1619 744 1735 814; x_wconf 78' lang='lat' dir='ltr'>Propter</span> <span class='ocrx_word' id='word_1_69' title='bbox 1760 746 1916 815; x_wconf 78' lang='lat' dir='ltr'><strong>huJusmodi</strong></span> <span class='ocrx_word' id='word_1_70' title='bbox 1938 764 2054 803; x_wconf 86' lang='lat' dir='ltr'><strong>causam</strong></span> 
     </span>
     <span class='ocr_line' id='line_1_12' title="bbox 1246 826 2055 906; baseline 0.011 -25"><span class='ocrx_word' id='word_1_71' title='bbox 1246 826 1313 882; x_wconf 89' lang='lat' dir='ltr'><strong>dicis</strong></span> <span class='ocrx_word' id='word_1_72' title='bbox 1324 845 1331 880; x_wconf 88' lang='lat'>:</span> <span class='ocrx_word' id='word_1_73' title='bbox 1343 829 1372 884; x_wconf 83' lang='lat' dir='ltr'><strong>st</strong></span> <span class='ocrx_word' id='word_1_74' title='bbox 1384 831 1446 901; x_wconf 83' lang='lat' dir='ltr'><strong>quia</strong></span> <span class='ocrx_word' id='word_1_75' title='bbox 1461 829 1523 885; x_wconf 85' lang='lat' dir='ltr'><strong>vult</strong></span> <span class='ocrx_word' id='word_1_76' title='bbox 1536 832 1632 887; x_wconf 83' lang='lat' dir='ltr'><strong>uenire</strong></span> <span class='ocrx_word' id='word_1_77' title='bbox 1644 837 1709 905; x_wconf 80' lang='lat' dir='ltr'><strong>post</strong></span> <span class='ocrx_word' id='word_1_78' title='bbox 1724 849 1777 903; x_wconf 83' lang='lat' dir='ltr'><strong>mc,</strong></span> <span class='ocrx_word' id='word_1_79' title='bbox 1794 836 1917 906; x_wconf 80' lang='lat' dir='ltr'><strong>obneqct</strong></span> <span class='ocrx_word' id='word_1_80' title='bbox 1942 841 2055 892; x_wconf 77' lang='lat' dir='ltr'><strong>aemat-</strong></span> 
     </span>
     <span class='ocr_line' id='line_1_13' title="bbox 1244 915 2053 996; baseline 0.012 -26"><span class='ocrx_word' id='word_1_81' title='bbox 1244 915 1461 988; x_wconf 72' lang='lat' dir='ltr'><strong>ipaamlllnttb.</strong></span> <span class='ocrx_word' id='word_1_82' title='bbox 1481 933 1539 983; x_wconf 74' lang='grc' dir='ltr'>ιιι,</span> <span class='ocrx_word' id='word_1_83' title='bbox 1556 921 1600 987; x_wconf 77' lang='lat' dir='ltr'><strong>ai)</strong></span> <span class='ocrx_word' id='word_1_84' title='bbox 1615 920 1620 973; x_wconf 82' lang='grc' dir='ltr'><strong>ι</strong></span> <span class='ocrx_word' id='word_1_85' title='bbox 1638 920 1704 988; x_wconf 93' lang='lat' dir='ltr'><strong>imo,</strong></span> <span class='ocrx_word' id='word_1_86' title='bbox 1721 922 1847 991; x_wconf 82' lang='lat' dir='ltr'><strong>Domine,</strong></span> <span class='ocrx_word' id='word_1_87' title='bbox 1862 922 1922 993; x_wconf 89' lang='lat' dir='ltr'><strong>jam</strong></span> <span class='ocrx_word' id='word_1_88' title='bbox 1951 940 2053 996; x_wconf 79' lang='lat' dir='ltr'><strong>cogor,</strong></span> 
     </span>
     <span class='ocr_line' id='line_1_14' title="bbox 1245 1004 2055 1084; baseline 0.01 -25"><span class='ocrx_word' id='word_1_89' title='bbox 1245 1004 1335 1059; x_wconf 89' lang='lat' dir='ltr'><strong>dicere</strong></span> <span class='ocrx_word' id='word_1_90' title='bbox 1348 1005 1436 1074; x_wconf 87' lang='lat' dir='ltr'><strong>(salvo</strong></span> <span class='ocrx_word' id='word_1_91' title='bbox 1451 1006 1537 1061; x_wconf 83' lang='lat' dir='ltr'><strong>verbo</strong></span> <span class='ocrx_word' id='word_1_92' title='bbox 1552 1006 1610 1081; x_wconf 89' lang='lat' dir='ltr'><strong>tuo)</strong></span> <span class='ocrx_word' id='word_1_93' title='bbox 1620 1009 1692 1078; x_wconf 91' lang='lat' dir='ltr'><strong>quod</strong></span> <span class='ocrx_word' id='word_1_94' title='bbox 1710 1011 1799 1065; x_wconf 91' lang='lat' dir='ltr'><strong>nullus</strong></span> <span class='ocrx_word' id='word_1_95' title='bbox 1813 1012 1996 1084; x_wconf 88' lang='lat' dir='ltr'><strong>semetipsum</strong></span> <span class='ocrx_word' id='word_1_96' title='bbox 2007 1028 2055 1067; x_wconf 90' lang='lat' dir='ltr'><strong>va-</strong></span> 
     </span>
     <span class='ocr_line' id='line_1_15' title="bbox 1242 1091 2055 1173; baseline 0.012 -27"><span class='ocrx_word' id='word_1_97' title='bbox 1242 1091 1296 1146; x_wconf 86' lang='lat' dir='ltr'><strong>leat</strong></span> <span class='ocrx_word' id='word_1_98' title='bbox 1311 1091 1457 1166; x_wconf 81' lang='lat' dir='ltr'><strong>abnegare.</strong></span> <span class='ocrx_word' id='word_1_99' title='bbox 1488 1093 1633 1163; x_wconf 88' lang='lat' dir='ltr'><strong>Quomodo</strong></span> <span class='ocrx_word' id='word_1_100' title='bbox 1664 1098 1736 1153; x_wconf 90' lang='lat' dir='ltr'><strong>euim</strong></span> <span class='ocrx_word' id='word_1_101' title='bbox 1767 1115 1797 1154; x_wconf 92' lang='lat' dir='ltr'><strong>se</strong></span> <span class='ocrx_word' id='word_1_102' title='bbox 1825 1099 1989 1173; x_wconf 80' lang='lat' dir='ltr'><strong>abnegabit,</strong></span> <span class='ocrx_word' id='word_1_103' title='bbox 2006 1101 2055 1172; x_wconf 91' lang='lat' dir='ltr'><strong>qui</strong></span> 
     </span>
     <span class='ocr_line' id='line_1_16' title="bbox 1244 1182 2053 1256; baseline 0.014 -22"><span class='ocrx_word' id='word_1_104' title='bbox 1244 1196 1380 1251; x_wconf 90' lang='lat' dir='ltr'><strong>nunquam</strong></span> <span class='ocrx_word' id='word_1_105' title='bbox 1395 1182 1497 1254; x_wconf 91' lang='lat' dir='ltr'><strong>aliquid</strong></span> <span class='ocrx_word' id='word_1_106' title='bbox 1510 1183 1582 1252; x_wconf 89' lang='lat' dir='ltr'><strong>juris</strong></span> <span class='ocrx_word' id='word_1_107' title='bbox 1595 1184 1622 1239; x_wconf 89' lang='lat' dir='ltr'><strong>in</strong></span> <span class='ocrx_word' id='word_1_108' title='bbox 1637 1201 1667 1241; x_wconf 86' lang='lat' dir='ltr'><strong>se</strong></span> <span class='ocrx_word' id='word_1_109' title='bbox 1682 1186 1799 1242; x_wconf 87' lang='lat' dir='ltr'><strong>habuit‘l</strong></span> <span class='ocrx_word' id='word_1_110' title='bbox 1827 1189 1892 1254; x_wconf 90' lang='lat' dir='ltr'><strong>Sed,</strong></span> <span class='ocrx_word' id='word_1_111' title='bbox 1919 1189 2053 1256; x_wconf 84' lang='lat' dir='ltr'><strong>Domine,</strong></span> 
     </span>
    </p>
   </div>
   <div class='ocr_carea' id='block_1_7' title="bbox 337 1267 2059 2589">
    <p class='ocr_par' dir='ltr' id='par_1_7' title="bbox 337 1267 2059 2589">
     <span class='ocr_line' id='line_1_17' title="bbox 388 1267 2053 1360; baseline -0.005 -20"><span class='ocrx_word' id='word_1_112' title='bbox 388 1281 627 1360; x_wconf 82' lang='lat' dir='ltr'><strong>qutproomnibaa</strong></span> <span class='ocrx_word' id='word_1_113' title='bbox 641 1283 772 1335; x_wconf 77' lang='lat' dir='ltr'><strong>mortuus</strong></span> <span class='ocrx_word' id='word_1_114' title='bbox 784 1279 826 1333; x_wconf 81' lang='lat' dir='ltr'><strong>cat</strong></span> <span class='ocrx_word' id='word_1_115' title='bbox 840 1274 880 1345; x_wconf 88' lang='lat' dir='ltr'><strong>(Il</strong></span> <span class='ocrx_word' id='word_1_116' title='bbox 894 1275 954 1331; x_wconf 84' lang='lat' dir='ltr'><strong>Cor.</strong></span> <span class='ocrx_word' id='word_1_117' title='bbox 970 1289 996 1338; x_wconf 86' lang='lat' dir='ltr'><strong>v,</strong></span> <span class='ocrx_word' id='word_1_118' title='bbox 1013 1273 1068 1340; x_wconf 80' lang='lat'><strong>15),</strong></span> <span class='ocrx_word' id='word_1_119' title='bbox 1084 1278 1112 1324; x_wconf 94' lang='lat' dir='ltr'><strong>ut</strong></span> <span class='ocrx_word' id='word_1_120' title='bbox 1126 1268 1192 1324; x_wconf 89' lang='lat' dir='ltr'><strong>dicit</strong></span> <span class='ocrx_word' id='word_1_121' title='bbox 1243 1267 1271 1324; x_wconf 95' lang='lat' dir='ltr'><strong>in</strong></span> <span class='ocrx_word' id='word_1_122' title='bbox 1292 1271 1344 1326; x_wconf 91' lang='lat' dir='ltr'><strong>hoc</strong></span> <span class='ocrx_word' id='word_1_123' title='bbox 1359 1270 1442 1326; x_wconf 87' lang='lat' dir='ltr'><strong>verbo</strong></span> <span class='ocrx_word' id='word_1_124' title='bbox 1457 1272 1576 1327; x_wconf 91' lang='lat' dir='ltr'><strong>ostendis</strong></span> <span class='ocrx_word' id='word_1_125' title='bbox 1590 1274 1739 1329; x_wconf 84' lang='lat' dir='ltr'><strong>maximam</strong></span> <span class='ocrx_word' id='word_1_126' title='bbox 1752 1276 1947 1348; x_wconf 76' lang='lat' dir='ltr'><strong>gratitudinem</strong></span> <span class='ocrx_word' id='word_1_127' title='bbox 1964 1287 2053 1348; x_wconf 87' lang='lat' dir='ltr'><strong>tuam,</strong></span> 
     </span>
     <span class='ocr_line' id='line_1_18' title="bbox 387 1357 2054 1440; baseline -0.005 -11"><span class='ocrx_word' id='word_1_128' title='bbox 387 1375 441 1429; x_wconf 85' lang='lat' dir='ltr'><strong>Vas</strong></span> <span class='ocrx_word' id='word_1_129' title='bbox 457 1380 531 1428; x_wconf 90' lang='lat' dir='ltr'><strong>tuum</strong></span> <span class='ocrx_word' id='word_1_130' title='bbox 548 1369 673 1427; x_wconf 91' lang='lat' dir='ltr'><strong>electum.</strong></span> <span class='ocrx_word' id='word_1_131' title='bbox 690 1367 763 1439; x_wconf 84' lang='lat' dir='ltr'><strong>Ergo</strong></span> <span class='ocrx_word' id='word_1_132' title='bbox 778 1365 847 1419; x_wconf 89' lang='lat' dir='ltr'><strong>sicut</strong></span> <span class='ocrx_word' id='word_1_133' title='bbox 861 1377 956 1418; x_wconf 89' lang='lat' dir='ltr'><strong>omnes</strong></span> <span class='ocrx_word' id='word_1_134' title='bbox 971 1367 997 1416; x_wconf 92' lang='lat' dir='ltr'><strong>et</strong></span> <span class='ocrx_word' id='word_1_135' title='bbox 1012 1366 1081 1415; x_wconf 92' lang='lat' dir='ltr'><strong>totos</strong></span> <span class='ocrx_word' id='word_1_136' title='bbox 1108 1357 1191 1414; x_wconf 88' lang='lat' dir='ltr'><strong>rede·</strong></span> <span class='ocrx_word' id='word_1_137' title='bbox 1243 1366 1272 1412; x_wconf 89' lang='lat' dir='ltr'><strong>ut</strong></span> <span class='ocrx_word' id='word_1_138' title='bbox 1286 1359 1338 1414; x_wconf 89' lang='lat' dir='ltr'><strong>hoc</strong></span> <span class='ocrx_word' id='word_1_139' title='bbox 1351 1359 1416 1414; x_wconf 85' lang='lat' dir='ltr'><strong>tanti</strong></span> <span class='ocrx_word' id='word_1_140' title='bbox 1431 1360 1550 1417; x_wconf 87' lang='lat' dir='ltr'><strong>aestimes</strong></span> <span class='ocrx_word' id='word_1_141' title='bbox 1562 1369 1591 1418; x_wconf 90' lang='lat' dir='ltr'><strong>ut</strong></span> <span class='ocrx_word' id='word_1_142' title='bbox 1605 1363 1914 1435; x_wconf 88' lang='lat' dir='ltr'><strong>quicunqueinsesibi</strong></span> <span class='ocrx_word' id='word_1_143' title='bbox 1944 1365 2054 1440; x_wconf 89' lang='lat' dir='ltr'><strong>aliquid</strong></span> 
     </span>
     <span class='ocr_line' id='line_1_19' title="bbox 388 1447 2051 1530; baseline -0.004 -13"><span class='ocrx_word' id='word_1_144' title='bbox 388 1463 471 1530; x_wconf 89' lang='lat' dir='ltr'><strong>misti,</strong></span> <span class='ocrx_word' id='word_1_145' title='bbox 487 1461 526 1515; x_wconf 92' lang='lat' dir='ltr'><strong>sic</strong></span> <span class='ocrx_word' id='word_1_146' title='bbox 541 1467 567 1514; x_wconf 90' lang='lat' dir='ltr'><strong>et</strong></span> <span class='ocrx_word' id='word_1_147' title='bbox 582 1471 676 1512; x_wconf 89' lang='lat' dir='ltr'><strong>omnes</strong></span> <span class='ocrx_word' id='word_1_148' title='bbox 692 1463 718 1510; x_wconf 93' lang='lat' dir='ltr'><strong>et</strong></span> <span class='ocrx_word' id='word_1_149' title='bbox 733 1453 779 1509; x_wconf 89' lang='lat' dir='ltr'><strong>toti</strong></span> <span class='ocrx_word' id='word_1_150' title='bbox 797 1452 834 1508; x_wconf 91' lang='lat' dir='ltr'><strong>tui</strong></span> <span class='ocrx_word' id='word_1_151' title='bbox 863 1451 925 1506; x_wconf 89' lang='lat' dir='ltr'><strong>sint.</strong></span> <span class='ocrx_word' id='word_1_152' title='bbox 957 1449 1008 1519; x_wconf 89' lang='lat' dir='ltr'><strong>Qui</strong></span> <span class='ocrx_word' id='word_1_153' title='bbox 1037 1449 1095 1504; x_wconf 91' lang='lat' dir='ltr'><strong>vult</strong></span> <span class='ocrx_word' id='word_1_154' title='bbox 1122 1461 1189 1520; x_wconf 76' lang='lat' dir='ltr'><strong>ergo</strong></span> <span class='ocrx_word' id='word_1_155' title='bbox 1240 1447 1308 1516; x_wconf 80' lang='lat' dir='ltr'><strong>juris</strong></span> <span class='ocrx_word' id='word_1_156' title='bbox 1321 1459 1506 1520; x_wconf 88' lang='lat' dir='ltr'><strong>usurpaverat,</strong></span> <span class='ocrx_word' id='word_1_157' title='bbox 1522 1450 1679 1507; x_wconf 87' lang='lat' dir='ltr'><strong>ulteriusse</strong></span> <span class='ocrx_word' id='word_1_158' title='bbox 1694 1452 1744 1508; x_wconf 90' lang='lat' dir='ltr'><strong>tibi</strong></span> <span class='ocrx_word' id='word_1_159' title='bbox 1759 1469 1855 1524; x_wconf 90' lang='lat' dir='ltr'><strong>rapere</strong></span> <span class='ocrx_word' id='word_1_160' title='bbox 1870 1471 1927 1511; x_wconf 93' lang='lat' dir='ltr'><strong>non</strong></span> <span class='ocrx_word' id='word_1_161' title='bbox 1955 1463 2051 1511; x_wconf 89' lang='lat' dir='ltr'><strong>atten-</strong></span> 
     </span>
     <span class='ocr_line' id='line_1_20' title="bbox 388 1535 2051 1616; baseline -0.004 -10"><span class='ocrx_word' id='word_1_162' title='bbox 388 1552 480 1606; x_wconf 88' lang='lat' dir='ltr'><strong>salvus</strong></span> <span class='ocrx_word' id='word_1_163' title='bbox 494 1565 564 1616; x_wconf 87' lang='lat' dir='ltr'><strong>esse,</strong></span> <span class='ocrx_word' id='word_1_164' title='bbox 581 1546 704 1602; x_wconf 88' lang='lat' dir='ltr'><strong>restituat</strong></span> <span class='ocrx_word' id='word_1_165' title='bbox 720 1543 765 1598; x_wconf 93' lang='lat' dir='ltr'><strong>tibi</strong></span> <span class='ocrx_word' id='word_1_166' title='bbox 782 1541 857 1596; x_wconf 89' lang='lat' dir='ltr'><strong>illum</strong></span> <span class='ocrx_word' id='word_1_167' title='bbox 872 1537 1096 1611; x_wconf 90' lang='lat' dir='ltr'><strong>pretiosissimum</strong></span> <span class='ocrx_word' id='word_1_168' title='bbox 1125 1551 1189 1591; x_wconf 91' lang='lat' dir='ltr'><strong>san-</strong></span> <span class='ocrx_word' id='word_1_169' title='bbox 1244 1542 1290 1591; x_wconf 89' lang='lat' dir='ltr'><strong>let.</strong></span> <span class='ocrx_word' id='word_1_170' title='bbox 1307 1537 1348 1592; x_wconf 88' lang='lat' dir='ltr'><strong>Da</strong></span> <span class='ocrx_word' id='word_1_171' title='bbox 1362 1535 1438 1607; x_wconf 89' lang='lat' dir='ltr'><strong>mibi,</strong></span> <span class='ocrx_word' id='word_1_172' title='bbox 1455 1537 1581 1609; x_wconf 88' lang='lat' dir='ltr'><strong>Domine,</strong></span> <span class='ocrx_word' id='word_1_173' title='bbox 1597 1549 1626 1596; x_wconf 94' lang='lat' dir='ltr'><strong>ut</strong></span> <span class='ocrx_word' id='word_1_174' title='bbox 1640 1555 1685 1596; x_wconf 89' lang='lat' dir='ltr'><strong>me</strong></span> <span class='ocrx_word' id='word_1_175' title='bbox 1698 1540 1843 1612; x_wconf 85' lang='lat' dir='ltr'><strong>abnegam,</strong></span> <span class='ocrx_word' id='word_1_176' title='bbox 1862 1543 1918 1599; x_wconf 93' lang='lat' dir='ltr'><strong>imo</strong></span> <span class='ocrx_word' id='word_1_177' title='bbox 1937 1550 1969 1598; x_wconf 91' lang='lat' dir='ltr'><strong>ut</strong></span> <span class='ocrx_word' id='word_1_178' title='bbox 1982 1545 2051 1599; x_wconf 90' lang='lat' dir='ltr'><strong>red-</strong></span> 
     </span>
     <span class='ocr_line' id='line_1_21' title="bbox 337 1623 2051 1714; baseline -0.004 -20"><span class='ocrx_word' id='word_1_179' title='bbox 337 1692 340 1699; x_wconf 87' lang='grc'>,</span> <span class='ocrx_word' id='word_1_180' title='bbox 388 1639 499 1714; x_wconf 75' lang='lat' dir='ltr'><strong>guinem</strong></span> <span class='ocrx_word' id='word_1_181' title='bbox 514 1651 594 1707; x_wconf 88' lang='lat' dir='ltr'><strong>quem</strong></span> <span class='ocrx_word' id='word_1_182' title='bbox 612 1649 659 1705; x_wconf 92' lang='lat' dir='ltr'><strong>pro</strong></span> <span class='ocrx_word' id='word_1_183' title='bbox 674 1648 707 1688; x_wconf 89' lang='lat' dir='ltr'><strong>eo</strong></span> <span class='ocrx_word' id='word_1_184' title='bbox 733 1629 837 1686; x_wconf 82' lang='lat' dir='ltr'><strong>fudisti.</strong></span> <span class='ocrx_word' id='word_1_185' title='bbox 856 1629 958 1696; x_wconf 86' lang='lat' dir='ltr'><strong>Tertia,</strong></span> <span class='ocrx_word' id='word_1_186' title='bbox 974 1627 1038 1698; x_wconf 89' lang='lat' dir='ltr'><strong>quia</strong></span> <span class='ocrx_word' id='word_1_187' title='bbox 1067 1641 1117 1680; x_wconf 87' lang='lat' dir='ltr'><strong>nos</strong></span> <span class='ocrx_word' id='word_1_188' title='bbox 1144 1625 1188 1679; x_wconf 91' lang='lat' dir='ltr'><strong>in·</strong></span> <span class='ocrx_word' id='word_1_189' title='bbox 1243 1623 1306 1678; x_wconf 92' lang='lat' dir='ltr'><strong>dam</strong></span> <span class='ocrx_word' id='word_1_190' title='bbox 1322 1626 1394 1696; x_wconf 91' lang='lat' dir='ltr'><strong>quod</strong></span> <span class='ocrx_word' id='word_1_191' title='bbox 1404 1627 1479 1697; x_wconf 91' lang='lat' dir='ltr'><strong>rapui</strong></span> <span class='ocrx_word' id='word_1_192' title='bbox 1494 1627 1636 1684; x_wconf 87' lang='lat' dir='ltr'><strong>violenter.</strong></span> <span class='ocrx_word' id='word_1_193' title='bbox 1652 1629 1789 1686; x_wconf 86' lang='lat' dir='ltr'><strong>Debemus</strong></span> <span class='ocrx_word' id='word_1_194' title='bbox 1798 1632 2051 1688; x_wconf 89' lang='lat' dir='ltr'><strong>autemsecundum</strong></span> 
     </span>
     <span class='ocr_line' id='line_1_22' title="bbox 390 1713 2049 1800; baseline -0.004 -16"><span class='ocrx_word' id='word_1_195' title='bbox 390 1735 483 1800; x_wconf 74' lang='lat' dir='ltr'><strong>gratos</strong></span> <span class='ocrx_word' id='word_1_196' title='bbox 498 1723 625 1780; x_wconf 86' lang='lat' dir='ltr'><strong>omnibus</strong></span> <span class='ocrx_word' id='word_1_197' title='bbox 640 1721 719 1776; x_wconf 90' lang='lat' dir='ltr'><strong>bonis</strong></span> <span class='ocrx_word' id='word_1_198' title='bbox 735 1720 788 1775; x_wconf 89' lang='lat' dir='ltr'><strong>tuis</strong></span> <span class='ocrx_word' id='word_1_199' title='bbox 803 1728 829 1774; x_wconf 92' lang='lat' dir='ltr'><strong>et</strong></span> <span class='ocrx_word' id='word_1_200' title='bbox 844 1732 954 1773; x_wconf 83' lang='lat' dir='ltr'><strong>aversos</strong></span> <span class='ocrx_word' id='word_1_201' title='bbox 982 1731 998 1771; x_wconf 93' lang='lat' dir='ltr'><strong>a</strong></span> <span class='ocrx_word' id='word_1_202' title='bbox 1027 1723 1052 1771; x_wconf 93' lang='lat' dir='ltr'><strong>te</strong></span> <span class='ocrx_word' id='word_1_203' title='bbox 1080 1721 1191 1785; x_wconf 91' lang='lat' dir='ltr'><strong>propter</strong></span> <span class='ocrx_word' id='word_1_204' title='bbox 1244 1713 1334 1783; x_wconf 74' lang='lat' dir='ltr'><strong>legem</strong></span> <span class='ocrx_word' id='word_1_205' title='bbox 1349 1714 1468 1770; x_wconf 89' lang='lat' dir='ltr'><strong>ablatum</strong></span> <span class='ocrx_word' id='word_1_206' title='bbox 1482 1716 1598 1773; x_wconf 87' lang='lat' dir='ltr'><strong>reddere</strong></span> <span class='ocrx_word' id='word_1_207' title='bbox 1611 1717 1640 1772; x_wconf 89' lang='lat' dir='ltr'><strong>in</strong></span> <span class='ocrx_word' id='word_1_208' title='bbox 1655 1718 1836 1788; x_wconf 89' lang='lat' dir='ltr'><strong>quadruplum</strong></span> <span class='ocrx_word' id='word_1_209' title='bbox 1852 1721 1889 1790; x_wconf 88' lang='lat' dir='ltr'><strong>(tl</strong></span> <span class='ocrx_word' id='word_1_210' title='bbox 1907 1721 1979 1794; x_wconf 68' lang='grc' dir='ltr'><strong>Περ.</strong></span> <span class='ocrx_word' id='word_1_211' title='bbox 1996 1737 2049 1788; x_wconf 75' lang='grc' dir='ltr'>ιιι,</span> 
     </span>
     <span class='ocr_line' id='line_1_23' title="bbox 390 1803 2052 1889; baseline -0.005 -17"><span class='ocrx_word' id='word_1_212' title='bbox 390 1823 501 1889; x_wconf 87' lang='lat' dir='ltr'><strong>peccata</strong></span> <span class='ocrx_word' id='word_1_213' title='bbox 515 1830 531 1869; x_wconf 90' lang='lat' dir='ltr'><strong>a</strong></span> <span class='ocrx_word' id='word_1_214' title='bbox 546 1811 655 1867; x_wconf 91' lang='lat' dir='ltr'><strong>diabolo</strong></span> <span class='ocrx_word' id='word_1_215' title='bbox 670 1808 823 1875; x_wconf 76' lang='lat' dir='ltr'><strong>defendisti,</strong></span> <span class='ocrx_word' id='word_1_216' title='bbox 840 1815 984 1878; x_wconf 88' lang='lat' dir='ltr'><strong>postquam</strong></span> <span class='ocrx_word' id='word_1_217' title='bbox 1013 1819 1029 1858; x_wconf 91' lang='lat' dir='ltr'><strong>a</strong></span> <span class='ocrx_word' id='word_1_218' title='bbox 1057 1810 1083 1858; x_wconf 92' lang='lat' dir='ltr'><strong>te</strong></span> <span class='ocrx_word' id='word_1_219' title='bbox 1098 1811 1191 1858; x_wconf 91' lang='lat' dir='ltr'><strong>nostro</strong></span> <span class='ocrx_word' id='word_1_220' title='bbox 1244 1803 1281 1871; x_wconf 83' lang='lat'><strong>6),</strong></span> <span class='ocrx_word' id='word_1_221' title='bbox 1296 1811 1327 1856; x_wconf 90' lang='lat' dir='ltr'><strong>ut</strong></span> <span class='ocrx_word' id='word_1_222' title='bbox 1341 1819 1396 1859; x_wconf 94' lang='lat' dir='ltr'><strong>non</strong></span> <span class='ocrx_word' id='word_1_223' title='bbox 1410 1803 1499 1858; x_wconf 88' lang='lat' dir='ltr'><strong>solum</strong></span> <span class='ocrx_word' id='word_1_224' title='bbox 1514 1821 1574 1873; x_wconf 89' lang='lat' dir='ltr'><strong>nos,</strong></span> <span class='ocrx_word' id='word_1_225' title='bbox 1590 1806 1638 1862; x_wconf 84' lang='lat' dir='ltr'><strong>sed</strong></span> <span class='ocrx_word' id='word_1_226' title='bbox 1654 1815 1786 1863; x_wconf 88' lang='lat' dir='ltr'><strong>etnostra</strong></span> <span class='ocrx_word' id='word_1_227' title='bbox 1801 1808 1960 1877; x_wconf 86' lang='lat' dir='ltr'><strong>reddamus,</strong></span> <span class='ocrx_word' id='word_1_228' title='bbox 1991 1811 2052 1867; x_wconf 89' lang='lat' dir='ltr'><strong>sei-</strong></span> 
     </span>
     <span class='ocr_line' id='line_1_24' title="bbox 391 1891 2051 1968; baseline -0.003 -9"><span class='ocrx_word' id='word_1_229' title='bbox 391 1903 509 1960; x_wconf 86' lang='lat' dir='ltr'><strong>Domino</strong></span> <span class='ocrx_word' id='word_1_230' title='bbox 526 1899 689 1957; x_wconf 82' lang='lat' dir='ltr'><strong>recessimus</strong></span> <span class='ocrx_word' id='word_1_231' title='bbox 706 1896 821 1967; x_wconf 84' lang='lat' dir='ltr'><strong>turpiter</strong></span> <span class='ocrx_word' id='word_1_232' title='bbox 836 1903 863 1950; x_wconf 92' lang='lat' dir='ltr'><strong>et</strong></span> <span class='ocrx_word' id='word_1_233' title='bbox 879 1893 982 1967; x_wconf 89' lang='lat' dir='ltr'><strong>inique,</strong></span> <span class='ocrx_word' id='word_1_234' title='bbox 998 1891 1047 1946; x_wconf 93' lang='lat' dir='ltr'><strong>sub</strong></span> <span class='ocrx_word' id='word_1_235' title='bbox 1064 1899 1108 1946; x_wconf 91' lang='lat' dir='ltr'><strong>tua</strong></span> <span class='ocrx_word' id='word_1_236' title='bbox 1123 1905 1189 1960; x_wconf 90' lang='lat' dir='ltr'><strong>pro·</strong></span> <span class='ocrx_word' id='word_1_237' title='bbox 1243 1891 1307 1945; x_wconf 87' lang='lat' dir='ltr'><strong>licet</strong></span> <span class='ocrx_word' id='word_1_238' title='bbox 1320 1892 1463 1961; x_wconf 88' lang='lat' dir='ltr'><strong>naturalia,</strong></span> <span class='ocrx_word' id='word_1_239' title='bbox 1481 1893 1590 1950; x_wconf 79' lang='lat' dir='ltr'><strong>fortuita</strong></span> <span class='ocrx_word' id='word_1_240' title='bbox 1605 1903 1631 1952; x_wconf 87' lang='lat' dir='ltr'><strong>et</strong></span> <span class='ocrx_word' id='word_1_241' title='bbox 1646 1896 1777 1967; x_wconf 81' lang='lat' dir='ltr'><strong>gratuita.</strong></span> <span class='ocrx_word' id='word_1_242' title='bbox 1805 1898 1947 1954; x_wconf 86' lang='lat' dir='ltr'><strong>Naturalia</strong></span> <span class='ocrx_word' id='word_1_243' title='bbox 1975 1906 2051 1968; x_wconf 86' lang='lat' dir='ltr'><strong>sunt,</strong></span> 
     </span>
     <span class='ocr_line' id='line_1_25' title="bbox 389 1979 2054 2060; baseline -0.004 -12"><span class='ocrx_word' id='word_1_244' title='bbox 389 1992 509 2048; x_wconf 88' lang='lat' dir='ltr'><strong>tectione</strong></span> <span class='ocrx_word' id='word_1_245' title='bbox 524 2004 585 2045; x_wconf 80' lang='lat' dir='ltr'><strong>esse</strong></span> <span class='ocrx_word' id='word_1_246' title='bbox 600 1987 695 2041; x_wconf 87' lang='lat' dir='ltr'><strong>merito</strong></span> <span class='ocrx_word' id='word_1_247' title='bbox 710 2000 764 2040; x_wconf 93' lang='lat' dir='ltr'><strong>non</strong></span> <span class='ocrx_word' id='word_1_248' title='bbox 779 1984 949 2041; x_wconf 87' lang='lat' dir='ltr'><strong>deberemus.</strong></span> <span class='ocrx_word' id='word_1_249' title='bbox 966 1979 1064 2050; x_wconf 79' lang='lat' dir='ltr'><strong>Sisque</strong></span> <span class='ocrx_word' id='word_1_250' title='bbox 1078 1995 1129 2034; x_wconf 90' lang='lat' dir='ltr'><strong>nos</strong></span> <span class='ocrx_word' id='word_1_251' title='bbox 1144 1979 1193 2034; x_wconf 89' lang='lat' dir='ltr'><strong>lro-</strong></span> <span class='ocrx_word' id='word_1_252' title='bbox 1206 2001 1233 2060; x_wconf 74' lang='lat' dir='ltr'>B</span> <span class='ocrx_word' id='word_1_253' title='bbox 1248 1995 1309 2049; x_wconf 85' lang='lat' dir='ltr'><strong>quae</strong></span> <span class='ocrx_word' id='word_1_254' title='bbox 1324 1982 1505 2036; x_wconf 85' lang='lat' dir='ltr'><strong>communiter</strong></span> <span class='ocrx_word' id='word_1_255' title='bbox 1519 1991 1614 2038; x_wconf 88' lang='lat' dir='ltr'><strong>natura</strong></span> <span class='ocrx_word' id='word_1_256' title='bbox 1628 1984 1756 2040; x_wconf 88' lang='lat' dir='ltr'><strong>omnibus</strong></span> <span class='ocrx_word' id='word_1_257' title='bbox 1771 1984 1929 2041; x_wconf 88' lang='lat' dir='ltr'><strong>hominibus</strong></span> <span class='ocrx_word' id='word_1_258' title='bbox 1958 1987 2054 2042; x_wconf 86' lang='lat' dir='ltr'><strong>admi-</strong></span> 
     </span>
     <span class='ocr_line' id='line_1_26' title="bbox 391 2067 2054 2145; baseline -0.002 -10"><span class='ocrx_word' id='word_1_259' title='bbox 391 2077 440 2135; x_wconf 89' lang='lat' dir='ltr'><strong>stis</strong></span> <span class='ocrx_word' id='word_1_260' title='bbox 454 2080 511 2133; x_wconf 88' lang='lat' dir='ltr'><strong>sinc</strong></span> <span class='ocrx_word' id='word_1_261' title='bbox 526 2075 686 2132; x_wconf 83' lang='lat' dir='ltr'><strong>defensione</strong></span> <span class='ocrx_word' id='word_1_262' title='bbox 700 2074 821 2142; x_wconf 86' lang='lat' dir='ltr'><strong>captivos</strong></span> <span class='ocrx_word' id='word_1_263' title='bbox 835 2070 939 2126; x_wconf 87' lang='lat' dir='ltr'><strong>habens</strong></span> <span class='ocrx_word' id='word_1_264' title='bbox 953 2068 986 2124; x_wconf 89' lang='lat' dir='ltr'><strong>ad</strong></span> <span class='ocrx_word' id='word_1_265' title='bbox 1001 2083 1078 2122; x_wconf 89' lang='lat' dir='ltr'><strong>suam</strong></span> <span class='ocrx_word' id='word_1_266' title='bbox 1092 2067 1193 2122; x_wconf 89' lang='lat' dir='ltr'><strong>volun·</strong></span> <span class='ocrx_word' id='word_1_267' title='bbox 1248 2069 1358 2130; x_wconf 89' lang='lat' dir='ltr'><strong>nistrat;</strong></span> <span class='ocrx_word' id='word_1_268' title='bbox 1376 2071 1499 2141; x_wconf 75' lang='lat' dir='ltr'><strong>quedam</strong></span> <span class='ocrx_word' id='word_1_269' title='bbox 1519 2072 1545 2125; x_wconf 92' lang='lat' dir='ltr'><strong>in</strong></span> <span class='ocrx_word' id='word_1_270' title='bbox 1560 2073 1650 2126; x_wconf 88' lang='lat' dir='ltr'><strong>anima</strong></span> <span class='ocrx_word' id='word_1_271' title='bbox 1664 2081 1778 2145; x_wconf 87' lang='lat' dir='ltr'><strong>tantum,</strong></span> <span class='ocrx_word' id='word_1_272' title='bbox 1794 2082 1823 2129; x_wconf 92' lang='lat' dir='ltr'><strong>ut</strong></span> <span class='ocrx_word' id='word_1_273' title='bbox 1852 2075 2008 2131; x_wconf 88' lang='lat' dir='ltr'><strong>intellectus</strong></span> <span class='ocrx_word' id='word_1_274' title='bbox 2028 2084 2054 2131; x_wconf 91' lang='lat' dir='ltr'><strong>et</strong></span> 
     </span>
     <span class='ocr_line' id='line_1_27' title="bbox 392 2154 2056 2234; baseline -0.001 -13"><span class='ocrx_word' id='word_1_275' title='bbox 392 2177 486 2234; x_wconf 90' lang='lat' dir='ltr'><strong>tatem,</strong></span> <span class='ocrx_word' id='word_1_276' title='bbox 502 2164 644 2220; x_wconf 84' lang='lat' dir='ltr'><strong>debuisset</strong></span> <span class='ocrx_word' id='word_1_277' title='bbox 658 2162 685 2216; x_wconf 90' lang='lat' dir='ltr'><strong>in</strong></span> <span class='ocrx_word' id='word_1_278' title='bbox 701 2169 800 2216; x_wconf 77' lang='lat' dir='ltr'><strong>aeterna</strong></span> <span class='ocrx_word' id='word_1_279' title='bbox 816 2154 1194 2230; x_wconf 85' lang='lat' dir='ltr'><strong>suppliciademersisse‚nisi</strong></span> <span class='ocrx_word' id='word_1_280' title='bbox 1248 2156 1377 2223; x_wconf 83' lang='lat' dir='ltr'><strong>affectus;</strong></span> <span class='ocrx_word' id='word_1_281' title='bbox 1394 2161 1519 2230; x_wconf 87' lang='lat' dir='ltr'><strong>quaedam</strong></span> <span class='ocrx_word' id='word_1_282' title='bbox 1546 2161 1574 2215; x_wconf 93' lang='lat' dir='ltr'><strong>in</strong></span> <span class='ocrx_word' id='word_1_283' title='bbox 1601 2177 1727 2233; x_wconf 89' lang='lat' dir='ltr'><strong>corpore,</strong></span> <span class='ocrx_word' id='word_1_284' title='bbox 1743 2163 1882 2220; x_wconf 89' lang='lat' dir='ltr'><strong>mediante</strong></span> <span class='ocrx_word' id='word_1_285' title='bbox 1905 2165 2009 2230; x_wconf 91' lang='lat' dir='ltr'><strong>anima,</strong></span> <span class='ocrx_word' id='word_1_286' title='bbox 2026 2174 2056 2220; x_wconf 90' lang='lat' dir='ltr'><strong>ut</strong></span> 
     </span>
     <span class='ocr_line' id='line_1_28' title="bbox 393 2245 2055 2324; baseline -0.002 -9"><span class='ocrx_word' id='word_1_287' title='bbox 393 2267 420 2314; x_wconf 91' lang='lat' dir='ltr'><strong>tu</strong></span> <span class='ocrx_word' id='word_1_288' title='bbox 437 2273 469 2313; x_wconf 85' lang='lat' dir='ltr'><strong>ex</strong></span> <span class='ocrx_word' id='word_1_289' title='bbox 485 2251 714 2324; x_wconf 83' lang='lat' dir='ltr'><strong>superabundanti</strong></span> <span class='ocrx_word' id='word_1_290' title='bbox 729 2248 848 2305; x_wconf 88' lang='lat' dir='ltr'><strong>bonitate</strong></span> <span class='ocrx_word' id='word_1_291' title='bbox 864 2264 913 2304; x_wconf 92' lang='lat' dir='ltr'><strong>nos</strong></span> <span class='ocrx_word' id='word_1_292' title='bbox 928 2245 1095 2301; x_wconf 80' lang='lat' dir='ltr'><strong>defendisses</strong></span> <span class='ocrx_word' id='word_1_293' title='bbox 1105 2245 1139 2298; x_wconf 88' lang='lat' dir='ltr'><strong>ab</strong></span> <span class='ocrx_word' id='word_1_294' title='bbox 1149 2259 1192 2311; x_wconf 90' lang='lat' dir='ltr'><strong>eo,</strong></span> <span class='ocrx_word' id='word_1_295' title='bbox 1249 2247 1368 2319; x_wconf 92' lang='lat' dir='ltr'><strong>quinque</strong></span> <span class='ocrx_word' id='word_1_296' title='bbox 1382 2263 1480 2302; x_wconf 88' lang='lat' dir='ltr'><strong>sensus</strong></span> <span class='ocrx_word' id='word_1_297' title='bbox 1494 2249 1647 2307; x_wconf 85' lang='lat' dir='ltr'><strong>interiores.</strong></span> <span class='ocrx_word' id='word_1_298' title='bbox 1664 2251 1821 2307; x_wconf 82' lang='lat' dir='ltr'><strong>Reddamus</strong></span> <span class='ocrx_word' id='word_1_299' title='bbox 1848 2269 1915 2324; x_wconf 81' lang='lat' dir='ltr'><strong>ergo</strong></span> <span class='ocrx_word' id='word_1_300' title='bbox 1942 2253 2055 2311; x_wconf 85' lang='lat' dir='ltr'><strong>intelle-</strong></span> 
     </span>
     <span class='ocr_line' id='line_1_29' title="bbox 392 2335 2059 2416; baseline -0.002 -13"><span class='ocrx_word' id='word_1_301' title='bbox 392 2357 419 2403; x_wconf 90' lang='lat' dir='ltr'><strong>ct</strong></span> <span class='ocrx_word' id='word_1_302' title='bbox 434 2346 468 2401; x_wconf 86' lang='lat' dir='ltr'><strong>ad</strong></span> <span class='ocrx_word' id='word_1_303' title='bbox 486 2341 670 2416; x_wconf 67' lang='lat' dir='ltr'><strong>poenitentiam</strong></span> <span class='ocrx_word' id='word_1_304' title='bbox 686 2353 860 2404; x_wconf 81' lang='lat' dir='ltr'><strong>reservasses,</strong></span> <span class='ocrx_word' id='word_1_305' title='bbox 878 2343 905 2391; x_wconf 88' lang='lat' dir='ltr'><strong>et</strong></span> <span class='ocrx_word' id='word_1_306' title='bbox 919 2343 1029 2407; x_wconf 86' lang='lat' dir='ltr'><strong>propter</strong></span> <span class='ocrx_word' id='word_1_307' title='bbox 1042 2335 1114 2388; x_wconf 84' lang='lat' dir='ltr'><strong>liano</strong></span> <span class='ocrx_word' id='word_1_308' title='bbox 1128 2349 1194 2388; x_wconf 90' lang='lat' dir='ltr'><strong>cau·</strong></span> <span class='ocrx_word' id='word_1_309' title='bbox 1248 2343 1331 2403; x_wconf 90' lang='lat' dir='ltr'><strong>ctum,</strong></span> <span class='ocrx_word' id='word_1_310' title='bbox 1347 2337 1394 2391; x_wconf 86' lang='lat' dir='ltr'><strong>sed</strong></span> <span class='ocrx_word' id='word_1_311' title='bbox 1410 2353 1487 2392; x_wconf 90' lang='lat' dir='ltr'><strong>suum</strong></span> <span class='ocrx_word' id='word_1_312' title='bbox 1498 2339 1636 2409; x_wconf 92' lang='lat' dir='ltr'><strong>proprium</strong></span> <span class='ocrx_word' id='word_1_313' title='bbox 1651 2340 1845 2411; x_wconf 88' lang='lat' dir='ltr'><strong>relinquentes,</strong></span> <span class='ocrx_word' id='word_1_314' title='bbox 1858 2343 1908 2413; x_wconf 91' lang='lat' dir='ltr'><strong>qui</strong></span> <span class='ocrx_word' id='word_1_315' title='bbox 1923 2345 2059 2398; x_wconf 86' lang='lat' dir='ltr'><strong>nosmul·</strong></span> 
     </span>
     <span class='ocr_line' id='line_1_30' title="bbox 393 2422 2057 2504; baseline -0.001 -16"><span class='ocrx_word' id='word_1_316' title='bbox 393 2451 451 2491; x_wconf 86' lang='lat' dir='ltr'><strong>sam</strong></span> <span class='ocrx_word' id='word_1_317' title='bbox 466 2432 574 2504; x_wconf 84' lang='lat' dir='ltr'><strong>proprie</strong></span> <span class='ocrx_word' id='word_1_318' title='bbox 588 2445 680 2485; x_wconf 90' lang='lat' dir='ltr'><strong>sumus</strong></span> <span class='ocrx_word' id='word_1_319' title='bbox 696 2428 732 2482; x_wconf 90' lang='lat' dir='ltr'><strong>tui</strong></span> <span class='ocrx_word' id='word_1_320' title='bbox 748 2427 829 2495; x_wconf 86' lang='lat' dir='ltr'><strong>servi,</strong></span> <span class='ocrx_word' id='word_1_321' title='bbox 845 2425 926 2496; x_wconf 90' lang='lat' dir='ltr'><strong>quasi</strong></span> <span class='ocrx_word' id='word_1_322' title='bbox 941 2424 975 2478; x_wconf 91' lang='lat' dir='ltr'><strong>ab</strong></span> <span class='ocrx_word' id='word_1_323' title='bbox 991 2424 1068 2478; x_wconf 88' lang='lat' dir='ltr'><strong>hoste</strong></span> <span class='ocrx_word' id='word_1_324' title='bbox 1083 2422 1193 2478; x_wconf 87' lang='lat' dir='ltr'><strong>servati.</strong></span> <span class='ocrx_word' id='word_1_325' title='bbox 1249 2431 1335 2478; x_wconf 93' lang='lat' dir='ltr'><strong>tuma</strong></span> <span class='ocrx_word' id='word_1_326' title='bbox 1350 2424 1505 2497; x_wconf 84' lang='lat' dir='ltr'><strong>cognitione</strong></span> <span class='ocrx_word' id='word_1_327' title='bbox 1520 2426 1639 2483; x_wconf 85' lang='lat' dir='ltr'><strong>veritatis</strong></span> <span class='ocrx_word' id='word_1_328' title='bbox 1659 2428 1800 2500; x_wconf 86' lang='lat' dir='ltr'><strong>impendit.</strong></span> <span class='ocrx_word' id='word_1_329' title='bbox 1830 2430 1955 2498; x_wconf 80' lang='lat' dir='ltr'><strong>Quandiu</strong></span> <span class='ocrx_word' id='word_1_330' title='bbox 1980 2433 2057 2487; x_wconf 91' lang='lat' dir='ltr'><strong>enim</strong></span> 
     </span>
     <span class='ocr_line' id='line_1_31' title="bbox 393 2509 2056 2589; baseline -0.001 -10"><span class='ocrx_word' id='word_1_331' title='bbox 393 2522 525 2579; x_wconf 90' lang='lat' dir='ltr'><strong>Similiter</strong></span> <span class='ocrx_word' id='word_1_332' title='bbox 541 2519 576 2575; x_wconf 91' lang='lat' dir='ltr'><strong>tui</strong></span> <span class='ocrx_word' id='word_1_333' title='bbox 592 2525 652 2572; x_wconf 89' lang='lat' dir='ltr'><strong>sunt</strong></span> <span class='ocrx_word' id='word_1_334' title='bbox 666 2517 820 2589; x_wconf 90' lang='lat' dir='ltr'><strong>quicunque</strong></span> <span class='ocrx_word' id='word_1_335' title='bbox 848 2531 899 2584; x_wconf 91' lang='lat' dir='ltr'><strong>per</strong></span> <span class='ocrx_word' id='word_1_336' title='bbox 920 2521 994 2568; x_wconf 91' lang='lat' dir='ltr'><strong>tuam</strong></span> <span class='ocrx_word' id='word_1_337' title='bbox 1022 2511 1138 2584; x_wconf 77' lang='lat' dir='ltr'><strong>gratiam</strong></span> <span class='ocrx_word' id='word_1_338' title='bbox 1153 2509 1196 2565; x_wconf 86' lang='lat' dir='ltr'><strong>la·</strong></span> <span class='ocrx_word' id='word_1_339' title='bbox 1248 2512 1331 2568; x_wconf 92' lang='lat' dir='ltr'><strong>homo</strong></span> <span class='ocrx_word' id='word_1_340' title='bbox 1346 2529 1427 2568; x_wconf 85' lang='lat' dir='ltr'><strong>sensu</strong></span> <span class='ocrx_word' id='word_1_341' title='bbox 1442 2531 1493 2570; x_wconf 87' lang='lat' dir='ltr'><strong>sno</strong></span> <span class='ocrx_word' id='word_1_342' title='bbox 1509 2515 1547 2571; x_wconf 89' lang='lat' dir='ltr'><strong>ite</strong></span> <span class='ocrx_word' id='word_1_343' title='bbox 1560 2516 1682 2571; x_wconf 90' lang='lat' dir='ltr'><strong>innititur</strong></span> <span class='ocrx_word' id='word_1_344' title='bbox 1696 2525 1723 2571; x_wconf 91' lang='grc' dir='ltr'><strong>ιιι</strong></span> <span class='ocrx_word' id='word_1_345' title='bbox 1739 2516 1774 2572; x_wconf 90' lang='lat' dir='ltr'><strong>ab</strong></span> <span class='ocrx_word' id='word_1_346' title='bbox 1789 2534 1822 2573; x_wconf 92' lang='lat' dir='ltr'><strong>eo</strong></span> <span class='ocrx_word' id='word_1_347' title='bbox 1850 2519 1979 2576; x_wconf 88' lang='lat' dir='ltr'><strong>recedere</strong></span> <span class='ocrx_word' id='word_1_348' title='bbox 2001 2536 2056 2577; x_wconf 90' lang='lat' dir='ltr'><strong>no-</strong></span> 
     </span>
    </p>
   </div>
   <div class='ocr_carea' id='block_1_8' title="bbox 392 2599 1196 3212">
    <p class='ocr_par' dir='ltr' id='par_1_8' title="bbox 392 2599 1196 3212">
     <span class='ocr_line' id='line_1_32' title="bbox 394 2599 1194 2685; baseline -0.018 -18"><span class='ocrx_word' id='word_1_349' title='bbox 394 2627 479 2685; x_wconf 90' lang='lat' dir='ltr'><strong>queos</strong></span> <span class='ocrx_word' id='word_1_350' title='bbox 494 2607 597 2664; x_wconf 90' lang='lat' dir='ltr'><strong>diaboli</strong></span> <span class='ocrx_word' id='word_1_351' title='bbox 613 2605 781 2672; x_wconf 74' lang='lat' dir='ltr'><strong>evitaverint,</strong></span> <span class='ocrx_word' id='word_1_352' title='bbox 798 2611 824 2658; x_wconf 91' lang='lat' dir='ltr'><strong>et</strong></span> <span class='ocrx_word' id='word_1_353' title='bbox 839 2602 901 2657; x_wconf 87' lang='lat' dir='ltr'><strong>ideo</strong></span> <span class='ocrx_word' id='word_1_354' title='bbox 922 2601 969 2655; x_wconf 91' lang='lat' dir='ltr'><strong>tibi</strong></span> <span class='ocrx_word' id='word_1_355' title='bbox 999 2600 1067 2655; x_wconf 91' lang='lat' dir='ltr'><strong>nihil</strong></span> <span class='ocrx_word' id='word_1_356' title='bbox 1094 2599 1194 2655; x_wconf 78' lang='lat' dir='ltr'><strong>aulerci</strong></span> 
     </span>
     <span class='ocr_line' id='line_1_33' title="bbox 393 2689 1195 2768; baseline -0.016 -12"><span class='ocrx_word' id='word_1_357' title='bbox 393 2700 474 2756; x_wconf 91' lang='lat' dir='ltr'><strong>debet</strong></span> <span class='ocrx_word' id='word_1_358' title='bbox 489 2711 524 2753; x_wconf 84' lang='lat' dir='ltr'><strong>ex</strong></span> <span class='ocrx_word' id='word_1_359' title='bbox 545 2713 577 2752; x_wconf 92' lang='lat' dir='ltr'><strong>eo</strong></span> <span class='ocrx_word' id='word_1_360' title='bbox 593 2695 665 2768; x_wconf 89' lang='lat' dir='ltr'><strong>quod</strong></span> <span class='ocrx_word' id='word_1_361' title='bbox 680 2695 723 2750; x_wconf 90' lang='lat' dir='ltr'><strong>vel</strong></span> <span class='ocrx_word' id='word_1_362' title='bbox 740 2700 765 2748; x_wconf 90' lang='lat' dir='ltr'><strong>to</strong></span> <span class='ocrx_word' id='word_1_363' title='bbox 781 2697 860 2747; x_wconf 89' lang='lat' dir='ltr'><strong>dante</strong></span> <span class='ocrx_word' id='word_1_364' title='bbox 876 2706 930 2751; x_wconf 91' lang='lat' dir='ltr'><strong>nou</strong></span> <span class='ocrx_word' id='word_1_365' title='bbox 944 2689 1053 2756; x_wconf 88' lang='lat' dir='ltr'><strong>cecidit,</strong></span> <span class='ocrx_word' id='word_1_366' title='bbox 1071 2689 1113 2744; x_wconf 87' lang='lat' dir='ltr'><strong>vel</strong></span> <span class='ocrx_word' id='word_1_367' title='bbox 1123 2689 1143 2743; x_wconf 90' lang='lat' dir='ltr'><strong>si</strong></span> <span class='ocrx_word' id='word_1_368' title='bbox 1152 2703 1195 2744; x_wconf 92' lang='lat' dir='ltr'><strong>ee-</strong></span> 
     </span>
     <span class='ocr_line' id='line_1_34' title="bbox 392 2776 1195 2851; baseline -0.017 -7"><span class='ocrx_word' id='word_1_369' title='bbox 392 2789 695 2844; x_wconf 82' lang='lat' dir='ltr'><strong>cideratestcrectum.</strong></span> <span class='ocrx_word' id='word_1_370' title='bbox 720 2782 822 2851; x_wconf 88' lang='lat' dir='ltr'><strong>Quarta</strong></span> <span class='ocrx_word' id='word_1_371' title='bbox 850 2793 931 2835; x_wconf 83' lang='lat' dir='ltr'><strong>carisa</strong></span> <span class='ocrx_word' id='word_1_372' title='bbox 959 2785 1009 2846; x_wconf 90' lang='lat' dir='ltr'><strong>est,</strong></span> <span class='ocrx_word' id='word_1_373' title='bbox 1039 2776 1103 2848; x_wconf 92' lang='lat' dir='ltr'><strong>quia</strong></span> <span class='ocrx_word' id='word_1_374' title='bbox 1131 2791 1195 2832; x_wconf 88' lang='lat' dir='ltr'><strong>cum</strong></span> 
     </span>
     <span class='ocr_line' id='line_1_35' title="bbox 393 2865 1195 2942; baseline -0.016 -10"><span class='ocrx_word' id='word_1_375' title='bbox 393 2885 521 2934; x_wconf 77' lang='lat' dir='ltr'><strong>uternam</strong></span> <span class='ocrx_word' id='word_1_376' title='bbox 536 2880 650 2928; x_wconf 89' lang='lat' dir='ltr'><strong>mortem</strong></span> <span class='ocrx_word' id='word_1_377' title='bbox 666 2868 786 2942; x_wconf 78' lang='lat' dir='ltr'><strong>puocatis</strong></span> <span class='ocrx_word' id='word_1_378' title='bbox 814 2868 913 2923; x_wconf 87' lang='lat' dir='ltr'><strong>nostris</strong></span> <span class='ocrx_word' id='word_1_379' title='bbox 940 2865 1145 2931; x_wconf 77' lang='lat' dir='ltr'><strong>meruissemus,</strong></span> <span class='ocrx_word' id='word_1_380' title='bbox 1166 2871 1195 2919; x_wconf 94' lang='lat' dir='ltr'><strong>tu</strong></span> 
     </span>
     <span class='ocr_line' id='line_1_36' title="bbox 394 2954 1196 3026; baseline -0.015 -4"><span class='ocrx_word' id='word_1_381' title='bbox 394 2980 444 3022; x_wconf 92' lang='lat' dir='ltr'><strong>nos</strong></span> <span class='ocrx_word' id='word_1_382' title='bbox 457 2963 587 3020; x_wconf 87' lang='lat' dir='ltr'><strong>reduxisti</strong></span> <span class='ocrx_word' id='word_1_383' title='bbox 603 2960 636 3018; x_wconf 91' lang='lat' dir='ltr'><strong>ad</strong></span> <span class='ocrx_word' id='word_1_384' title='bbox 652 2961 746 3026; x_wconf 90' lang='lat' dir='ltr'><strong>vitam,</strong></span> <span class='ocrx_word' id='word_1_385' title='bbox 764 2973 822 3013; x_wconf 87' lang='lat' dir='ltr'><strong>eam</strong></span> <span class='ocrx_word' id='word_1_386' title='bbox 839 2955 1012 3011; x_wconf 90' lang='lat' dir='ltr'><strong>dimittendo.</strong></span> <span class='ocrx_word' id='word_1_387' title='bbox 1046 2954 1100 3009; x_wconf 85' lang='lat' dir='ltr'><strong>Cur</strong></span> <span class='ocrx_word' id='word_1_388' title='bbox 1127 2969 1196 3025; x_wconf 81' lang='lat' dir='ltr'><strong>ergo</strong></span> 
     </span>
     <span class='ocr_line' id='line_1_37' title="bbox 394 3043 1195 3118; baseline -0.017 -8"><span class='ocrx_word' id='word_1_389' title='bbox 394 3054 440 3110; x_wconf 92' lang='lat' dir='ltr'><strong>tibi</strong></span> <span class='ocrx_word' id='word_1_390' title='bbox 456 3069 510 3109; x_wconf 91' lang='lat' dir='ltr'><strong>non</strong></span> <span class='ocrx_word' id='word_1_391' title='bbox 531 3051 654 3108; x_wconf 86' lang='lat' dir='ltr'><strong>vivemus</strong></span> <span class='ocrx_word' id='word_1_392' title='bbox 682 3063 733 3104; x_wconf 86' lang='lat' dir='ltr'><strong>nos</strong></span> <span class='ocrx_word' id='word_1_393' title='bbox 761 3045 867 3118; x_wconf 88' lang='lat' dir='ltr'><strong>penitus</strong></span> <span class='ocrx_word' id='word_1_394' title='bbox 895 3043 1068 3115; x_wconf 78' lang='lat' dir='ltr'><strong>abnegando,</strong></span> <span class='ocrx_word' id='word_1_395' title='bbox 1097 3059 1113 3097; x_wconf 91' lang='lat' dir='ltr'><strong>a</strong></span> <span class='ocrx_word' id='word_1_396' title='bbox 1141 3056 1195 3114; x_wconf 91' lang='lat' dir='ltr'><strong>quo</strong></span> 
     </span>
     <span class='ocr_line' id='line_1_38' title="bbox 395 3129 1195 3212; baseline -0.02 -12"><span class='ocrx_word' id='word_1_397' title='bbox 395 3144 528 3200; x_wconf 84' lang='lat' dir='ltr'><strong>habemus</strong></span> <span class='ocrx_word' id='word_1_398' title='bbox 543 3141 614 3212; x_wconf 90' lang='lat' dir='ltr'><strong>quod</strong></span> <span class='ocrx_word' id='word_1_399' title='bbox 624 3134 786 3194; x_wconf 79' lang='lat' dir='ltr'><strong>aeternaliter</strong></span> <span class='ocrx_word' id='word_1_400' title='bbox 796 3133 896 3189; x_wconf 90' lang='lat' dir='ltr'><strong>mortui</strong></span> <span class='ocrx_word' id='word_1_401' title='bbox 908 3147 960 3188; x_wconf 92' lang='lat' dir='ltr'><strong>non</strong></span> <span class='ocrx_word' id='word_1_402' title='bbox 972 3132 1084 3187; x_wconf 87' lang='lat' dir='ltr'><strong>simus‘l</strong></span> <span class='ocrx_word' id='word_1_403' title='bbox 1095 3129 1195 3200; x_wconf 86' lang='lat' dir='ltr'><strong>Quinta</strong></span> 
     </span>
    </p>
   </div>
   <div class='ocr_carea' id='block_1_9' title="bbox 1241 2592 2056 3215">
    <p class='ocr_par' dir='ltr' id='par_1_9' title="bbox 1241 2592 2056 3215">
     <span class='ocr_line' id='line_1_39' title="bbox 1250 2592 2056 2680; baseline 0.01 -24"><span class='ocrx_word' id='word_1_404' title='bbox 1250 2601 1308 2669; x_wconf 90' lang='lat' dir='ltr'><strong>luit,</strong></span> <span class='ocrx_word' id='word_1_405' title='bbox 1323 2602 1369 2659; x_wconf 84' lang='lat' dir='ltr'><strong>vix</strong></span> <span class='ocrx_word' id='word_1_406' title='bbox 1383 2619 1493 2658; x_wconf 88' lang='lat' dir='ltr'><strong>sensum</strong></span> <span class='ocrx_word' id='word_1_407' title='bbox 1508 2603 1620 2660; x_wconf 91' lang='lat' dir='ltr'><strong>alterius</strong></span> <span class='ocrx_word' id='word_1_408' title='bbox 1631 2592 1868 2680; x_wconf 85' lang='lat' dir='ltr'><strong>quantumcunque</strong></span> <span class='ocrx_word' id='word_1_409' title='bbox 1888 2609 2056 2666; x_wconf 87' lang='lat' dir='ltr'><strong>rationalem</strong></span> 
     </span>
     <span class='ocr_line' id='line_1_40' title="bbox 1241 2692 2054 2769; baseline 0.006 -19"><span class='ocrx_word' id='word_1_410' title='bbox 1241 2692 1439 2762; x_wconf 85' lang='lat' dir='ltr'><strong>apprehendit.</strong></span> <span class='ocrx_word' id='word_1_411' title='bbox 1459 2693 1625 2750; x_wconf 83' lang='lat' dir='ltr'><strong>Faciendum</strong></span> <span class='ocrx_word' id='word_1_412' title='bbox 1639 2696 1779 2768; x_wconf 80' lang='lat' dir='ltr'><strong>igiturest</strong></span> <span class='ocrx_word' id='word_1_413' title='bbox 1793 2697 1943 2753; x_wconf 88' lang='lat' dir='ltr'><strong>secundum</strong></span> <span class='ocrx_word' id='word_1_414' title='bbox 1973 2700 2054 2769; x_wconf 83' lang='lat' dir='ltr'><strong>Apo·</strong></span> 
     </span>
     <span class='ocr_line' id='line_1_41' title="bbox 1249 2780 2054 2857; baseline 0.012 -23"><span class='ocrx_word' id='word_1_415' title='bbox 1249 2780 1364 2837; x_wconf 90' lang='lat' dir='ltr'><strong>stolum:</strong></span> <span class='ocrx_word' id='word_1_416' title='bbox 1377 2783 1675 2855; x_wconf 81' lang='lat' dir='ltr'><strong>Quicunquciateruoa</strong></span> <span class='ocrx_word' id='word_1_417' title='bbox 1685 2787 1799 2857; x_wconf 79' lang='lat' dir='ltr'><strong>sopiens</strong></span> <span class='ocrx_word' id='word_1_418' title='bbox 1816 2802 1876 2842; x_wconf 78' lang='lat' dir='ltr'><strong>aare</strong></span> <span class='ocrx_word' id='word_1_419' title='bbox 1891 2788 1964 2855; x_wconf 78' lang='lat' dir='ltr'><strong>tacit,</strong></span> <span class='ocrx_word' id='word_1_420' title='bbox 1977 2789 2054 2844; x_wconf 82' lang='lat' dir='ltr'><strong>stul·</strong></span> 
     </span>
     <span class='ocr_line' id='line_1_42' title="bbox 1250 2872 2052 2943; baseline 0.007 -19"><span class='ocrx_word' id='word_1_421' title='bbox 1250 2872 1380 2941; x_wconf 63' lang='lat' dir='ltr'><strong>tualiot,</strong></span> <span class='ocrx_word' id='word_1_422' title='bbox 1392 2872 1592 2943; x_wconf 82' lang='lat' dir='ltr'><strong>utsrpicnrait</strong></span> <span class='ocrx_word' id='word_1_423' title='bbox 1601 2873 1626 2943; x_wconf 90' lang='lat' dir='ltr'><strong>(l</strong></span> <span class='ocrx_word' id='word_1_424' title='bbox 1633 2872 1695 2930; x_wconf 81' lang='lat' dir='ltr'><strong>Cor.</strong></span> <span class='ocrx_word' id='word_1_425' title='bbox 1707 2889 1748 2941; x_wconf 88' lang='grc' dir='ltr'>ιιι,</span> <span class='ocrx_word' id='word_1_426' title='bbox 1758 2875 1812 2943; x_wconf 83' lang='lat' dir='ltr'><strong>ta).</strong></span> <span class='ocrx_word' id='word_1_427' title='bbox 1825 2875 1854 2931; x_wconf 88' lang='lat' dir='ltr'><strong>Si</strong></span> <span class='ocrx_word' id='word_1_428' title='bbox 1869 2876 1942 2930; x_wconf 91' lang='lat' dir='ltr'><strong>enirn</strong></span> <span class='ocrx_word' id='word_1_429' title='bbox 1958 2877 2052 2930; x_wconf 87' lang='lat' dir='ltr'><strong>humi-</strong></span> 
     </span>
     <span class='ocr_line' id='line_1_43' title="bbox 1249 2959 2053 3035; baseline 0.01 -23"><span class='ocrx_word' id='word_1_430' title='bbox 1249 2959 1354 3015; x_wconf 87' lang='lat' dir='ltr'><strong>lilerse</strong></span> <span class='ocrx_word' id='word_1_431' title='bbox 1368 2959 1478 3014; x_wconf 89' lang='lat' dir='ltr'><strong>stultum</strong></span> <span class='ocrx_word' id='word_1_432' title='bbox 1493 2969 1629 3033; x_wconf 87' lang='lat' dir='ltr'><strong>reputaret</strong></span> <span class='ocrx_word' id='word_1_433' title='bbox 1656 2963 1691 3017; x_wconf 91' lang='lat' dir='ltr'><strong>ad</strong></span> <span class='ocrx_word' id='word_1_434' title='bbox 1720 2972 1834 3035; x_wconf 90' lang='lat' dir='ltr'><strong>tempus,</strong></span> <span class='ocrx_word' id='word_1_435' title='bbox 1866 2972 1929 3020; x_wconf 89' lang='lat' dir='ltr'><strong>tuno</strong></span> <span class='ocrx_word' id='word_1_436' title='bbox 1956 2981 2053 3020; x_wconf 75' lang='lat' dir='ltr'><strong>veram</strong></span> 
     </span>
     <span class='ocr_line' id='line_1_44' title="bbox 1249 3047 2052 3123; baseline 0.01 -21"><span class='ocrx_word' id='word_1_437' title='bbox 1249 3047 1411 3119; x_wconf 86' lang='lat' dir='ltr'><strong>sapientiam</strong></span> <span class='ocrx_word' id='word_1_438' title='bbox 1426 3064 1442 3103; x_wconf 89' lang='lat' dir='ltr'><strong>a</strong></span> <span class='ocrx_word' id='word_1_439' title='bbox 1456 3056 1493 3116; x_wconf 92' lang='lat' dir='ltr'><strong>te,</strong></span> <span class='ocrx_word' id='word_1_440' title='bbox 1509 3050 1566 3106; x_wconf 86' lang='lat' dir='ltr'><strong>sire</strong></span> <span class='ocrx_word' id='word_1_441' title='bbox 1580 3067 1597 3105; x_wconf 91' lang='lat' dir='ltr'><strong>a</strong></span> <span class='ocrx_word' id='word_1_442' title='bbox 1612 3051 1664 3106; x_wconf 92' lang='lat' dir='ltr'><strong>tuis</strong></span> <span class='ocrx_word' id='word_1_443' title='bbox 1679 3053 1883 3123; x_wconf 89' lang='lat' dir='ltr'><strong>apprehendere</strong></span> <span class='ocrx_word' id='word_1_444' title='bbox 1900 3063 1925 3108; x_wconf 91' lang='lat' dir='ltr'><strong>te</strong></span> <span class='ocrx_word' id='word_1_445' title='bbox 1941 3064 2052 3123; x_wconf 85' lang='lat' dir='ltr'><strong>posset,</strong></span> 
     </span>
     <span class='ocr_line' id='line_1_45' title="bbox 1248 3136 2052 3215; baseline 0.01 -25"><span class='ocrx_word' id='word_1_446' title='bbox 1248 3136 1312 3208; x_wconf 89' lang='lat' dir='ltr'><strong>qnia</strong></span> <span class='ocrx_word' id='word_1_447' title='bbox 1339 3137 1387 3193; x_wconf 81' lang='lat' dir='ltr'><strong>abi</strong></span> <span class='ocrx_word' id='word_1_448' title='bbox 1415 3139 1574 3206; x_wconf 80' lang='lat' dir='ltr'><strong>humilitas,</strong></span> <span class='ocrx_word' id='word_1_449' title='bbox 1597 3141 1638 3196; x_wconf 79' lang='lat' dir='ltr'><strong>ibi</strong></span> <span class='ocrx_word' id='word_1_450' title='bbox 1661 3142 1806 3213; x_wconf 83' lang='lat' dir='ltr'><strong>supientia</strong></span> <span class='ocrx_word' id='word_1_451' title='bbox 1834 3142 1985 3213; x_wconf 84' lang='lat' dir='ltr'><strong>(Prou.x1,</strong></span> <span class='ocrx_word' id='word_1_452' title='bbox 2013 3145 2052 3215; x_wconf 76' lang='lat'><strong>2).</strong></span> 
     </span>
    </p>
   </div>
   <div class='ocr_carea' id='block_1_10' title="bbox 394 3219 2058 4723">
    <p class='ocr_par' dir='ltr' id='par_1_10' title="bbox 394 3219 2058 4723">
     <span class='ocr_line' id='line_1_46' title="bbox 395 3219 2055 3302; baseline -0.006 -9"><span class='ocrx_word' id='word_1_453' title='bbox 395 3247 480 3290; x_wconf 84' lang='lat' dir='ltr'><strong>causa</strong></span> <span class='ocrx_word' id='word_1_454' title='bbox 508 3237 557 3296; x_wconf 85' lang='lat' dir='ltr'><strong>est,</strong></span> <span class='ocrx_word' id='word_1_455' title='bbox 588 3225 661 3297; x_wconf 83' lang='lat' dir='ltr'><strong>quod</strong></span> <span class='ocrx_word' id='word_1_456' title='bbox 690 3224 785 3281; x_wconf 78' lang='lat' dir='ltr'><strong>eudem</strong></span> <span class='ocrx_word' id='word_1_457' title='bbox 815 3222 935 3277; x_wconf 81' lang='lat' dir='ltr'><strong>bonitate</strong></span> <span class='ocrx_word' id='word_1_458' title='bbox 951 3237 1006 3294; x_wconf 84' lang='lat' dir='ltr'><strong>qua</strong></span> <span class='ocrx_word' id='word_1_459' title='bbox 1021 3237 1070 3275; x_wconf 86' lang='lat' dir='ltr'><strong>nos</strong></span> <span class='ocrx_word' id='word_1_460' title='bbox 1084 3219 1191 3287; x_wconf 84' lang='lat' dir='ltr'><strong>creasti,</strong></span> <span class='ocrx_word' id='word_1_461' title='bbox 1247 3225 1346 3280; x_wconf 80' lang='lat' dir='ltr'><strong>Paulus</strong></span> <span class='ocrx_word' id='word_1_462' title='bbox 1367 3227 1441 3282; x_wconf 83' lang='lat' dir='ltr'><strong>enim</strong></span> <span class='ocrx_word' id='word_1_463' title='bbox 1470 3228 1589 3283; x_wconf 81' lang='lat' dir='ltr'><strong>creditur</strong></span> <span class='ocrx_word' id='word_1_464' title='bbox 1617 3229 1746 3285; x_wconf 80' lang='lat' dir='ltr'><strong>didicisse</strong></span> <span class='ocrx_word' id='word_1_465' title='bbox 1787 3231 1972 3302; x_wconf 66' lang='lat' dir='ltr'><strong>euangelium</strong></span> <span class='ocrx_word' id='word_1_466' title='bbox 2026 3233 2055 3288; x_wconf 81' lang='lat' dir='ltr'><strong>in</strong></span> 
     </span>
     <span class='ocr_line' id='line_1_47' title="bbox 394 3308 2054 3393; baseline -0.003 -15"><span class='ocrx_word' id='word_1_467' title='bbox 394 3321 476 3379; x_wconf 88' lang='lat' dir='ltr'><strong>etiarn</strong></span> <span class='ocrx_word' id='word_1_468' title='bbox 491 3331 646 3383; x_wconf 88' lang='lat' dir='ltr'><strong>conservas,</strong></span> <span class='ocrx_word' id='word_1_469' title='bbox 662 3331 696 3370; x_wconf 88' lang='lat' dir='ltr'><strong>ne</strong></span> <span class='ocrx_word' id='word_1_470' title='bbox 710 3313 737 3370; x_wconf 93' lang='lat' dir='ltr'><strong>in</strong></span> <span class='ocrx_word' id='word_1_471' title='bbox 749 3310 1037 3384; x_wconf 83' lang='lat' dir='ltr'><strong>nilrilumredigamur.</strong></span> <span class='ocrx_word' id='word_1_472' title='bbox 1048 3308 1194 3378; x_wconf 88' lang='lat' dir='ltr'><strong>Quomodo</strong></span> <span class='ocrx_word' id='word_1_473' title='bbox 1249 3313 1303 3369; x_wconf 87' lang='lat' dir='ltr'><strong>illis</strong></span> <span class='ocrx_word' id='word_1_474' title='bbox 1336 3313 1421 3369; x_wconf 88' lang='lat' dir='ltr'><strong>tribua</strong></span> <span class='ocrx_word' id='word_1_475' title='bbox 1444 3315 1550 3383; x_wconf 89' lang='lat' dir='ltr'><strong>diebus,</strong></span> <span class='ocrx_word' id='word_1_476' title='bbox 1580 3333 1642 3374; x_wconf 92' lang='lat' dir='ltr'><strong>cum</strong></span> <span class='ocrx_word' id='word_1_477' title='bbox 1671 3333 1760 3375; x_wconf 84' lang='lat' dir='ltr'><strong>caecus</strong></span> <span class='ocrx_word' id='word_1_478' title='bbox 1777 3327 1849 3375; x_wconf 86' lang='lat' dir='ltr'><strong>esset</strong></span> <span class='ocrx_word' id='word_1_479' title='bbox 1866 3318 1997 3390; x_wconf 72' lang='lat' dir='ltr'><strong>(acan,</strong></span> <span class='ocrx_word' id='word_1_480' title='bbox 2015 3325 2054 3393; x_wconf 77' lang='lat'><strong>9).</strong></span> 
     </span>
     <span class='ocr_line' id='line_1_48' title="bbox 395 3400 2056 3481; baseline -0.007 -14"><span class='ocrx_word' id='word_1_481' title='bbox 395 3412 468 3467; x_wconf 91' lang='lat' dir='ltr'><strong>enim</strong></span> <span class='ocrx_word' id='word_1_482' title='bbox 485 3408 576 3479; x_wconf 91' lang='lat' dir='ltr'><strong>aliquo</strong></span> <span class='ocrx_word' id='word_1_483' title='bbox 592 3404 739 3459; x_wconf 88' lang='lat' dir='ltr'><strong>subsistere</strong></span> <span class='ocrx_word' id='word_1_484' title='bbox 768 3402 917 3467; x_wconf 86' lang='lat' dir='ltr'><strong>valeamus,</strong></span> <span class='ocrx_word' id='word_1_485' title='bbox 947 3400 996 3455; x_wconf 89' lang='lat' dir='ltr'><strong>nisi</strong></span> <span class='ocrx_word' id='word_1_486' title='bbox 1027 3408 1051 3455; x_wconf 94' lang='lat' dir='ltr'><strong>te</strong></span> <span class='ocrx_word' id='word_1_487' title='bbox 1080 3414 1195 3455; x_wconf 86' lang='lat' dir='ltr'><strong>conser—</strong></span> <span class='ocrx_word' id='word_1_488' title='bbox 1250 3402 1642 3463; x_wconf 86' lang='lat' dir='ltr'><strong>Reddamusetiamalsectum</strong></span> <span class='ocrx_word' id='word_1_489' title='bbox 1658 3408 1727 3474; x_wconf 89' lang='lat' dir='ltr'><strong>Deo,</strong></span> <span class='ocrx_word' id='word_1_490' title='bbox 1745 3411 2056 3481; x_wconf 74' lang='lat' dir='ltr'><strong>semperpostponendo</strong></span> 
     </span>
     <span class='ocr_line' id='line_1_49' title="bbox 394 3488 2058 3567; baseline -0.005 -3"><span class='ocrx_word' id='word_1_491' title='bbox 394 3498 500 3557; x_wconf 66' lang='lat' dir='ltr'><strong>lsssslss‘?</strong></span> <span class='ocrx_word' id='word_1_492' title='bbox 528 3496 555 3553; x_wconf 72' lang='lat' dir='ltr'><strong>Si</strong></span> <span class='ocrx_word' id='word_1_493' title='bbox 577 3509 642 3567; x_wconf 68' lang='lat' dir='ltr'><strong>er3⁰</strong></span> <span class='ocrx_word' id='word_1_494' title='bbox 665 3500 692 3549; x_wconf 71' lang='lat'><strong>¹1¹</strong></span> <span class='ocrx_word' id='word_1_495' title='bbox 714 3508 744 3547; x_wconf 66' lang='lat'><strong>0⁵</strong></span> <span class='ocrx_word' id='word_1_496' title='bbox 766 3492 821 3545; x_wconf 61' lang='lat'><strong>*⁹5¹8</strong></span> <span class='ocrx_word' id='word_1_497' title='bbox 844 3496 944 3555; x_wconf 90' lang='lat' dir='ltr'><strong>nostra,</strong></span> <span class='ocrx_word' id='word_1_498' title='bbox 962 3488 1028 3543; x_wconf 91' lang='lat' dir='ltr'><strong>nulli</strong></span> <span class='ocrx_word' id='word_1_499' title='bbox 1043 3488 1086 3543; x_wconf 89' lang='lat' dir='ltr'><strong>alii</strong></span> <span class='ocrx_word' id='word_1_500' title='bbox 1101 3488 1197 3543; x_wconf 89' lang='lat' dir='ltr'><strong>vivere</strong></span> <span class='ocrx_word' id='word_1_501' title='bbox 1248 3500 1369 3548; x_wconf 89' lang='lat' dir='ltr'><strong>nostram</strong></span> <span class='ocrx_word' id='word_1_502' title='bbox 1383 3494 1550 3549; x_wconf 82' lang='lat' dir='ltr'><strong>voluntatem</strong></span> <span class='ocrx_word' id='word_1_503' title='bbox 1565 3496 1697 3551; x_wconf 90' lang='lat' dir='ltr'><strong>voluntati</strong></span> <span class='ocrx_word' id='word_1_504' title='bbox 1712 3495 1823 3566; x_wconf 87' lang='lat' dir='ltr'><strong>divinae,</strong></span> <span class='ocrx_word' id='word_1_505' title='bbox 1839 3505 1866 3552; x_wconf 90' lang='lat' dir='ltr'><strong>et</strong></span> <span class='ocrx_word' id='word_1_506' title='bbox 1893 3498 2013 3553; x_wconf 80' lang='lat' dir='ltr'><strong>maxime</strong></span> <span class='ocrx_word' id='word_1_507' title='bbox 2028 3500 2058 3555; x_wconf 90' lang='lat' dir='ltr'><strong>in</strong></span> 
     </span>
     <span class='ocr_line' id='line_1_50' title="bbox 396 3576 2057 3656; baseline -0.008 -12"><span class='ocrx_word' id='word_1_508' title='bbox 396 3588 537 3655; x_wconf 84' lang='lat' dir='ltr'><strong>debemus,</strong></span> <span class='ocrx_word' id='word_1_509' title='bbox 554 3585 623 3639; x_wconf 90' lang='lat' dir='ltr'><strong>sicut</strong></span> <span class='ocrx_word' id='word_1_510' title='bbox 637 3582 712 3637; x_wconf 92' lang='lat' dir='ltr'><strong>nullo</strong></span> <span class='ocrx_word' id='word_1_511' title='bbox 727 3582 780 3637; x_wconf 92' lang='lat' dir='ltr'><strong>alio</strong></span> <span class='ocrx_word' id='word_1_512' title='bbox 795 3576 943 3634; x_wconf 89' lang='lat' dir='ltr'><strong>subsistere</strong></span> <span class='ocrx_word' id='word_1_513' title='bbox 964 3578 1098 3633; x_wconf 84' lang='lat' dir='ltr'><strong>valemus.</strong></span> <span class='ocrx_word' id='word_1_514' title='bbox 1114 3576 1197 3632; x_wconf 86' lang='lat' dir='ltr'><strong>Sexta</strong></span> <span class='ocrx_word' id='word_1_515' title='bbox 1249 3581 1486 3648; x_wconf 88' lang='lat' dir='ltr'><strong>orationenostra,</strong></span> <span class='ocrx_word' id='word_1_516' title='bbox 1503 3584 1696 3656; x_wconf 86' lang='lat' dir='ltr'><strong>quiainomni</strong></span> <span class='ocrx_word' id='word_1_517' title='bbox 1725 3586 1847 3640; x_wconf 75' lang='lat' dir='ltr'><strong>oratione</strong></span> <span class='ocrx_word' id='word_1_518' title='bbox 1873 3593 1974 3642; x_wconf 56' lang='lat' dir='ltr'><strong>nostra)</strong></span> <span class='ocrx_word' id='word_1_519' title='bbox 1999 3589 2057 3641; x_wconf 70' lang='lat' dir='ltr'><strong>uvi.</strong></span> 
     </span>
     <span class='ocr_line' id='line_1_51' title="bbox 395 3666 2057 3745; baseline -0.005 -7"><span class='ocrx_word' id='word_1_520' title='bbox 395 3692 478 3735; x_wconf 88' lang='lat' dir='ltr'><strong>causa</strong></span> <span class='ocrx_word' id='word_1_521' title='bbox 494 3682 534 3731; x_wconf 76' lang='lat' dir='ltr'><strong>esi</strong></span> <span class='ocrx_word' id='word_1_522' title='bbox 549 3672 699 3741; x_wconf 88' lang='lat' dir='ltr'><strong>securitaa;</strong></span> <span class='ocrx_word' id='word_1_523' title='bbox 716 3670 761 3742; x_wconf 74' lang='lat' dir='ltr'><strong>qui</strong></span> <span class='ocrx_word' id='word_1_524' title='bbox 777 3668 893 3724; x_wconf 72' lang='lat' dir='ltr'><strong>enimse</strong></span> <span class='ocrx_word' id='word_1_525' title='bbox 909 3674 993 3722; x_wconf 75' lang='lat' dir='ltr'><strong>lotum</strong></span> <span class='ocrx_word' id='word_1_526' title='bbox 1009 3666 1137 3738; x_wconf 59' lang='lat' dir='ltr'><strong>abnegat,</strong></span> <span class='ocrx_word' id='word_1_527' title='bbox 1168 3672 1198 3720; x_wconf 82' lang='lat' dir='ltr'><strong>ul</strong></span> <span class='ocrx_word' id='word_1_528' title='bbox 1248 3670 1315 3725; x_wconf 86' lang='lat' dir='ltr'><strong>litati</strong></span> <span class='ocrx_word' id='word_1_529' title='bbox 1332 3686 1409 3725; x_wconf 90' lang='lat' dir='ltr'><strong>suam</strong></span> <span class='ocrx_word' id='word_1_530' title='bbox 1423 3671 1554 3728; x_wconf 88' lang='lat' dir='ltr'><strong>debemus</strong></span> <span class='ocrx_word' id='word_1_531' title='bbox 1565 3690 1729 3745; x_wconf 75' lang='lat' dir='ltr'><strong>praeponere</strong></span> <span class='ocrx_word' id='word_1_532' title='bbox 1743 3674 1921 3741; x_wconf 90' lang='lat' dir='ltr'><strong>voluntatem,</strong></span> <span class='ocrx_word' id='word_1_533' title='bbox 1938 3675 1995 3731; x_wconf 91' lang='lat' dir='ltr'><strong>imo</strong></span> <span class='ocrx_word' id='word_1_534' title='bbox 2007 3692 2057 3730; x_wconf 85' lang='lat' dir='ltr'><strong>sua</strong></span> 
     </span>
     <span class='ocr_line' id='line_1_52' title="bbox 395 3753 2056 3832; baseline -0.005 -6"><span class='ocrx_word' id='word_1_535' title='bbox 395 3766 482 3821; x_wconf 81' lang='lat' dir='ltr'><strong>Deum</strong></span> <span class='ocrx_word' id='word_1_536' title='bbox 496 3762 605 3827; x_wconf 70' lang='lat' dir='ltr'><strong>habeat,</strong></span> <span class='ocrx_word' id='word_1_537' title='bbox 619 3760 664 3832; x_wconf 81' lang='lat' dir='ltr'><strong>qui</strong></span> <span class='ocrx_word' id='word_1_538' title='bbox 680 3758 731 3813; x_wconf 76' lang='lat' dir='ltr'><strong>sibi</strong></span> <span class='ocrx_word' id='word_1_539' title='bbox 747 3757 825 3830; x_wconf 73' lang='lat' dir='ltr'><strong>periit</strong></span> <span class='ocrx_word' id='word_1_540' title='bbox 839 3764 868 3811; x_wconf 81' lang='lat' dir='ltr'><strong>ul</strong></span> <span class='ocrx_word' id='word_1_541' title='bbox 882 3755 930 3810; x_wconf 80' lang='lat' dir='ltr'><strong>libi</strong></span> <span class='ocrx_word' id='word_1_542' title='bbox 946 3755 1044 3823; x_wconf 71' lang='lat' dir='ltr'><strong>valeat,</strong></span> <span class='ocrx_word' id='word_1_543' title='bbox 1069 3754 1114 3826; x_wconf 85' lang='lat' dir='ltr'><strong>qui</strong></span> <span class='ocrx_word' id='word_1_544' title='bbox 1145 3753 1196 3808; x_wconf 80' lang='lat' dir='ltr'><strong>sibi</strong></span> <span class='ocrx_word' id='word_1_545' title='bbox 1250 3759 1384 3829; x_wconf 88' lang='lat' dir='ltr'><strong>voluntas,</strong></span> <span class='ocrx_word' id='word_1_546' title='bbox 1401 3761 1426 3815; x_wconf 89' lang='lat' dir='ltr'><strong>si</strong></span> <span class='ocrx_word' id='word_1_547' title='bbox 1441 3777 1473 3816; x_wconf 85' lang='lat' dir='ltr'><strong>ea</strong></span> <span class='ocrx_word' id='word_1_548' title='bbox 1489 3770 1562 3817; x_wconf 92' lang='lat' dir='ltr'><strong>recte</strong></span> <span class='ocrx_word' id='word_1_549' title='bbox 1577 3761 1687 3829; x_wconf 90' lang='lat' dir='ltr'><strong>utimur,</strong></span> <span class='ocrx_word' id='word_1_550' title='bbox 1704 3778 1814 3832; x_wconf 88' lang='lat' dir='ltr'><strong>semper</strong></span> <span class='ocrx_word' id='word_1_551' title='bbox 1828 3769 1870 3817; x_wconf 88' lang='lat' dir='ltr'><strong>ost</strong></span> <span class='ocrx_word' id='word_1_552' title='bbox 1880 3769 1976 3818; x_wconf 87' lang='lat' dir='ltr'><strong>nostra</strong></span> <span class='ocrx_word' id='word_1_553' title='bbox 1999 3763 2056 3818; x_wconf 90' lang='lat' dir='ltr'><strong>uti-</strong></span> 
     </span>
     <span class='ocr_line' id='line_1_53' title="bbox 395 3842 2056 3922; baseline -0.017 -13"><span class='ocrx_word' id='word_1_554' title='bbox 395 3853 462 3909; x_wconf 87' lang='lat' dir='ltr'><strong>nibil</strong></span> <span class='ocrx_word' id='word_1_555' title='bbox 478 3860 519 3907; x_wconf 86' lang='lat' dir='ltr'><strong>est</strong></span> <span class='ocrx_word' id='word_1_556' title='bbox 534 3858 562 3905; x_wconf 92' lang='lat' dir='ltr'><strong>ut</strong></span> <span class='ocrx_word' id='word_1_557' title='bbox 576 3848 623 3904; x_wconf 92' lang='lat' dir='ltr'><strong>tibi</strong></span> <span class='ocrx_word' id='word_1_558' title='bbox 646 3847 749 3919; x_wconf 94' lang='lat' dir='ltr'><strong>aliquid</strong></span> <span class='ocrx_word' id='word_1_559' title='bbox 777 3846 831 3910; x_wconf 89' lang='lat' dir='ltr'><strong>sit;</strong></span> <span class='ocrx_word' id='word_1_560' title='bbox 862 3844 885 3899; x_wconf 89' lang='lat' dir='ltr'><strong>si</strong></span> <span class='ocrx_word' id='word_1_561' title='bbox 908 3844 977 3898; x_wconf 87' lang='lat' dir='ltr'><strong>nilril</strong></span> <span class='ocrx_word' id='word_1_562' title='bbox 1004 3842 1031 3897; x_wconf 93' lang='lat' dir='ltr'><strong>in</strong></span> <span class='ocrx_word' id='word_1_563' title='bbox 1060 3842 1195 3910; x_wconf 88' lang='lat' dir='ltr'><strong>sehabet,</strong></span> <span class='ocrx_word' id='word_1_564' title='bbox 1250 3847 1887 3922; x_wconf 58' lang='lat' dir='ltr'><strong>liaas‚saepeflu10mvenjt(reprom-„sensu</strong></span> <span class='ocrx_word' id='word_1_565' title='bbox 1911 3850 1976 3922; x_wconf 66' lang='lat' dir='ltr'><strong>qui,</strong></span> <span class='ocrx_word' id='word_1_566' title='bbox 1999 3868 2056 3908; x_wconf 69' lang='lat' dir='ltr'><strong>non</strong></span> 
     </span>
     <span class='ocr_line' id='line_1_54' title="bbox 396 3932 2056 4012; baseline -0.007 -5"><span class='ocrx_word' id='word_1_567' title='bbox 396 3941 463 3997; x_wconf 69' lang='lat' dir='ltr'><strong>nihil</strong></span> <span class='ocrx_word' id='word_1_568' title='bbox 479 3940 521 3995; x_wconf 63' lang='lat'><strong>⁵1¹1</strong></span> <span class='ocrx_word' id='word_1_569' title='bbox 536 3938 660 3993; x_wconf 59' lang='lat' dir='ltr'><strong>afflinem</strong></span> <span class='ocrx_word' id='word_1_570' title='bbox 672 3935 757 4004; x_wconf 62' lang='lat' dir='ltr'><strong>timei,</strong></span> <span class='ocrx_word' id='word_1_571' title='bbox 778 3932 826 3989; x_wconf 68' lang='lat' dir='ltr'><strong>sed</strong></span> <span class='ocrx_word' id='word_1_572' title='bbox 856 3947 964 4004; x_wconf 63' lang='lat' dir='ltr'><strong>semper</strong></span> <span class='ocrx_word' id='word_1_573' title='bbox 992 3948 1101 3987; x_wconf 72' lang='lat' dir='ltr'><strong>securus</strong></span> <span class='ocrx_word' id='word_1_574' title='bbox 1115 3938 1156 3987; x_wconf 68' lang='lat' dir='ltr'><strong>etl</strong></span> <span class='ocrx_word' id='word_1_575' title='bbox 1171 3940 1197 3986; x_wconf 77' lang='grc' dir='ltr'><strong>ῑθ</strong></span> <span class='ocrx_word' id='word_1_576' title='bbox 1249 3936 1385 3993; x_wconf 86' lang='lat' dir='ltr'><strong>credimus</strong></span> <span class='ocrx_word' id='word_1_577' title='bbox 1406 3938 1513 3993; x_wconf 88' lang='lat' dir='ltr'><strong>Domini</strong></span> <span class='ocrx_word' id='word_1_578' title='bbox 1545 3939 1711 3996; x_wconf 86' lang='lat' dir='ltr'><strong>voluntatem</strong></span> <span class='ocrx_word' id='word_1_579' title='bbox 1734 3956 1794 3995; x_wconf 89' lang='lat' dir='ltr'><strong>esse</strong></span> <span class='ocrx_word' id='word_1_580' title='bbox 1822 3940 1955 4012; x_wconf 87' lang='lat' dir='ltr'><strong>quidquid</strong></span> <span class='ocrx_word' id='word_1_581' title='bbox 1983 3940 2056 3997; x_wconf 90' lang='lat' dir='ltr'><strong>circa</strong></span> 
     </span>
     <span class='ocr_line' id='line_1_55' title="bbox 400 4019 2055 4102; baseline -0.002 -16"><span class='ocrx_word' id='word_1_582' title='bbox 400 4028 473 4102; x_wconf 91' lang='lat' dir='ltr'><strong>quod</strong></span> <span class='ocrx_word' id='word_1_583' title='bbox 488 4034 562 4082; x_wconf 87' lang='lat' dir='ltr'><strong>tuum</strong></span> <span class='ocrx_word' id='word_1_584' title='bbox 578 4032 619 4080; x_wconf 83' lang='lat' dir='ltr'><strong>est</strong></span> <span class='ocrx_word' id='word_1_585' title='bbox 634 4036 807 4079; x_wconf 85' lang='lat' dir='ltr'><strong>conservare.</strong></span> <span class='ocrx_word' id='word_1_586' title='bbox 836 4020 865 4077; x_wconf 87' lang='lat' dir='ltr'><strong>Si</strong></span> <span class='ocrx_word' id='word_1_587' title='bbox 892 4021 1030 4076; x_wconf 85' lang='lat' dir='ltr'><strong>minentur</strong></span> <span class='ocrx_word' id='word_1_588' title='bbox 1057 4019 1080 4075; x_wconf 93' lang='lat' dir='ltr'><strong>ei</strong></span> <span class='ocrx_word' id='word_1_589' title='bbox 1109 4034 1198 4091; x_wconf 86' lang='lat' dir='ltr'><strong>poenae</strong></span> <span class='ocrx_word' id='word_1_590' title='bbox 1250 4040 1300 4081; x_wconf 87' lang='lat' dir='ltr'><strong>nos</strong></span> <span class='ocrx_word' id='word_1_591' title='bbox 1315 4026 1456 4100; x_wconf 84' lang='lat' dir='ltr'><strong>contingit,</strong></span> <span class='ocrx_word' id='word_1_592' title='bbox 1472 4037 1499 4083; x_wconf 85' lang='lat' dir='ltr'><strong>et</strong></span> <span class='ocrx_word' id='word_1_593' title='bbox 1512 4028 1548 4083; x_wconf 87' lang='lat' dir='ltr'><strong>ita</strong></span> <span class='ocrx_word' id='word_1_594' title='bbox 1562 4027 1699 4083; x_wconf 87' lang='lat' dir='ltr'><strong>abutimur</strong></span> <span class='ocrx_word' id='word_1_595' title='bbox 1713 4043 1756 4094; x_wconf 86' lang='lat' dir='ltr'><strong>ea,</strong></span> <span class='ocrx_word' id='word_1_596' title='bbox 1772 4029 1862 4083; x_wconf 87' lang='lat' dir='ltr'><strong>miuus</strong></span> <span class='ocrx_word' id='word_1_597' title='bbox 1876 4037 1952 4101; x_wconf 83' lang='lat' dir='ltr'><strong>grate</strong></span> <span class='ocrx_word' id='word_1_598' title='bbox 1962 4030 2055 4086; x_wconf 88' lang='lat' dir='ltr'><strong>susci-</strong></span> 
     </span>
     <span class='ocr_line' id='line_1_56' title="bbox 397 4108 2053 4190; baseline -0.001 -18"><span class='ocrx_word' id='word_1_599' title='bbox 397 4116 507 4186; x_wconf 89' lang='lat' dir='ltr'><strong>inlerni,</strong></span> <span class='ocrx_word' id='word_1_600' title='bbox 523 4115 567 4170; x_wconf 91' lang='lat' dir='ltr'><strong>vel</strong></span> <span class='ocrx_word' id='word_1_601' title='bbox 582 4112 654 4187; x_wconf 77' lang='lat' dir='ltr'><strong>ignis</strong></span> <span class='ocrx_word' id='word_1_602' title='bbox 668 4110 853 4184; x_wconf 83' lang='lat' dir='ltr'><strong>purgatorius,</strong></span> <span class='ocrx_word' id='word_1_603' title='bbox 869 4126 964 4181; x_wconf 90' lang='lat' dir='ltr'><strong>parum</strong></span> <span class='ocrx_word' id='word_1_604' title='bbox 981 4108 1075 4164; x_wconf 91' lang='lat' dir='ltr'><strong>timore</strong></span> <span class='ocrx_word' id='word_1_605' title='bbox 1104 4123 1197 4163; x_wconf 87' lang='lat' dir='ltr'><strong>eorum</strong></span> <span class='ocrx_word' id='word_1_606' title='bbox 1251 4114 1359 4185; x_wconf 90' lang='lat' dir='ltr'><strong>piendo,</strong></span> <span class='ocrx_word' id='word_1_607' title='bbox 1377 4116 1446 4171; x_wconf 86' lang='lat' dir='ltr'><strong>sicut</strong></span> <span class='ocrx_word' id='word_1_608' title='bbox 1461 4117 1527 4173; x_wconf 91' lang='lat' dir='ltr'><strong>dicit</strong></span> <span class='ocrx_word' id='word_1_609' title='bbox 1541 4117 1708 4190; x_wconf 72' lang='lat' dir='ltr'><strong>Augustinus</strong></span> <span class='ocrx_word' id='word_1_610' title='bbox 1723 4119 1756 4184; x_wconf 80' lang='lat' dir='ltr'><strong>(t.</strong></span> <span class='ocrx_word' id='word_1_611' title='bbox 1773 4118 1927 4189; x_wconf 69' lang='lat' dir='ltr'><strong>accolere.</strong></span> <span class='ocrx_word' id='word_1_612' title='bbox 1939 4119 2053 4189; x_wconf 75' lang='lat' dir='ltr'><strong>vr,26):</strong></span> 
     </span>
     <span class='ocr_line' id='line_1_57' title="bbox 397 4198 2055 4277; baseline -0.007 -15"><span class='ocrx_word' id='word_1_613' title='bbox 397 4206 519 4272; x_wconf 84' lang='lat' dir='ltr'><strong>afficitur,</strong></span> <span class='ocrx_word' id='word_1_614' title='bbox 536 4203 599 4275; x_wconf 90' lang='lat' dir='ltr'><strong>quia</strong></span> <span class='ocrx_word' id='word_1_615' title='bbox 614 4200 733 4257; x_wconf 83' lang='lat' dir='ltr'><strong>cantabit</strong></span> <span class='ocrx_word' id='word_1_616' title='bbox 746 4216 848 4256; x_wconf 84' lang='lat' dir='ltr'><strong>vacuus</strong></span> <span class='ocrx_word' id='word_1_617' title='bbox 862 4214 953 4255; x_wconf 90' lang='lat' dir='ltr'><strong>coram</strong></span> <span class='ocrx_word' id='word_1_618' title='bbox 968 4198 1070 4254; x_wconf 88' lang='lat' dir='ltr'><strong>latmne</strong></span> <span class='ocrx_word' id='word_1_619' title='bbox 1086 4198 1195 4254; x_wconf 88' lang='lat' dir='ltr'><strong>viator:</strong></span> <span class='ocrx_word' id='word_1_620' title='bbox 1254 4224 1264 4252; x_wconf 81' lang='grc' dir='ltr'><strong>ι</strong></span> <span class='ocrx_word' id='word_1_621' title='bbox 1282 4204 1407 4277; x_wconf 73' lang='lat' dir='ltr'><strong>Optimus</strong></span> <span class='ocrx_word' id='word_1_622' title='bbox 1421 4206 1466 4261; x_wconf 72' lang='lat' dir='ltr'><strong>ille</strong></span> <span class='ocrx_word' id='word_1_623' title='bbox 1482 4214 1543 4262; x_wconf 75' lang='lat' dir='ltr'><strong>auus</strong></span> <span class='ocrx_word' id='word_1_624' title='bbox 1559 4206 1681 4262; x_wconf 59' lang='lat' dir='ltr'><strong>minister</strong></span> <span class='ocrx_word' id='word_1_625' title='bbox 1695 4211 1735 4261; x_wconf 63' lang='lat' dir='ltr'><strong>est</strong></span> <span class='ocrx_word' id='word_1_626' title='bbox 1749 4205 1794 4277; x_wconf 78' lang='lat' dir='ltr'><strong>qui</strong></span> <span class='ocrx_word' id='word_1_627' title='bbox 1807 4223 1860 4262; x_wconf 68' lang='lat'><strong>„011</strong></span> <span class='ocrx_word' id='word_1_628' title='bbox 1872 4208 1948 4262; x_wconf 62' lang='lat' dir='ltr'><strong>hoca</strong></span> <span class='ocrx_word' id='word_1_629' title='bbox 1964 4216 1989 4264; x_wconf 67' lang='lat' dir='ltr'><strong>ve</strong></span> <span class='ocrx_word' id='word_1_630' title='bbox 2003 4224 2055 4263; x_wconf 62' lang='lat' dir='ltr'><strong>qu.</strong></span> 
     </span>
     <span class='ocr_line' id='line_1_58' title="bbox 397 4286 2055 4368; baseline -0.007 -5"><span class='ocrx_word' id='word_1_631' title='bbox 397 4306 424 4353; x_wconf 64' lang='lat' dir='ltr'><strong>tl</strong></span> <span class='ocrx_word' id='word_1_632' title='bbox 438 4312 467 4352; x_wconf 69' lang='grc' dir='ltr'><strong>ΞΘ</strong></span> <span class='ocrx_word' id='word_1_633' title='bbox 483 4310 537 4350; x_wconf 77' lang='lat' dir='ltr'><strong>1¹⁰ss</strong></span> <span class='ocrx_word' id='word_1_634' title='bbox 555 4293 628 4349; x_wconf 63' lang='lat' dir='ltr'><strong>limet</strong></span> <span class='ocrx_word' id='word_1_635' title='bbox 643 4290 757 4363; x_wconf 62' lang='lat' dir='ltr'><strong>perdere</strong></span> <span class='ocrx_word' id='word_1_636' title='bbox 772 4288 817 4363; x_wconf 69' lang='lat' dir='ltr'><strong>qui</strong></span> <span class='ocrx_word' id='word_1_637' title='bbox 833 4305 861 4345; x_wconf 69' lang='grc' dir='ltr'><strong>ὅθ</strong></span> <span class='ocrx_word' id='word_1_638' title='bbox 876 4288 1004 4360; x_wconf 65' lang='lat' dir='ltr'><strong>flbssflgal·</strong></span> <span class='ocrx_word' id='word_1_639' title='bbox 1032 4286 1065 4344; x_wconf 74' lang='lat' dir='ltr'><strong>Si</strong></span> <span class='ocrx_word' id='word_1_640' title='bbox 1082 4288 1153 4343; x_wconf 73' lang='lat' dir='ltr'><strong>enim</strong></span> <span class='ocrx_word' id='word_1_641' title='bbox 1169 4295 1197 4342; x_wconf 76' lang='lat' dir='ltr'><strong>iu</strong></span> <span class='ocrx_word' id='word_1_642' title='bbox 1250 4294 1310 4349; x_wconf 88' lang='lat' dir='ltr'><strong>dire</strong></span> <span class='ocrx_word' id='word_1_643' title='bbox 1322 4294 1457 4351; x_wconf 88' lang='lat' dir='ltr'><strong>desiderat</strong></span> <span class='ocrx_word' id='word_1_644' title='bbox 1471 4295 1543 4365; x_wconf 93' lang='lat' dir='ltr'><strong>quod</strong></span> <span class='ocrx_word' id='word_1_645' title='bbox 1558 4295 1616 4367; x_wconf 89' lang='lat' dir='ltr'><strong>ipse</strong></span> <span class='ocrx_word' id='word_1_646' title='bbox 1630 4296 1756 4364; x_wconf 88' lang='lat' dir='ltr'><strong>voluerit,</strong></span> <span class='ocrx_word' id='word_1_647' title='bbox 1767 4294 1815 4351; x_wconf 89' lang='lat' dir='ltr'><strong>sed</strong></span> <span class='ocrx_word' id='word_1_648' title='bbox 1826 4296 1878 4351; x_wconf 92' lang='lat' dir='ltr'><strong>hoc</strong></span> <span class='ocrx_word' id='word_1_649' title='bbox 1891 4296 1962 4350; x_wconf 86' lang='lat' dir='ltr'><strong>velle</strong></span> <span class='ocrx_word' id='word_1_650' title='bbox 1977 4297 2055 4368; x_wconf 92' lang='lat' dir='ltr'><strong>quod</strong></span> 
     </span>
     <span class='ocr_line' id='line_1_59' title="bbox 396 4376 2055 4458; baseline -0.008 -3"><span class='ocrx_word' id='word_1_651' title='bbox 396 4403 467 4454; x_wconf 77' lang='lat' dir='ltr'><strong>eum.</strong></span> <span class='ocrx_word' id='word_1_652' title='bbox 484 4382 531 4458; x_wconf 77' lang='lat' dir='ltr'><strong>sui</strong></span> <span class='ocrx_word' id='word_1_653' title='bbox 546 4392 606 4437; x_wconf 72' lang='lat' dir='ltr'><strong>tuus</strong></span> <span class='ocrx_word' id='word_1_654' title='bbox 620 4389 669 4449; x_wconf 75' lang='lat' dir='ltr'><strong>esi,</strong></span> <span class='ocrx_word' id='word_1_655' title='bbox 686 4380 720 4435; x_wconf 77' lang='lat' dir='ltr'><strong>ad</strong></span> <span class='ocrx_word' id='word_1_656' title='bbox 736 4394 830 4451; x_wconf 69' lang='lat' dir='ltr'><strong>penas</strong></span> <span class='ocrx_word' id='word_1_657' title='bbox 844 4378 951 4435; x_wconf 74' lang='lat' dir='ltr'><strong>mittere</strong></span> <span class='ocrx_word' id='word_1_658' title='bbox 965 4376 1061 4445; x_wconf 69' lang='lat' dir='ltr'><strong>vertes,</strong></span> <span class='ocrx_word' id='word_1_659' title='bbox 1091 4391 1199 4447; x_wconf 77' lang='lat' dir='ltr'><strong>semper</strong></span> <span class='ocrx_word' id='word_1_660' title='bbox 1250 4392 1306 4439; x_wconf 73' lang='lat' dir='ltr'><strong>aa</strong></span> <span class='ocrx_word' id='word_1_661' title='bbox 1321 4383 1424 4440; x_wconf 76' lang='lat' dir='ltr'><strong>ruera.</strong></span> <span class='ocrx_word' id='word_1_662' title='bbox 1445 4408 1456 4434; x_wconf 57' lang='grc' dir='ltr'>ι</span> <span class='ocrx_word' id='word_1_663' title='bbox 1474 4384 1530 4440; x_wconf 81' lang='lat' dir='ltr'><strong>seu</strong></span> <span class='ocrx_word' id='word_1_664' title='bbox 1544 4398 1607 4441; x_wconf 76' lang='lat' dir='ltr'><strong>aum</strong></span> <span class='ocrx_word' id='word_1_665' title='bbox 1622 4385 1664 4439; x_wconf 75' lang='lat' dir='ltr'><strong>nis</strong></span> <span class='ocrx_word' id='word_1_666' title='bbox 1677 4384 1794 4453; x_wconf 72' lang='lat' dir='ltr'><strong>cuorus,</strong></span> <span class='ocrx_word' id='word_1_667' title='bbox 1814 4384 1917 4440; x_wconf 61' lang='lat' dir='ltr'><strong>ostrea</strong></span> <span class='ocrx_word' id='word_1_668' title='bbox 1942 4384 2055 4441; x_wconf 71' lang='lat' dir='ltr'><strong>intene-</strong></span> 
     </span>
     <span class='ocr_line' id='line_1_60' title="bbox 397 4466 2054 4547; baseline -0.009 -16"><span class='ocrx_word' id='word_1_669' title='bbox 397 4483 487 4532; x_wconf 86' lang='lat' dir='ltr'><strong>tamen</strong></span> <span class='ocrx_word' id='word_1_670' title='bbox 503 4473 539 4528; x_wconf 79' lang='lat' dir='ltr'><strong>de</strong></span> <span class='ocrx_word' id='word_1_671' title='bbox 554 4475 580 4527; x_wconf 75' lang='lat' dir='ltr'><strong>le</strong></span> <span class='ocrx_word' id='word_1_672' title='bbox 596 4472 623 4525; x_wconf 89' lang='lat' dir='ltr'><strong>in</strong></span> <span class='ocrx_word' id='word_1_673' title='bbox 637 4469 754 4525; x_wconf 67' lang='lat' dir='ltr'><strong>bonitale</strong></span> <span class='ocrx_word' id='word_1_674' title='bbox 778 4468 899 4532; x_wconf 73' lang='lat' dir='ltr'><strong>senlilel,</strong></span> <span class='ocrx_word' id='word_1_675' title='bbox 930 4474 1038 4539; x_wconf 74' lang='lat' dir='ltr'><strong>paritius</strong></span> <span class='ocrx_word' id='word_1_676' title='bbox 1063 4466 1197 4521; x_wconf 65' lang='lat' dir='ltr'><strong>sustinere</strong></span> <span class='ocrx_word' id='word_1_677' title='bbox 1250 4473 1454 4541; x_wconf 70' lang='lat' dir='ltr'><strong>ctuelafl&#39;eatu,</strong></span> <span class='ocrx_word' id='word_1_678' title='bbox 1470 4474 1741 4547; x_wconf 69' lang='lat' dir='ltr'><strong>etquinquesenpus</strong></span> <span class='ocrx_word' id='word_1_679' title='bbox 1769 4474 1921 4530; x_wconf 61' lang='lat' dir='ltr'><strong>exteriores</strong></span> <span class='ocrx_word' id='word_1_680' title='bbox 1948 4472 2054 4528; x_wconf 65' lang='lat' dir='ltr'><strong>rodda.</strong></span> 
     </span>
     <span class='ocr_line' id='line_1_61' title="bbox 398 4553 2056 4639; baseline -0.015 -19"><span class='ocrx_word' id='word_1_681' title='bbox 398 4563 473 4639; x_wconf 91' lang='lat' dir='ltr'><strong>quod</strong></span> <span class='ocrx_word' id='word_1_682' title='bbox 487 4560 579 4629; x_wconf 88' lang='lat' dir='ltr'><strong>velles,</strong></span> <span class='ocrx_word' id='word_1_683' title='bbox 595 4574 646 4615; x_wconf 90' lang='lat' dir='ltr'><strong>nec</strong></span> <span class='ocrx_word' id='word_1_684' title='bbox 660 4558 761 4614; x_wconf 87' lang='lat' dir='ltr'><strong>dicaret</strong></span> <span class='ocrx_word' id='word_1_685' title='bbox 773 4574 778 4612; x_wconf 96' lang='lat'><strong>:</strong></span> <span class='ocrx_word' id='word_1_686' title='bbox 790 4556 887 4612; x_wconf 86' lang='lat' dir='ltr'><strong>Curita</strong></span> <span class='ocrx_word' id='word_1_687' title='bbox 901 4555 991 4611; x_wconf 86' lang='lat' dir='ltr'><strong>lacis‘l</strong></span> <span class='ocrx_word' id='word_1_688' title='bbox 1006 4554 1053 4609; x_wconf 90' lang='lat' dir='ltr'><strong>Cui</strong></span> <span class='ocrx_word' id='word_1_689' title='bbox 1069 4553 1198 4626; x_wconf 69' lang='lat' dir='ltr'><strong>praedicta</strong></span> <span class='ocrx_word' id='word_1_690' title='bbox 1251 4580 1321 4631; x_wconf 68' lang='lat' dir='ltr'><strong>mus,</strong></span> <span class='ocrx_word' id='word_1_691' title='bbox 1338 4562 1528 4620; x_wconf 61' lang='lat' dir='ltr'><strong>mortificando</strong></span> <span class='ocrx_word' id='word_1_692' title='bbox 1544 4578 1591 4619; x_wconf 62' lang='grc' dir='ltr'><strong>ρος</strong></span> <span class='ocrx_word' id='word_1_693' title='bbox 1609 4563 1644 4617; x_wconf 65' lang='lat' dir='ltr'><strong>ab</strong></span> <span class='ocrx_word' id='word_1_694' title='bbox 1675 4563 1802 4619; x_wconf 62' lang='lat' dir='ltr'><strong>omnihus</strong></span> <span class='ocrx_word' id='word_1_695' title='bbox 1828 4562 2001 4630; x_wconf 54' lang='lat' dir='ltr'><strong>miqquus,</strong></span> <span class='ocrx_word' id='word_1_696' title='bbox 2028 4573 2056 4619; x_wconf 55' lang='grc' dir='ltr'><strong>Θ,</strong></span> 
     </span>
     <span class='ocr_line' id='line_1_62' title="bbox 399 4643 2055 4723; baseline -0.016 -15"><span class='ocrx_word' id='word_1_697' title='bbox 399 4651 533 4708; x_wconf 90' lang='lat' dir='ltr'><strong>sententia</strong></span> <span class='ocrx_word' id='word_1_698' title='bbox 547 4664 601 4705; x_wconf 90' lang='lat' dir='ltr'><strong>non</strong></span> <span class='ocrx_word' id='word_1_699' title='bbox 616 4647 724 4719; x_wconf 86' lang='lat' dir='ltr'><strong>placet;</strong></span> <span class='ocrx_word' id='word_1_700' title='bbox 742 4652 767 4701; x_wconf 88' lang='lat' dir='ltr'><strong>at</strong></span> <span class='ocrx_word' id='word_1_701' title='bbox 785 4646 820 4713; x_wconf 91' lang='lat' dir='ltr'><strong>ei,</strong></span> <span class='ocrx_word' id='word_1_702' title='bbox 836 4646 960 4713; x_wconf 87' lang='lat' dir='ltr'><strong>Domine,</strong></span> <span class='ocrx_word' id='word_1_703' title='bbox 976 4643 1160 4713; x_wconf 77' lang='lat' dir='ltr'><strong>seabnegare,</strong></span> <span class='ocrx_word' id='word_1_704' title='bbox 1170 4650 1199 4696; x_wconf 93' lang='lat' dir='ltr'><strong>ut</strong></span> <span class='ocrx_word' id='word_1_705' title='bbox 1251 4652 1284 4707; x_wconf 63' lang='lat' dir='ltr'><strong>ad</strong></span> <span class='ocrx_word' id='word_1_706' title='bbox 1300 4660 1376 4706; x_wconf 67' lang='lat' dir='ltr'><strong>vuum</strong></span> <span class='ocrx_word' id='word_1_707' title='bbox 1390 4650 1554 4723; x_wconf 59' lang='lat' dir='ltr'><strong>obsequium</strong></span> <span class='ocrx_word' id='word_1_708' title='bbox 1568 4652 1765 4719; x_wconf 49' lang='lat' dir='ltr'><strong>commum</strong></span> <span class='ocrx_word' id='word_1_709' title='bbox 1778 4651 1840 4722; x_wconf 56' lang='lat' dir='ltr'><strong>jam</strong></span> <span class='ocrx_word' id='word_1_710' title='bbox 1854 4650 2055 4721; x_wconf 59' lang='lat' dir='ltr'><strong>,pqmmulum</strong></span> 
     </span>
    </p>
   </div>
   <div class='ocr_carea' id='block_1_11' title="bbox 397 4716 2054 4813">
    <p class='ocr_par' dir='ltr' id='par_1_11' title="bbox 397 4716 2054 4813">
     <span class='ocr_line' id='line_1_63' title="bbox 397 4716 2054 4813; baseline -0.012 -16"><span class='ocrx_word' id='word_1_711' title='bbox 397 4741 540 4813; x_wconf 66' lang='lat' dir='ltr'><strong>intelligat,</strong></span> <span class='ocrx_word' id='word_1_712' title='bbox 557 4737 678 4809; x_wconf 87' lang='lat' dir='ltr'><strong>Septima</strong></span> <span class='ocrx_word' id='word_1_713' title='bbox 693 4750 757 4791; x_wconf 89' lang='lat' dir='ltr'><strong>vero</strong></span> <span class='ocrx_word' id='word_1_714' title='bbox 772 4750 855 4791; x_wconf 88' lang='lat' dir='ltr'><strong>causa</strong></span> <span class='ocrx_word' id='word_1_715' title='bbox 870 4732 982 4789; x_wconf 88' lang='lat' dir='ltr'><strong>deberet</strong></span> <span class='ocrx_word' id='word_1_716' title='bbox 1007 4732 1126 4787; x_wconf 88' lang='lat' dir='ltr'><strong>maxime</strong></span> <span class='ocrx_word' id='word_1_717' title='bbox 1147 4746 1197 4787; x_wconf 90' lang='lat' dir='ltr'><strong>nos</strong></span> <span class='ocrx_word' id='word_1_718' title='bbox 1210 4716 1237 4778; x_wconf 82' lang='lat' dir='ltr'>D</span> <span class='ocrx_word' id='word_1_719' title='bbox 1252 4741 1383 4797; x_wconf 60' lang='lat' dir='ltr'><strong>habemus</strong></span> <span class='ocrx_word' id='word_1_720' title='bbox 1396 4741 1431 4797; x_wconf 54' lang='grc' dir='ltr'>(ιθ</span> <span class='ocrx_word' id='word_1_721' title='bbox 1445 4740 1532 4811; x_wconf 62' lang='lat' dir='ltr'><strong>prima</strong></span> <span class='ocrx_word' id='word_1_722' title='bbox 1543 4748 1619 4812; x_wconf 49' lang='grc' dir='ltr'><strong>μη,</strong></span> <span class='ocrx_word' id='word_1_723' title='bbox 1632 4756 1713 4811; x_wconf 58' lang='grc' dir='ltr'><strong>ΨΜ,</strong></span> <span class='ocrx_word' id='word_1_724' title='bbox 1742 4740 1887 4796; x_wconf 52' lang='lat' dir='ltr'><strong>„opimum</strong></span> <span class='ocrx_word' id='word_1_725' title='bbox 1914 4740 2054 4812; x_wconf 77' lang='lat' dir='ltr'><strong>abnegem</strong></span> 
     </span>
    </p>
   </div>
   <div class='ocr_carea' id='block_1_12' title="bbox 397 4816 1197 5428">
    <p class='ocr_par' dir='ltr' id='par_1_12' title="bbox 397 4816 1197 5428">
     <span class='ocr_line' id='line_1_64' title="bbox 397 4816 1197 4897; baseline -0.013 -16"><span class='ocrx_word' id='word_1_726' title='bbox 397 4840 497 4897; x_wconf 85' lang='lat' dir='ltr'><strong>urgere</strong></span> <span class='ocrx_word' id='word_1_727' title='bbox 511 4843 516 4889; x_wconf 90' lang='lat'>;</span> <span class='ocrx_word' id='word_1_728' title='bbox 529 4822 668 4879; x_wconf 88' lang='lat' dir='ltr'><strong>scilicetut</strong></span> <span class='ocrx_word' id='word_1_729' title='bbox 678 4819 724 4875; x_wconf 90' lang='lat' dir='ltr'><strong>tibi</strong></span> <span class='ocrx_word' id='word_1_730' title='bbox 736 4818 810 4875; x_wconf 86' lang='lat' dir='ltr'><strong>vices</strong></span> <span class='ocrx_word' id='word_1_731' title='bbox 826 4816 1001 4874; x_wconf 88' lang='lat' dir='ltr'><strong>redderemus</strong></span> <span class='ocrx_word' id='word_1_732' title='bbox 1014 4816 1070 4873; x_wconf 87' lang='lat' dir='ltr'><strong>sive</strong></span> <span class='ocrx_word' id='word_1_733' title='bbox 1084 4831 1197 4888; x_wconf 88' lang='lat' dir='ltr'><strong>respon·</strong></span> 
     </span>
     <span class='ocr_line' id='line_1_65' title="bbox 397 4906 1197 4982; baseline -0.013 -13"><span class='ocrx_word' id='word_1_734' title='bbox 397 4914 523 4969; x_wconf 82' lang='lat' dir='ltr'><strong>daremus</strong></span> <span class='ocrx_word' id='word_1_735' title='bbox 537 4909 600 4982; x_wconf 88' lang='lat' dir='ltr'><strong>quia</strong></span> <span class='ocrx_word' id='word_1_736' title='bbox 613 4925 684 4981; x_wconf 81' lang='lat' dir='ltr'><strong>puer·</strong></span> <span class='ocrx_word' id='word_1_737' title='bbox 694 4910 783 4964; x_wconf 81' lang='lat' dir='ltr'><strong>notua</strong></span> <span class='ocrx_word' id='word_1_738' title='bbox 794 4910 836 4964; x_wconf 83' lang='lat' dir='ltr'><strong>cat</strong></span> <span class='ocrx_word' id='word_1_739' title='bbox 845 4907 931 4971; x_wconf 80' lang='lat' dir='ltr'><strong>nobis,</strong></span> <span class='ocrx_word' id='word_1_740' title='bbox 940 4906 1139 4975; x_wconf 73' lang='lat' dir='ltr'><strong>etfitluadctua</strong></span> <span class='ocrx_word' id='word_1_741' title='bbox 1153 4908 1197 4960; x_wconf 78' lang='lat' dir='ltr'><strong>cst</strong></span> 
     </span>
     <span class='ocr_line' id='line_1_66' title="bbox 397 4993 1196 5070; baseline -0.013 -11"><span class='ocrx_word' id='word_1_742' title='bbox 397 5001 476 5059; x_wconf 82' lang='lat' dir='ltr'><strong>nobis</strong></span> <span class='ocrx_word' id='word_1_743' title='bbox 490 4998 566 5070; x_wconf 84' lang='lat' dir='ltr'><strong>(laci.</strong></span> <span class='ocrx_word' id='word_1_744' title='bbox 583 5014 621 5067; x_wconf 83' lang='lat' dir='ltr'><strong>rr,</strong></span> <span class='ocrx_word' id='word_1_745' title='bbox 639 4998 681 5069; x_wconf 72' lang='lat'><strong>6),</strong></span> <span class='ocrx_word' id='word_1_746' title='bbox 712 4996 758 5069; x_wconf 93' lang='lat' dir='ltr'><strong>qui</strong></span> <span class='ocrx_word' id='word_1_747' title='bbox 781 4996 830 5052; x_wconf 84' lang='lat' dir='ltr'><strong>das</strong></span> <span class='ocrx_word' id='word_1_748' title='bbox 846 4995 964 5067; x_wconf 89' lang='lat' dir='ltr'><strong>quotidie</strong></span> <span class='ocrx_word' id='word_1_749' title='bbox 980 5002 1005 5050; x_wconf 90' lang='lat' dir='ltr'><strong>te</strong></span> <span class='ocrx_word' id='word_1_750' title='bbox 1022 4994 1099 5049; x_wconf 86' lang='lat' dir='ltr'><strong>nobis</strong></span> <span class='ocrx_word' id='word_1_751' title='bbox 1113 4993 1139 5048; x_wconf 91' lang='lat' dir='ltr'><strong>in</strong></span> <span class='ocrx_word' id='word_1_752' title='bbox 1154 4994 1196 5049; x_wconf 87' lang='lat' dir='ltr'><strong>ci·</strong></span> 
     </span>
     <span class='ocr_line' id='line_1_67' title="bbox 397 5083 1196 5156; baseline -0.009 -11"><span class='ocrx_word' id='word_1_753' title='bbox 397 5090 473 5156; x_wconf 92' lang='lat' dir='ltr'><strong>burn,</strong></span> <span class='ocrx_word' id='word_1_754' title='bbox 489 5091 516 5143; x_wconf 89' lang='lat' dir='ltr'><strong>et</strong></span> <span class='ocrx_word' id='word_1_755' title='bbox 533 5086 641 5141; x_wconf 91' lang='lat' dir='ltr'><strong>tandem</strong></span> <span class='ocrx_word' id='word_1_756' title='bbox 656 5086 735 5141; x_wconf 89' lang='lat' dir='ltr'><strong>dabis</strong></span> <span class='ocrx_word' id='word_1_757' title='bbox 749 5093 775 5141; x_wconf 91' lang='lat' dir='ltr'><strong>te</strong></span> <span class='ocrx_word' id='word_1_758' title='bbox 789 5084 868 5141; x_wconf 87' lang='lat' dir='ltr'><strong>nobis</strong></span> <span class='ocrx_word' id='word_1_759' title='bbox 883 5085 909 5138; x_wconf 94' lang='lat' dir='ltr'><strong>in</strong></span> <span class='ocrx_word' id='word_1_760' title='bbox 937 5083 1089 5155; x_wconf 83' lang='lat' dir='ltr'><strong>praemium,</strong></span> <span class='ocrx_word' id='word_1_761' title='bbox 1119 5090 1146 5139; x_wconf 88' lang='lat' dir='ltr'><strong>et</strong></span> <span class='ocrx_word' id='word_1_762' title='bbox 1169 5083 1196 5138; x_wconf 91' lang='lat' dir='ltr'><strong>in</strong></span> 
     </span>
     <span class='ocr_line' id='line_1_68' title="bbox 398 5171 1196 5247; baseline -0.01 -14"><span class='ocrx_word' id='word_1_763' title='bbox 398 5176 554 5233; x_wconf 86' lang='lat' dir='ltr'><strong>mercedem</strong></span> <span class='ocrx_word' id='word_1_764' title='bbox 569 5189 697 5247; x_wconf 79' lang='lat' dir='ltr'><strong>maguam</strong></span> <span class='ocrx_word' id='word_1_765' title='bbox 716 5172 808 5228; x_wconf 90' lang='lat' dir='ltr'><strong>nimis.</strong></span> <span class='ocrx_word' id='word_1_766' title='bbox 838 5172 963 5243; x_wconf 87' lang='lat' dir='ltr'><strong>Domino,</strong></span> <span class='ocrx_word' id='word_1_767' title='bbox 993 5172 1057 5243; x_wconf 89' lang='lat' dir='ltr'><strong>quid</strong></span> <span class='ocrx_word' id='word_1_768' title='bbox 1085 5171 1196 5245; x_wconf 80' lang='lat' dir='ltr'><strong>dignum</strong></span> 
     </span>
     <span class='ocr_line' id='line_1_69' title="bbox 398 5260 1196 5338; baseline -0.01 -17"><span class='ocrx_word' id='word_1_769' title='bbox 398 5263 496 5338; x_wconf 83' lang='lat' dir='ltr'><strong>poterit</strong></span> <span class='ocrx_word' id='word_1_770' title='bbox 510 5278 571 5319; x_wconf 86' lang='lat' dir='ltr'><strong>esse</strong></span> <span class='ocrx_word' id='word_1_771' title='bbox 586 5262 666 5317; x_wconf 88' lang='lat' dir='ltr'><strong>tantis</strong></span> <span class='ocrx_word' id='word_1_772' title='bbox 679 5260 819 5317; x_wconf 82' lang='lat' dir='ltr'><strong>beneficiis</strong></span> <span class='ocrx_word' id='word_1_773' title='bbox 834 5261 910 5316; x_wconf 83' lang='lat' dir='ltr'><strong>luis‘l</strong></span> <span class='ocrx_word' id='word_1_774' title='bbox 925 5260 995 5330; x_wconf 87' lang='lat' dir='ltr'><strong>Quid</strong></span> <span class='ocrx_word' id='word_1_775' title='bbox 1010 5261 1045 5315; x_wconf 89' lang='lat' dir='ltr'><strong>ad</strong></span> <span class='ocrx_word' id='word_1_776' title='bbox 1070 5260 1123 5315; x_wconf 91' lang='lat' dir='ltr'><strong>hoc</strong></span> <span class='ocrx_word' id='word_1_777' title='bbox 1151 5260 1196 5314; x_wconf 93' lang='lat' dir='ltr'><strong>di-</strong></span> 
     </span>
     <span class='ocr_line' id='line_1_70' title="bbox 397 5348 1196 5428; baseline -0.006 -20"><span class='ocrx_word' id='word_1_778' title='bbox 397 5368 481 5428; x_wconf 77' lang='lat' dir='ltr'><strong>gnum</strong></span> <span class='ocrx_word' id='word_1_779' title='bbox 496 5351 647 5424; x_wconf 85' lang='lat' dir='ltr'><strong>poterimus</strong></span> <span class='ocrx_word' id='word_1_780' title='bbox 660 5349 746 5405; x_wconf 88' lang='lat' dir='ltr'><strong>dure‘l</strong></span> <span class='ocrx_word' id='word_1_781' title='bbox 762 5351 805 5403; x_wconf 83' lang='lat' dir='ltr'><strong>An</strong></span> <span class='ocrx_word' id='word_1_782' title='bbox 821 5357 928 5419; x_wconf 89' lang='lat' dir='ltr'><strong>oportet</strong></span> <span class='ocrx_word' id='word_1_783' title='bbox 942 5348 1042 5421; x_wconf 89' lang='lat' dir='ltr'><strong>aliquid</strong></span> <span class='ocrx_word' id='word_1_784' title='bbox 1057 5357 1155 5419; x_wconf 81' lang='lat' dir='ltr'><strong>praeter</strong></span> <span class='ocrx_word' id='word_1_785' title='bbox 1169 5348 1196 5403; x_wconf 92' lang='lat' dir='ltr'><strong>id</strong></span> 
     </span>
    </p>
   </div>
   <div class='ocr_carea' id='block_1_13' title="bbox 395 5434 1197 5814">
    <p class='ocr_par' dir='ltr' id='par_1_13' title="bbox 395 5434 1197 5814">
     <span class='ocr_line' id='line_1_71' title="bbox 395 5434 1196 5521; baseline -0.012 -13"><span class='ocrx_word' id='word_1_786' title='bbox 395 5434 446 5513; x_wconf 83' lang='lat' dir='ltr'><strong>nos</strong></span> <span class='ocrx_word' id='word_1_787' title='bbox 460 5448 565 5521; x_wconf 90' lang='lat' dir='ltr'><strong>penitus</strong></span> <span class='ocrx_word' id='word_1_788' title='bbox 571 5443 1050 5519; x_wconf 82' lang='lat' dir='ltr'><strong>abnegarcettibidure,dulcissime,</strong></span> <span class='ocrx_word' id='word_1_789' title='bbox 1059 5446 1196 5501; x_wconf 85' lang='lat' dir='ltr'><strong>Dominel</strong></span> 
     </span>
     <span class='ocr_line' id='line_1_72' title="bbox 398 5542 1195 5619; baseline -0.008 -12"><span class='ocrx_word' id='word_1_790' title='bbox 398 5550 425 5608; x_wconf 88' lang='lat' dir='ltr'><strong>Si</strong></span> <span class='ocrx_word' id='word_1_791' title='bbox 441 5564 509 5605; x_wconf 89' lang='lat' dir='ltr'><strong>unus</strong></span> <span class='ocrx_word' id='word_1_792' title='bbox 523 5547 605 5603; x_wconf 87' lang='lat' dir='ltr'><strong>homo</strong></span> <span class='ocrx_word' id='word_1_793' title='bbox 621 5551 692 5599; x_wconf 87' lang='lat' dir='ltr'><strong>esset</strong></span> <span class='ocrx_word' id='word_1_794' title='bbox 720 5542 784 5598; x_wconf 87' lang='lat' dir='ltr'><strong>tanti</strong></span> <span class='ocrx_word' id='word_1_795' title='bbox 813 5543 907 5619; x_wconf 91' lang='lat' dir='ltr'><strong>quanti</strong></span> <span class='ocrx_word' id='word_1_796' title='bbox 935 5560 1029 5600; x_wconf 87' lang='lat' dir='ltr'><strong>omnes</strong></span> <span class='ocrx_word' id='word_1_797' title='bbox 1056 5551 1195 5612; x_wconf 81' lang='lat' dir='ltr'><strong>creaturae,</strong></span> 
     </span>
     <span class='ocr_line' id='line_1_73' title="bbox 397 5640 1196 5720; baseline -0.005 -17"><span class='ocrx_word' id='word_1_798' title='bbox 397 5662 464 5720; x_wconf 88' lang='lat' dir='ltr'><strong>quas</strong></span> <span class='ocrx_word' id='word_1_799' title='bbox 478 5658 598 5720; x_wconf 90' lang='lat' dir='ltr'><strong>uuquam</strong></span> <span class='ocrx_word' id='word_1_800' title='bbox 615 5640 713 5709; x_wconf 86' lang='lat' dir='ltr'><strong>lecisti,</strong></span> <span class='ocrx_word' id='word_1_801' title='bbox 730 5644 845 5712; x_wconf 90' lang='lat' dir='ltr'><strong>quantus</strong></span> <span class='ocrx_word' id='word_1_802' title='bbox 859 5649 938 5707; x_wconf 86' lang='lat' dir='ltr'><strong>esset,</strong></span> <span class='ocrx_word' id='word_1_803' title='bbox 955 5642 977 5697; x_wconf 92' lang='lat' dir='ltr'><strong>si</strong></span> <span class='ocrx_word' id='word_1_804' title='bbox 992 5643 1068 5699; x_wconf 87' lang='lat' dir='ltr'><strong>daret</strong></span> <span class='ocrx_word' id='word_1_805' title='bbox 1095 5659 1124 5698; x_wconf 88' lang='lat' dir='ltr'><strong>se</strong></span> <span class='ocrx_word' id='word_1_806' title='bbox 1153 5652 1196 5699; x_wconf 92' lang='lat' dir='ltr'><strong>to-</strong></span> 
     </span>
     <span class='ocr_line' id='line_1_74' title="bbox 396 5738 1197 5814; baseline -0.007 -11"><span class='ocrx_word' id='word_1_807' title='bbox 396 5754 453 5803; x_wconf 91' lang='lat' dir='ltr'><strong>tum</strong></span> <span class='ocrx_word' id='word_1_808' title='bbox 469 5743 527 5814; x_wconf 92' lang='lat' dir='ltr'><strong>tibi,</strong></span> <span class='ocrx_word' id='word_1_809' title='bbox 544 5741 589 5813; x_wconf 92' lang='lat' dir='ltr'><strong>qui</strong></span> <span class='ocrx_word' id='word_1_810' title='bbox 605 5738 703 5797; x_wconf 91' lang='lat' dir='ltr'><strong>dedisti</strong></span> <span class='ocrx_word' id='word_1_811' title='bbox 719 5746 743 5795; x_wconf 88' lang='lat' dir='ltr'><strong>te</strong></span> <span class='ocrx_word' id='word_1_812' title='bbox 767 5746 850 5795; x_wconf 91' lang='lat' dir='ltr'><strong>totum</strong></span> <span class='ocrx_word' id='word_1_813' title='bbox 865 5738 956 5809; x_wconf 88' lang='lat' dir='ltr'><strong>nobis,</strong></span> <span class='ocrx_word' id='word_1_814' title='bbox 984 5740 1062 5813; x_wconf 85' lang='lat' dir='ltr'><strong>cujus</strong></span> <span class='ocrx_word' id='word_1_815' title='bbox 1089 5740 1197 5799; x_wconf 87' lang='lat' dir='ltr'><strong>bouitas</strong></span> 
     </span>
    </p>
   </div>
   <div class='ocr_carea' id='block_1_14' title="bbox 395 5837 1196 5921">
    <p class='ocr_par' dir='ltr' id='par_1_14' title="bbox 395 5837 1196 5921">
     <span class='ocr_line' id='line_1_75' title="bbox 395 5837 1196 5921; baseline 0.005 -20"><span class='ocrx_word' id='word_1_816' title='bbox 395 5840 571 5911; x_wconf 69' lang='lat' dir='ltr'><strong>minfiuitum</strong></span> <span class='ocrx_word' id='word_1_817' title='bbox 585 5837 797 5921; x_wconf 72' lang='lat' dir='ltr'><strong>preponderat</strong></span> <span class='ocrx_word' id='word_1_818' title='bbox 824 5837 871 5917; x_wconf 82' lang='lat' dir='ltr'><strong>qui</strong></span> <span class='ocrx_word' id='word_1_819' title='bbox 898 5847 1029 5919; x_wconf 76' lang='lat' dir='ltr'><strong>reputat</strong></span> <span class='ocrx_word' id='word_1_820' title='bbox 1054 5838 1196 5907; x_wconf 84' lang='lat' dir='ltr'><strong>meliorem</strong></span> 
     </span>
    </p>
   </div>
   <div class='ocr_carea' id='block_1_15' title="bbox 1251 4828 2054 5615">
    <p class='ocr_par' dir='ltr' id='par_1_15' title="bbox 1251 4828 2054 5615">
     <span class='ocr_line' id='line_1_76' title="bbox 1252 4828 2054 4900; baseline -0.002 -14"><span class='ocrx_word' id='word_1_821' title='bbox 1252 4831 1393 4898; x_wconf 89' lang='lat' dir='ltr'><strong>debemus,</strong></span> <span class='ocrx_word' id='word_1_822' title='bbox 1410 4830 1513 4885; x_wconf 86' lang='lat' dir='ltr'><strong>scilicet</strong></span> <span class='ocrx_word' id='word_1_823' title='bbox 1526 4829 1562 4887; x_wconf 91' lang='lat' dir='ltr'><strong>de</strong></span> <span class='ocrx_word' id='word_1_824' title='bbox 1575 4830 1745 4885; x_wconf 87' lang='lat' dir='ltr'><strong>naturalibus</strong></span> <span class='ocrx_word' id='word_1_825' title='bbox 1759 4829 1847 4884; x_wconf 91' lang='lat' dir='ltr'><strong>bonis.</strong></span> <span class='ocrx_word' id='word_1_826' title='bbox 1855 4828 1983 4885; x_wconf 87' lang='lat' dir='ltr'><strong>Secunda</strong></span> <span class='ocrx_word' id='word_1_827' title='bbox 1988 4845 2054 4900; x_wconf 91' lang='lat' dir='ltr'><strong>pars</strong></span> 
     </span>
     <span class='ocr_line' id='line_1_77' title="bbox 1251 4917 2052 4990; baseline -0.001 -15"><span class='ocrx_word' id='word_1_828' title='bbox 1251 4927 1313 4975; x_wconf 89' lang='lat' dir='ltr'><strong>aunt</strong></span> <span class='ocrx_word' id='word_1_829' title='bbox 1329 4920 1450 4987; x_wconf 84' lang='lat' dir='ltr'><strong>fortuita,</strong></span> <span class='ocrx_word' id='word_1_830' title='bbox 1466 4935 1527 4990; x_wconf 80' lang='lat' dir='ltr'><strong>quae</strong></span> <span class='ocrx_word' id='word_1_831' title='bbox 1541 4919 1632 4975; x_wconf 86' lang='lat' dir='ltr'><strong>dicere</strong></span> <span class='ocrx_word' id='word_1_832' title='bbox 1654 4934 1801 4989; x_wconf 87' lang='lat' dir='ltr'><strong>possumus</strong></span> <span class='ocrx_word' id='word_1_833' title='bbox 1827 4917 1996 4989; x_wconf 85' lang='lat' dir='ltr'><strong>temporalia,</strong></span> <span class='ocrx_word' id='word_1_834' title='bbox 2025 4926 2052 4974; x_wconf 90' lang='lat' dir='ltr'><strong>et</strong></span> 
     </span>
     <span class='ocr_line' id='line_1_78' title="bbox 1252 5006 2051 5078; baseline -0.001 -15"><span class='ocrx_word' id='word_1_835' title='bbox 1252 5010 1363 5065; x_wconf 87' lang='lat' dir='ltr'><strong>amicos.</strong></span> <span class='ocrx_word' id='word_1_836' title='bbox 1380 5006 1450 5065; x_wconf 83' lang='lat' dir='ltr'><strong>Haeo</strong></span> <span class='ocrx_word' id='word_1_837' title='bbox 1462 5008 1536 5063; x_wconf 89' lang='lat' dir='ltr'><strong>enim</strong></span> <span class='ocrx_word' id='word_1_838' title='bbox 1550 5008 1643 5063; x_wconf 91' lang='lat' dir='ltr'><strong>omnia</strong></span> <span class='ocrx_word' id='word_1_839' title='bbox 1658 5006 1790 5064; x_wconf 87' lang='lat' dir='ltr'><strong>calcanda</strong></span> <span class='ocrx_word' id='word_1_840' title='bbox 1816 5016 1888 5074; x_wconf 88' lang='lat' dir='ltr'><strong>sunt,</strong></span> <span class='ocrx_word' id='word_1_841' title='bbox 1903 5022 1939 5061; x_wconf 90' lang='lat' dir='ltr'><strong>ue</strong></span> <span class='ocrx_word' id='word_1_842' title='bbox 1960 5006 2051 5078; x_wconf 90' lang='lat' dir='ltr'><strong>impe-</strong></span> 
     </span>
     <span class='ocr_line' id='line_1_79' title="bbox 1251 5095 2051 5167; baseline -0.003 -14"><span class='ocrx_word' id='word_1_843' title='bbox 1251 5097 1327 5153; x_wconf 89' lang='lat' dir='ltr'><strong>diant</strong></span> <span class='ocrx_word' id='word_1_844' title='bbox 1342 5106 1417 5152; x_wconf 91' lang='lat' dir='ltr'><strong>tuum</strong></span> <span class='ocrx_word' id='word_1_845' title='bbox 1429 5112 1563 5154; x_wconf 80' lang='lat' dir='ltr'><strong>amorem.</strong></span> <span class='ocrx_word' id='word_1_846' title='bbox 1585 5119 1596 5147; x_wconf 78' lang='grc' dir='ltr'><strong>ι</strong></span> <span class='ocrx_word' id='word_1_847' title='bbox 1612 5098 1701 5151; x_wconf 83' lang='lat' dir='ltr'><strong>llinus</strong></span> <span class='ocrx_word' id='word_1_848' title='bbox 1713 5096 1786 5153; x_wconf 89' lang='lat' dir='ltr'><strong>enim</strong></span> <span class='ocrx_word' id='word_1_849' title='bbox 1800 5104 1874 5152; x_wconf 88' lang='lat' dir='ltr'><strong>amat</strong></span> <span class='ocrx_word' id='word_1_850' title='bbox 1887 5103 1925 5164; x_wconf 87' lang='lat' dir='ltr'><strong>te,</strong></span> <span class='ocrx_word' id='word_1_851' title='bbox 1941 5095 1986 5167; x_wconf 86' lang='lat' dir='ltr'><strong>qui</strong></span> <span class='ocrx_word' id='word_1_852' title='bbox 2012 5104 2051 5152; x_wconf 91' lang='lat' dir='ltr'><strong>te·</strong></span> 
     </span>
     <span class='ocr_line' id='line_1_80' title="bbox 1251 5185 2050 5258; baseline -0.001 -17"><span class='ocrx_word' id='word_1_853' title='bbox 1251 5202 1313 5241; x_wconf 94' lang='lat' dir='ltr'><strong>cum</strong></span> <span class='ocrx_word' id='word_1_854' title='bbox 1328 5186 1432 5258; x_wconf 87' lang='lat' dir='ltr'><strong>aliquid</strong></span> <span class='ocrx_word' id='word_1_855' title='bbox 1446 5193 1530 5253; x_wconf 87' lang='lat' dir='ltr'><strong>amat,</strong></span> <span class='ocrx_word' id='word_1_856' title='bbox 1546 5185 1618 5257; x_wconf 88' lang='lat' dir='ltr'><strong>quod</strong></span> <span class='ocrx_word' id='word_1_857' title='bbox 1632 5200 1689 5241; x_wconf 93' lang='lat' dir='ltr'><strong>non</strong></span> <span class='ocrx_word' id='word_1_858' title='bbox 1715 5193 1828 5257; x_wconf 88' lang='lat' dir='ltr'><strong>propter</strong></span> <span class='ocrx_word' id='word_1_859' title='bbox 1855 5190 1880 5240; x_wconf 93' lang='lat' dir='ltr'><strong>te</strong></span> <span class='ocrx_word' id='word_1_860' title='bbox 1907 5190 1991 5250; x_wconf 89' lang='lat' dir='ltr'><strong>amat,</strong></span> <span class='ocrx_word' id='word_1_861' title='bbox 2020 5192 2050 5240; x_wconf 88' lang='grc' dir='ltr'><strong>ιιι</strong></span> 
     </span>
     <span class='ocr_line' id='line_1_81' title="bbox 1251 5272 2049 5348; baseline -0.005 -17"><span class='ocrx_word' id='word_1_862' title='bbox 1251 5275 1317 5331; x_wconf 91' lang='lat' dir='ltr'><strong>dicit</strong></span> <span class='ocrx_word' id='word_1_863' title='bbox 1332 5275 1514 5348; x_wconf 67' lang='lat' dir='ltr'><strong>dtrmrstinus.</strong></span> <span class='ocrx_word' id='word_1_864' title='bbox 1536 5299 1547 5324; x_wconf 71' lang='lat' dir='ltr'><em>n</em></span> <span class='ocrx_word' id='word_1_865' title='bbox 1563 5275 1649 5330; x_wconf 72' lang='lat' dir='ltr'><strong>Valde</strong></span> <span class='ocrx_word' id='word_1_866' title='bbox 1664 5275 1779 5330; x_wconf 85' lang='lat' dir='ltr'><strong>deberet</strong></span> <span class='ocrx_word' id='word_1_867' title='bbox 1793 5274 1876 5331; x_wconf 89' lang='lat' dir='ltr'><strong>bomo</strong></span> <span class='ocrx_word' id='word_1_868' title='bbox 1902 5272 2049 5344; x_wconf 79' lang='lat' dir='ltr'><strong>indignari,</strong></span> 
     </span>
     <span class='ocr_line' id='line_1_82' title="bbox 1251 5361 2051 5437; baseline -0.001 -18"><span class='ocrx_word' id='word_1_869' title='bbox 1251 5364 1366 5436; x_wconf 81' lang='lat' dir='ltr'><strong>diligere</strong></span> <span class='ocrx_word' id='word_1_870' title='bbox 1381 5364 1489 5420; x_wconf 89' lang='lat' dir='ltr'><strong>modica</strong></span> <span class='ocrx_word' id='word_1_871' title='bbox 1503 5380 1586 5436; x_wconf 92' lang='lat' dir='ltr'><strong>quem</strong></span> <span class='ocrx_word' id='word_1_872' title='bbox 1613 5371 1695 5418; x_wconf 78' lang='lat' dir='ltr'><strong>tantae</strong></span> <span class='ocrx_word' id='word_1_873' title='bbox 1724 5362 1866 5437; x_wconf 69' lang='lat' dir='ltr'><strong>diguitatis</strong></span> <span class='ocrx_word' id='word_1_874' title='bbox 1894 5361 1992 5429; x_wconf 82' lang='lat' dir='ltr'><strong>iecisti,</strong></span> <span class='ocrx_word' id='word_1_875' title='bbox 2021 5371 2051 5418; x_wconf 94' lang='lat' dir='ltr'><strong>ut</strong></span> 
     </span>
     <span class='ocr_line' id='line_1_83' title="bbox 1252 5450 2051 5511; baseline -0.005 -1"><span class='ocrx_word' id='word_1_876' title='bbox 1252 5454 1276 5510; x_wconf 91' lang='lat' dir='ltr'><strong>ei</strong></span> <span class='ocrx_word' id='word_1_877' title='bbox 1291 5454 1373 5511; x_wconf 88' lang='lat' dir='ltr'><strong>liceat</strong></span> <span class='ocrx_word' id='word_1_878' title='bbox 1387 5462 1530 5509; x_wconf 78' lang='lat' dir='ltr'><strong>reamare.</strong></span> <span class='ocrx_word' id='word_1_879' title='bbox 1555 5453 1694 5510; x_wconf 89' lang='lat' dir='ltr'><strong>Occultiua</strong></span> <span class='ocrx_word' id='word_1_880' title='bbox 1720 5461 1812 5509; x_wconf 87' lang='lat' dir='ltr'><strong>autem</strong></span> <span class='ocrx_word' id='word_1_881' title='bbox 1839 5459 1921 5508; x_wconf 86' lang='lat' dir='ltr'><strong>nocet</strong></span> <span class='ocrx_word' id='word_1_882' title='bbox 1948 5450 2051 5506; x_wconf 90' lang='lat' dir='ltr'><strong>nimius</strong></span> 
     </span>
     <span class='ocr_line' id='line_1_84' title="bbox 1251 5540 2051 5615; baseline -0.004 -16"><span class='ocrx_word' id='word_1_883' title='bbox 1251 5559 1330 5599; x_wconf 91' lang='lat' dir='ltr'><strong>amor</strong></span> <span class='ocrx_word' id='word_1_884' title='bbox 1343 5542 1493 5600; x_wconf 88' lang='lat' dir='ltr'><strong>amicorum</strong></span> <span class='ocrx_word' id='word_1_885' title='bbox 1509 5558 1589 5615; x_wconf 91' lang='lat' dir='ltr'><strong>quam</strong></span> <span class='ocrx_word' id='word_1_886' title='bbox 1606 5542 1809 5615; x_wconf 89' lang='lat' dir='ltr'><strong>temporalium,</strong></span> <span class='ocrx_word' id='word_1_887' title='bbox 1837 5540 1902 5612; x_wconf 89' lang='lat' dir='ltr'><strong>quia</strong></span> <span class='ocrx_word' id='word_1_888' title='bbox 1931 5540 1999 5614; x_wconf 79' lang='lat' dir='ltr'><strong>tegit</strong></span> <span class='ocrx_word' id='word_1_889' title='bbox 2021 5555 2051 5596; x_wconf 89' lang='lat' dir='ltr'><strong>se</strong></span> 
     </span>
    </p>
   </div>
   <div class='ocr_carea' id='block_1_16' title="bbox 1250 5634 2049 5811">
    <p class='ocr_par' dir='ltr' id='par_1_16' title="bbox 1250 5634 2049 5811">
     <span class='ocr_line' id='line_1_85' title="bbox 1251 5634 2049 5710; baseline -0.011 -13"><span class='ocrx_word' id='word_1_890' title='bbox 1251 5640 1387 5697; x_wconf 87' lang='lat' dir='ltr'><strong>velamine</strong></span> <span class='ocrx_word' id='word_1_891' title='bbox 1401 5639 1549 5705; x_wconf 82' lang='lat' dir='ltr'><strong>eharitatis,</strong></span> <span class='ocrx_word' id='word_1_892' title='bbox 1565 5640 1602 5693; x_wconf 88' lang='lat' dir='ltr'><strong>ita</strong></span> <span class='ocrx_word' id='word_1_893' title='bbox 1616 5636 1689 5710; x_wconf 92' lang='lat' dir='ltr'><strong>quod</strong></span> <span class='ocrx_word' id='word_1_894' title='bbox 1703 5652 1776 5707; x_wconf 82' lang='lat' dir='ltr'><strong>saepe</strong></span> <span class='ocrx_word' id='word_1_895' title='bbox 1790 5644 1866 5706; x_wconf 87' lang='lat' dir='ltr'><strong>putet</strong></span> <span class='ocrx_word' id='word_1_896' title='bbox 1880 5635 1964 5691; x_wconf 84' lang='lat' dir='ltr'><strong>bomo</strong></span> <span class='ocrx_word' id='word_1_897' title='bbox 1987 5634 2049 5689; x_wconf 88' lang='lat' dir='ltr'><strong>cba-</strong></span> 
     </span>
     <span class='ocr_line' id='line_1_86' title="bbox 1250 5730 2048 5811; baseline -0.009 -18"><span class='ocrx_word' id='word_1_898' title='bbox 1250 5739 1357 5795; x_wconf 88' lang='lat' dir='ltr'><strong>ritatem</strong></span> <span class='ocrx_word' id='word_1_899' title='bbox 1370 5754 1432 5795; x_wconf 84' lang='lat' dir='ltr'><strong>ease</strong></span> <span class='ocrx_word' id='word_1_900' title='bbox 1446 5737 1519 5811; x_wconf 90' lang='lat' dir='ltr'><strong>quod</strong></span> <span class='ocrx_word' id='word_1_901' title='bbox 1532 5737 1643 5794; x_wconf 86' lang='lat' dir='ltr'><strong>dilectio</strong></span> <span class='ocrx_word' id='word_1_902' title='bbox 1658 5742 1697 5791; x_wconf 87' lang='lat' dir='ltr'><strong>est</strong></span> <span class='ocrx_word' id='word_1_903' title='bbox 1710 5734 1835 5805; x_wconf 84' lang='lat' dir='ltr'><strong>carnalis,</strong></span> <span class='ocrx_word' id='word_1_904' title='bbox 1852 5750 1912 5806; x_wconf 77' lang='lat' dir='ltr'><strong>qum</strong></span> <span class='ocrx_word' id='word_1_905' title='bbox 1935 5733 1973 5789; x_wconf 91' lang='lat' dir='ltr'><strong>ita</strong></span> <span class='ocrx_word' id='word_1_906' title='bbox 1986 5730 2048 5787; x_wconf 90' lang='lat' dir='ltr'><strong>dul·</strong></span> 
     </span>
    </p>
   </div>
   <div class='ocr_carea' id='block_1_17' title="bbox 1251 5828 2048 5912">
    <p class='ocr_par' dir='ltr' id='par_1_17' title="bbox 1251 5828 2048 5912">
     <span class='ocr_line' id='line_1_87' title="bbox 1251 5828 2048 5912; baseline -0.008 -11"><span class='ocrx_word' id='word_1_907' title='bbox 1251 5837 1318 5901; x_wconf 83' lang='lat' dir='ltr'><strong>citer</strong></span> <span class='ocrx_word' id='word_1_908' title='bbox 1331 5840 1358 5903; x_wconf 89' lang='lat' dir='ltr'><strong>et</strong></span> <span class='ocrx_word' id='word_1_909' title='bbox 1372 5836 1491 5902; x_wconf 81' lang='lat' dir='ltr'><strong>suaviter</strong></span> <span class='ocrx_word' id='word_1_910' title='bbox 1504 5842 1624 5897; x_wconf 74' lang='lat' dir='ltr'><strong>menam</strong></span> <span class='ocrx_word' id='word_1_911' title='bbox 1639 5834 1774 5912; x_wconf 83' lang='lat' dir='ltr'><strong>captivam</strong></span> <span class='ocrx_word' id='word_1_912' title='bbox 1788 5838 1873 5906; x_wconf 86' lang='lat' dir='ltr'><strong>tenet,</strong></span> <span class='ocrx_word' id='word_1_913' title='bbox 1901 5828 1974 5911; x_wconf 87' lang='lat' dir='ltr'><strong>quod</strong></span> <span class='ocrx_word' id='word_1_914' title='bbox 1996 5844 2048 5896; x_wconf 78' lang='lat' dir='ltr'><strong>aa·</strong></span> 
     </span>
    </p>
   </div>
   <div class='ocr_carea' id='block_1_18' title="bbox 0 0 2389 6724">
    <p class='ocr_par' dir='ltr' id='par_1_18' title="bbox 0 0 2389 6724">
     <span class='ocr_line' id='line_1_88' title="bbox 0 0 2389 6724; baseline 0 0"><span class='ocrx_word' id='word_1_915' title='bbox 0 0 2389 6724; x_wconf 95' lang='lat' dir='ltr'><strong> </strong></span> 
     </span>
    </p>
   </div>
  </div>
 </body>
</html>
