4750 6725
850 600 961 661 EPlSl'.
977 602 1024 661 ΒΕ
1042 600 1124 663 titt
1142 600 1172 661 S.
1192 597 1382 663 arontam.
1891 624 1943 684 not

1269 733 1939 772 -ῃῄ

629 842 1062 991 VALRAMI
1128 838 1595 1000 EPISTOLA

486 1110 572 1201 DE
608 1110 764 1203 vtae
798 1110 851 1203 S.
895 1103 1235 1202 bitontum
1267 1110 1729 1215 conabssottls.

843 1253 1001 1324 (Murrina,
1017 1250 1109 1327 ampl.
1131 1252 1260 1322 Collect,
1274 1255 1286 1311 Ι
1302 1257 1379 1327 635.)

325 1434 504 1504 liemarus,
521 1432 569 1491 Dei
587 1433 677 1505 gratia
688 1434 915 1509 liuenburgcnsis
933 1434 1088 1507 episcopus,
1104 1433 1133 1493 A
1147 1432 1221 1490 xime
1228 1435 1396 1507 temporibus
1409 1439 1497 1496 suncti
1513 1442 1651 1501 leonardi
1665 1444 1849 1521 incanduerat,
1865 1448 1945 1509 ideo·

289 1522 475 1581 serenissime
497 1528 628 1578 mamonae
650 1523 757 1580 domnas
778 1523 925 1580 Grannum
939 1522 989 1594 (t),
1004 1523 1092 1579 devo·
1146 1536 1210 1592 que,
1225 1523 1294 1581 siem
1310 1525 1373 1582 viva
1399 1542 1467 1585 voce
1495 1529 1612 1588 fratrum
1638 1536 1820 1607 percepimus,
1847 1554 1946 1597 eorum

293 1620 349 1668 turn
364 1612 512 1680 servitium,
527 1610 683 1667 instantiam
697 1612 851 1669 orationum
865 1627 898 1669 ao
912 1612 1091 1683 semetipsum
1147 1610 1251 1669 malitis
1267 1612 1478 1674 mirificasancti
1489 1618 1628 1678 Leonardi
1637 1622 1665 1678 in
1680 1624 1730 1681 bac
1743 1624 1810 1697 vita,
1821 1632 1848 1683 et
1861 1643 1945 1700 opera

291 1701 402 1757 omuino
417 1699 444 1755 in
458 1700 584 1757 omuibus
597 1700 805 1757 deditissimum.
1145 1699 1253 1769 penitus
1280 1711 1344 1760 sunt
1370 1703 1484 1777 abolita,
1506 1710 1550 1765 vel
1576 1711 1688 1768 sinistre
1706 1712 1942 1786 interpretatione,

328 1788 460 1846 llirabilis
476 1789 549 1844 Deus
563 1789 592 1844 in
605 1790 708 1845 sanctis
723 1788 780 1845 suis
794 1798 821 1847 et
834 1790 912 1861 cujus
926 1804 1004 1847 mens
1018 1787 1091 1847 divi-
1146 1787 1251 1845 sicutin
1266 1790 1325 1862 ipso
1335 1792 1479 1853 Salvatore
1493 1805 1594 1865 nostro,
1609 1798 1754 1858 intimus.
1779 1803 1842 1860 Post
1855 1814 1945 1862 trous-

290 1878 363 1933 nitus
376 1876 600 1946 estinllammata,
615 1878 716 1949 saepius
732 1877 824 1935 divina
838 1876 1014 1950 praedicanda
1030 1885 1092 1933 sunt
1145 1875 1212 1932 itum
1239 1895 1307 1936 vero
1328 1883 1387 1952 eius
1414 1885 1577 1942 eorumdem
1602 1887 1705 1945 invida
1733 1890 1822 1947 scelus
1843 1892 1939 1950 ,ddjdi

291 1966 431 2024 miracula.
461 1964 600 2037 Optimam
614 1974 721 2037 portem
746 1967 844 2023 dicitur
858 1968 943 2023 llario
963 1967 1090 2037 elegisse,
1145 1966 1253 2037 sceleri,
1268 1972 1495 2039 et,utmcmoria
1520 1975 1580 2045 ejus
1603 1977 1713 2047 penitus
1733 1978 1884 2037 auferretur
1911 1982 1946 2039 ds

291 2056 365 2127 quia,
381 2054 479 2112 sedens
493 2070 573 2111 secus
597 2056 684 2127 pedes
697 2056 811 2124 domini,
837 2056 965 2111 audiebat
978 2055 1091 2113 verbum
1146 2059 1229 2124 terra,
1245 2056 1307 2112 Vita
1320 2058 1388 2129 ejus,
1403 2059 1557 2133 ubicunque
1570 2063 1688 2122 inveniri
1711 2066 1809 2138 potuit,
1825 2077 1865 2127 est
1876 2085 1944 2127 oon·

290 2145 362 2200 illius
376 2164 384 2211 ;
400 2158 450 2215 pro
474 2143 616 2215 multiplici
638 2144 873 2201 administratione
894 2158 1032 2217 corporeae
1045 2160 1088 2201 re·
1145 2152 1278 2200 cremata.
1305 2146 1395 2215 Quam
1418 2164 1528 2221 magua,
1544 2166 1626 2223 quam
1646 2152 1785 2224 innotata,
1797 2173 1880 2228 quam
1893 2158 1946 2216 (ιο.

291 2232 418 2289 fectionis
429 2230 538 2289 llartbe
548 2240 656 2289 notatur
670 2232 783 2289 nimium
803 2233 955 2301 sollicitari,
971 2242 997 2289 et
1025 2248 1092 2305 erga
1144 2234 1227 2304 nique
1241 2232 1410 2291 incrdibilis
1425 2237 1546 2307 quotidie
1565 2254 1617 2309 per
1629 2256 1691 2297 cunr
1704 2240 1773 2298 liunt
1798 2245 1945 2314 mirabilia,

292 2321 409 2393 plurima
424 2320 541 2376 turbari.
561 2322 655 2390 Porro,
673 2322 769 2393 inquit,
795 2338 877 2378 unum
893 2329 935 2378 est
962 2337 1090 2379 necessa·
1145 2320 1222 2375 nulla
1236 2336 1347 2392 prorsus
1356 2323 1535 2396 antiquitatis,
1546 2334 1575 2383 nt
1589 2328 1698 2401 opinor,
1715 2332 1810 2403 pandit
1820 2334 1943 2391 historia.

290 2411 370 2479 rium,
393 2410 465 2480 quod
490 2411 517 2464 in
545 2417 636 2480 partes
651 2410 793 2479 scinditur,
821 2411 857 2466 ad
876 2409 957 2467 linem
981 2410 1089 2475 tendit;
1146 2408 1448 2478 Sanctuchouardua,
1464 2414 1606 2489 sicutipse
1620 2418 1946 2494 veraciterperpendi,ad

291 2514 376 2553 unum
398 2513 464 2555 vero
484 2513 619 2553 summum
648 2497 750 2553 bonum
765 2507 806 2555 est
820 2514 888 2556 vera
915 2499 1056 2555 aeternitas
1064 2505 1091 2554 et
1145 2497 1346 2556 invocationem
1367 2501 1552 2559 desolatorum
1566 2521 1676 2577 semper
1697 2508 1868 2580 estadjotor,
1883 2511 1944 2568 cle·

289 2586 428 2643 beatitudo
457 2584 635 2657 inidipsum.
658 2587 810 2657 llaptentur
836 2588 994 2659 insipientes
1018 2588 1091 2645 circa
1145 2587 1331 2643 meritissimus
1358 2589 1387 2645 in
1415 2592 1669 2665 opportunitatibus,
1705 2596 1733 2651 in
1761 2597 1941 2668 tribulatione,

292 2677 362 2735 viles
371 2674 450 2745 hujus
459 2674 552 2731 saeculi
565 2674 700 2732 vanitates
718 2694 725 2739 ;
741 2676 790 2731 tibi
805 2692 879 2746 vero,
891 2675 969 2747 juata
996 2676 1090 2733 Salva·
1146 2675 1316 2731 descendens
1329 2678 1365 2733 de
1386 2679 1457 2735 caelo
1471 2680 1547 2736 vultu
1558 2682 1642 2739 instar
1654 2683 1720 2740 solis
1746 2685 1838 2755 rutilo,
1856 2687 1945 2745 oculis

290 2765 355 2824 toris
365 2762 588 2831 admonitionem,
605 2780 686 2819 uuum
702 2763 827 2821 videatur
854 2764 1048 2831 necessarium,
1062 2773 1092 2820 ut
1103 2788 1132 2849 Β
1146 2762 1331 2833 stellantibus,
1353 2764 1449 2821 babitu
1474 2768 1680 2841 candidissimo,
1704 2772 1739 2829 ad
1759 2780 1860 2830 notum
1885 2776 1945 2847 ejus

291 2852 432 2910 inhabites
447 2852 474 2907 in
482 2852 564 2908 domo
576 2852 685 2908 Domini
702 2853 829 2909 omnibus
839 2852 935 2909 dicbus
950 2854 1012 2909 vitae
1027 2860 1089 2923 tuce,
1145 2852 1259 2923 quilibet
1274 2852 1340 2909 terri
1353 2853 1428 2927 rigor
1438 2856 1512 2911 velut
1524 2872 1589 2914 cera
1602 2873 1619 2914 a
1631 2859 1702 2917 lacis
1724 2861 1797 2935 ignis
1811 2862 1944 2948 mollitur,

288 2951 317 2999 et
343 2941 438 2998 videas
463 2940 628 2998 voluntatem
654 2941 774 3011 Domini,
801 2948 829 2997 et
842 2941 932 2998 visitas
960 2941 1090 3013 templum
1144 2942 1238 3013 sicque
1253 2940 1366 3013 captivi,
1381 2943 1522 3001 avinculis
1535 2945 1662 3017 absoluti,
1691 2949 1763 3006 inter
1785 2950 1946 3025 fugiendum

293 3032 363 3103 ejus.
388 3030 463 3087 Filia
488 3028 632 3101 Babylonis
656 3030 755 3103 quibus
770 3029 898 3104 ignorant
921 3038 1091 3105 congregant
1144 3028 1300 3085 fluminibus
1313 3026 1484 3089 obstantibus
1492 3033 1623 3091 divinitus
1637 3044 1859 3097 transvectantur.
1875 3040 1945 3099 Plu·

290 3119 400 3176 divitias
415 3136 421 3181 ;
437 3127 466 3175 tu
480 3134 557 3187 vero,
572 3118 778 3174 thesaurizando
787 3119 902 3190 incoelo,
913 3134 1091 3193 supergressa
1143 3117 1214 3174 rima
1226 3117 1255 3174 id
1268 3134 1357 3193 genus
1371 3119 1431 3190 eJ'us
1444 3129 1507 3178 sunt
1519 3123 1654 3180 mirabilis
1675 3124 1758 3183 iidem
1771 3128 1945 3201 excedentis,

290 3224 320 3265 es
332 3208 481 3265 universas.
504 3210 564 3279 nge
587 3206 672 3279 igitur
698 3206 771 3279 quod
786 3208 856 3279 agis,
882 3224 994 3281 operare
1016 3208 1090 3281 quod
1143 3206 1192 3263 sed
1206 3207 1523 3279 nulliprorsuslidelium
1544 3210 1702 3270 inlinenda:
1719 3214 1789 3273 sicut
1812 3232 1863 3289 per
1880 3234 1945 3275 san·

292 3294 671 3370 opera1·is,domumeristo,
687 3296 835 3352 sacrarium
860 3294 970 3370 Spiritui
985 3304 1088 3370 sancto,
1144 3302 1216 3351 dum
1231 3296 1406 3354 leonardum
1419 3299 1594 3357 boamundus
1608 3302 1643 3359 de
1662 3318 1833 3378 paganorum
1860 3307 1946 3381 capti·

290 3397 319 3442 ut
333 3403 393 3443 cum
410 3386 542 3442 terrestris
556 3385 639 3456 hujus
654 3385 826 3442 habitationis
840 3386 937 3443 domus
958 3387 1089 3460 solvatur,
1143 3385 1238 3456 vitate,
1263 3394 1290 3442 et
1299 3401 1352 3444 rex
1379 3387 1511 3461 duplicas
1539 3390 1574 3447 de
1589 3391 1681 3448 fratris
1694 3392 1738 3448 sui
1752 3395 1944 3466 tyrannidain·

292 3477 404 3532 domum
433 3491 487 3532 non
515 3475 707 3531 manufactam
722 3475 881 3534 inveniasin
895 3475 1090 3547 coelis,urbem
1146 3481 1223 3546 tegre
1233 3489 1311 3530 suam
1337 3486 1532 3548 recuperarunt
1558 3486 1730 3552 potestatem,
1746 3482 1784 3539 ita
1798 3499 1847 3554 per
1868 3499 1944 3542 eum·

292 3565 457 3622 fortitudinis
470 3570 572 3620 nostrae
588 3564 672 3620 Sinon
686 3563 859 3632 salvatorem,
875 3565 1090 3623 Jerusalemcoe-
1144 3561 1208 3617 dem
1222 3559 1365 3618 mirificum
1380 3572 1506 3619 sanctum
1519 3565 1616 3623 dilatet
1630 3568 1711 3623 ctiam
1726 3570 1861 3626 Dominus
1875 3572 1945 3630 tesd

289 3655 397 3722 lestem,
427 3653 505 3725 cujus
525 3652 696 3725 participatio
721 3653 779 3724 ejus
800 3653 828 3708 in
850 3653 979 3724 idipsum.
1010 3654 1091 3710 Beata
1145 3649 1275 3706 amentem
1290 3650 1367 3706 etad
1381 3650 1563 3722 occidentem,
1581 3656 1793 3725 septentrionem
1821 3661 1945 3718 etmeri-

289 3741 460 3816 quaecrcdis,
477 3742 622 3814 quidquod
638 3741 724 3798 oculis
738 3741 837 3812 vidisti,
866 3741 995 3813 operibus
1010 3758 1090 3799 exse·
1144 3737 1228 3807 diem,
1256 3747 1414 3811 cmscatque
1454 3749 1546 3796 vestra
1568 3742 1688 3813 probitas
1714 3743 1827 3802 inmillo
1841 3747 1940 3806 mittis.

290 3831 393 3904 queris.
411 3831 456 3888 Sic
470 3836 579 3886 sanctus
607 3828 764 3886 leonardus
778 3829 805 3885 in
832 3831 962 3887 bonorem
990 3839 1091 3890 sanctas
1145 3826 1389 3884 Possideattemcn
1404 3836 1523 3885 vestrum
1536 3831 1810 3902 portaainimicorum
1834 3851 1946 3894 snorum

291 3921 383 3976 lllariae
402 3918 544 3991 parvulam
569 3919 639 3990 prim
654 3917 781 3974 fundavit
796 3918 951 3987 ecclesiam,
966 3919 1013 3976 ubi
1029 3936 1090 3976 om·
1144 3923 1169 3973 et
1183 3916 1378 3973 benedicantur
1403 3916 1432 3973 in
1457 3925 1483 3975 te
1506 3932 1603 3976 omnes
1618 3920 1704 3976 tribus
1725 3921 1879 3982 Germania
1902 3925 1945 3983 lli·

289 4010 368 4066 nibus
391 4007 490 4065 dicbus
518 4008 581 4064 vitae
609 4023 666 4064 suae
678 4006 841 4076 inhabitans,
858 4007 967 4065 tandem
990 4008 1090 4066 dehac
1143 4004 1240 4061 deliter
1261 4005 1356 4062 credas
1382 4013 1410 4062 et
1423 4005 1576 4064 nullalenus
1603 4007 1722 4080 dubitas,
1738 4011 1812 4084 quia,
1827 4013 1946 4086 quodds

287 4099 359 4155 valla
374 4097 516 4154 translatus
530 4105 572 4152 est
586 4095 621 4150 ad
649 4103 770 4152 montem
785 4095 927 4173 virtutum,
951 4096 998 4153 ubi
1021 4097 1090 4154 sicut
1104 4145 1130 4209 C
1143 4093 1268 4166 reliquiis
1282 4094 1368 4166 ipsius
1392 4092 1500 4152 mirifici
1513 4097 1600 4154 uncti
1619 4105 1707 4155 mcum
1733 4100 1849 4172 partitus
1871 4119 1944 4176 sum,

289 4186 441 4245 latentium
466 4183 600 4242 habitatio
616 4191 655 4241 est
669 4185 801 4240 omnium.
818 4185 979 4242 Benedictus
1006 4186 1089 4256 Deus,
1143 4183 1237 4239 auditu
1263 4182 1347 4254 ipsius
1367 4183 1443 4240 vocis
1457 4199 1518 4239 snm
1537 4183 1660 4259 adeptus,
1688 4187 1788 4246 sivein
1815 4205 1942 4264 corporo,

292 4276 354 4348 quia
370 4283 397 4332 ct
411 4273 522 4347 tuquasi
539 4281 635 4342 turtur,
658 4272 785 4329 invenisti
807 4273 901 4329 nidum
924 4273 1009 4330 altare
1037 4274 1092 4330 Do·
1145 4271 1288 4328 sireextra
1299 4287 1409 4343 corpus,
1427 4273 1531 4344 nescio,
1546 4275 1619 4330 Deus
1631 4273 1696 4332 scit.
1710 4277 1747 4332 Et
1756 4293 1792 4334 ne
1802 4278 1945 4339 falsarium

290 4363 358 4420 mini
387 4364 528 4432 virtutum,
567 4362 623 4430 ubi,
653 4361 756 4418 utinam
774 4362 779 4416 l
795 4378 847 4434 per
869 4361 1092 4420 intercessionem
1143 4359 1309 4432 redarguant
1321 4359 1464 4428 inereduli,
1479 4359 1588 4418 confido
1602 4361 1632 4418 in
1646 4363 1707 4434 eius
1726 4363 1862 4437 bonitate,
1873 4385 1943 4441 quo-

288 4453 375 4510 saneti
402 4451 535 4510 leonardi
551 4451 579 4507 in
606 4450 720 4507 salutem
750 4450 831 4506 totius
858 4452 955 4523 patrias
981 4451 1092 4510 virtutes
1144 4448 1283 4521 modopro
1298 4447 1499 4506 tuadevotione
1517 4449 1564 4505 tibi
1577 4449 1651 4507 idern
1664 4450 1804 4526 continget
1816 4457 1943 4531 experiri,

289 4543 367 4611 fiant,
384 4542 450 4599 sicut
465 4541 566 4614 ubique
581 4539 608 4596 in
623 4537 750 4596 oratoriis
766 4539 850 4597 sancti
866 4540 999 4598 leonardi
1013 4541 1089 4614 aspi·
1142 4537 1293 4613 praesertim
1308 4553 1371 4593 curn
1385 4537 1532 4594 multorum
1552 4539 1707 4598 testimonio
1735 4544 1943 4616 comprobatum

288 4632 387 4702 cimus,
418 4630 471 4686 nisi
498 4629 675 4686 incredulitas
699 4627 920 4686 omniumobstet
934 4629 1088 4688 virtutibus.
1144 4627 1178 4684 sit
1201 4625 1438 4684 clementissimum
1462 4633 1583 4684 sanctum
1612 4643 1675 4687 conr
1698 4629 1836 4706 desolatis,
1862 4634 1943 4708 quasi

288 4721 484 4778 llaereticorum
497 4717 661 4791 perversitas
682 4717 811 4776 adversus
837 4718 1007 4776 Christianos
1028 4734 1090 4775 ma-
1143 4716 1263 4790 aliquem
1276 4731 1339 4773 oum
1348 4713 1440 4774 amico
1453 4731 1503 4774 suo
1511 4717 1695 4775 sermocinari.

327 4863 366 4934 (tl
382 4863 444 4934 lpsa
458 4869 508 4930 est,
524 4865 554 4916 ut
568 4859 890 4930 coniicirnus.Geruudis
900 4860 1088 4918 liebertimar-
1143 4857 1415 4916 uastariollmnsrvici
1426 4865 1579 4915 aseoraoto
1596 4858 1751 4917 recondidit
1767 4875 1842 4923 anno
1860 4865 1943 4925 cert.

287 4935 392 4992 chionis
421 4932 550 4989 Saroniae
577 4929 648 4997 filiae,
666 4931 760 4987 relicta
785 4931 896 4988 ilenrici
923 4931 1029 4989 comitis
1052 4933 1088 4990 do
1143 4927 1944 5014 stlitiblitpostcurrr'catumduormrrannornm,an

287 5003 447 5073 Nordbeim,
463 5004 542 5060 nobis
557 5001 663 5059 Ottonis
688 5001 765 5058 ltiroa
778 5003 871 5060 uxoris
883 5003 1005 5060 Lotharii
1031 5004 1086 5060 im·
1142 5001 1263 5059 Historia
1270 4998 1637 5084 translatromsaGodelndo
1651 5001 1770 5062 lubmtro
1788 5007 1941 5094 edilalegi-

286 5075 433 5147 paratoris,
462 5083 489 5129 ct
516 5072 658 5130 Gertrndis
672 5073 798 5154 palatine
812 5073 960 5132 comitisse
986 5083 1084 5146 mater,
1139 5080 1194 5143 tur,
1202 5074 1277 5130 olom
1286 5085 1558 5130 unsversoecumssv
1572 5069 1640 5132 ldns
1648 5075 1806 5136 Decembris
1815 5080 1942 5151 [etiarm

288 5163 349 5218 quae
364 5145 459 5202 allatas
473 5145 593 5200 Treviris
607 5143 681 5198 boen
695 5144 812 5199 auctoris
826 5144 964 5216 reliquias,
979 5145 1008 5200 in
1021 5161 1085 5204 mo·
1139 5151 1182 5202 cst
1192 5144 1328 5216 inpresso.

1562 5265 1939 5302 ·''·····-·-·-··-

772 5362 1077 5462 VALRAMI
1127 5363 1453 5459 EPISTOLA

958 5533 1005 5590 tb
1019 5531 1048 5592 S.
1061 5533 1265 5594 mantuan.

292 5631 559 5717 Comparationis
572 5631 728 5697 voristotc
739 5629 1013 5696 ceremoniarum
1027 5630 1251 5778 wambais
1271 5630 1478 5714 mendcium
1493 5634 1587 5701 coria
1608 5655 1632 5704 o
1650 5638 1757 5704 soriis
1773 5637 1939 5706 mucrore·

325 5825 430 5896 (Exstat
443 5823 514 5881 inter
528 5820 618 5894 Opera
646 5819 675 5876 S.
704 5815 834 5890 anselmi,
858 5815 985 5876 tractatui
999 5815 1288 5950 ltlnamsecffiffitornm
1316 5817 1476 5881 diversitate
1500 5821 1653 5896 premissa.
1684 5823 1755 5884 vida
1774 5823 1942 5953 rsuotsps

984 5993 1216 6018 ψ
