4750 6725
413 510 465 563 639
917 511 1074 569 moueat
1092 509 1252 568 HONACHI
1272 510 1557 567 cartrttatatattffls
2014 512 2072 569 ssitl
2139 524 2140 593 ᾗ

414 632 526 700 manus,
542 630 694 705 quicunque
708 633 747 688 ibi
756 634 871 690 erimus.
885 636 947 705 lpse
956 634 1005 691 Dei
1015 634 1146 690 voluntas
1154 648 1208 688 non
1224 634 1250 693 Α
1264 648 1328 687 num
1343 633 1456 689 habere.
1473 633 1573 689 Nullus
1587 633 1660 690 enim
1676 632 1720 689 rel
1735 634 1886 706 imperator
1906 633 2072 693 laudatura
2139 620 2140 627 ἵ

415 719 465 775 en‘t
478 737 493 775 u
508 728 553 777 tua
567 722 685 789 diversa,
696 722 744 777 sed
758 723 828 777 sieut
840 728 869 777 ιιι
894 722 965 793 quod
982 722 1029 777 ille
1051 723 1089 778 ita
1111 731 1138 777 et
1162 721 1208 776 ille
1261 722 1376 789 eunetis,
1393 723 1435 777 rel
1450 722 1575 778 omnibus
1590 723 1651 778 allis
1666 725 1842 795 preponitur.
1874 723 1949 793 Quia
1974 734 2070 780 tamea

415 809 487 864 volet
501 809 528 863 in
543 810 644 866 cunctis
658 812 731 883 quod
746 817 784 866 tu.
801 812 890 881 Caput
903 825 1051 883 namquea
1069 826 1120 867 auo
1143 825 1208 865 cor-
1263 824 1312 864 nec
1325 810 1396 865 ullus
1410 825 1427 865 a
1441 811 1543 867 cunetis
1558 812 1603 867 hic
1622 811 1835 881 blasphematur,
1865 813 1909 868 vel
1924 814 1987 869 aliis
2001 828 2068 869 orn-

414 912 481 967 pore
495 898 631 969 quomodo
645 900 839 971 discreparet‘.l
1263 897 1345 953 nibus
1353 900 1540 969 substernitur,
1551 916 1601 957 nec
1610 900 1722 957 omnino
1737 901 1922 957 inhonoratur.
1939 902 1971 957 ln
1986 902 2068 957 lutu-

696 1016 807 1073 CAPUT
824 1016 922 1072 Lm
1265 1001 1297 1041 ro
1316 995 1417 1057 autem,
1437 996 1487 1043 aut
1516 988 1707 1055 honorabitur,
1735 998 1780 1045 aut
1809 1000 1920 1047 econtra
1953 992 2068 1046 omnino

579 1116 656 1184 Quod
667 1117 844 1190 omaeaJ‘urti
855 1117 930 1172 idem
943 1116 1042 1173 veliet.

450 1211 502 1266 llic
516 1210 629 1267 forsitan
643 1212 735 1267 dices:
765 1211 828 1267 Eial
845 1213 868 1267 si
879 1211 1136 1271 lleuaetomnisille
1146 1212 1210 1270 bea·

1264 1075 1470 1134 inhonorabitur
1493 1076 1535 1135 '’¹.
1562 1078 1614 1147 Qui
1635 1080 1723 1135 honor
1749 1080 1901 1147 eujusmodi
1920 1078 1965 1147 sit,
1986 1080 2068 1136 brari

1265 1164 1316 1219 auh
1329 1166 1456 1237 exemplo
1470 1168 1684 1223 consideremus.

417 1306 505 1355 torum
519 1308 606 1356 ecatus
629 1302 722 1357 volent
750 1302 822 1373 quod
844 1317 897 1373 ego
915 1310 1015 1357 tuncet
1035 1310 1210 1374 augmentum

417 1390 471 1445 mei
486 1389 549 1445 boni
565 1406 671 1446 mecum
687 1390 788 1457 volent,
806 1390 940 1463 quodego
950 1389 998 1445 tihi
1013 1406 1066 1445 non
1079 1390 1212 1446 rellennn

415 1487 519 1548 potero.
534 1480 589 1535 Ero
603 1478 702 1549 itaque,
718 1495 768 1548 pro
782 1479 852 1534 relle
866 1494 936 1548 men,
952 1480 988 1534 de
1010 1479 1157 1548 majoribus
1184 1480 1212 1534 in

415 1568 497 1622 ooelo.
512 1567 581 1623 lluic
595 1576 647 1622 ture
656 1567 833 1623 imbecillitati
844 1568 1010 1639 respondeo.
1023 1567 1092 1636 Quia
1100 1568 1123 1623 si
1131 1569 1213 1625 etlam

416 1654 497 1710 beato
511 1656 589 1711 Petro
603 1655 631 1711 in
641 1656 730 1727 gloria
745 1672 794 1726 per
809 1672 867 1711 esse
882 1655 1010 1722 volueris,
1025 1655 1091 1711 eris.
1108 1655 1138 1711 ln
1152 1657 1213 1728 qin-

416 1744 457 1798 ria
471 1743 533 1799 dico
547 1743 619 1813 quia,
634 1751 663 1799 ut
674 1743 771 1800 Petrus
785 1745 823 1799 sis
835 1744 864 1799 in
877 1760 995 1815 persona
1008 1744 1078 1800 aelle
1092 1760 1146 1801 non
1159 1761 1214 1816 po-

417 1832 495 1888 teris.
515 1833 638 1902 Namque
651 1833 673 1887 si
689 1834 740 1888 hoc
754 1833 847 1900 relies,
863 1835 982 1903 teipsum
997 1832 1065 1887 nibil
1080 1848 1140 1889 esse
1153 1834 1213 1889 vel-

1562 1284 1672 1341 CAPUT
1690 1284 1783 1341 txvt.

1381 1382 1419 1435 lte
1432 1396 1558 1453 paupere
1573 1384 1604 1437 ia
1620 1398 1740 1454 repetam
1756 1382 1889 1455 adoptata
1903 1381 1951 1437 ⁸¹⁸.

1304 1475 1374 1531 Ecce
1390 1476 1424 1529 sit
1432 1484 1494 1532 ante
1507 1476 1600 1532 oculos
1611 1486 1715 1534 nostros
1724 1478 1834 1549 positus
1844 1478 1942 1549 aliquis
1953 1494 2071 1550 pauper,

1267 1564 1343 1619 omni
1356 1564 1453 1619 solatio
1468 1564 1625 1633 destitutus,
1644 1567 1767 1623 ulcerum
1784 1574 1808 1622 et
1824 1567 1940 1622 aliarum
1956 1565 2072 1621 infirmi-

1268 1659 1352 1707 tatum
1368 1652 1490 1709 loeditate
1502 1662 1654 1723 corruptus,
1671 1662 1697 1710 ot
1710 1655 1784 1710 omni
1799 1671 1853 1726 qun
1868 1655 1911 1711 rel
1928 1672 1944 1709 a
1957 1654 2071 1727 frigoris

1268 1742 1413 1812 asperitate
1428 1742 1591 1797 defendatur
1604 1744 1721 1815 tegmine
1737 1744 1834 1799 nudus.
1851 1744 1929 1799 Hune
1939 1744 2071 1817 igiturta-

1270 1828 1334 1898 lem,
1351 1828 1396 1885 tali
1412 1831 1494 1885 modo
1506 1832 1642 1901 jacentem
1658 1840 1684 1887 et
1698 1832 1725 1887 in
1737 1832 1811 1888 nullo
1822 1832 2072 1903 semetjurareva·

419 1919 469 1989 les,
486 1919 557 1991 quod
572 1921 646 1975 velle
655 1921 789 1993 nequibis.
807 1921 860 1977 Sed
870 1938 920 1978 nec
933 1921 960 1976 in
971 1922 1060 1992 gloria
1074 1920 1113 1977 illi
1128 1938 1216 1993 aequa-
1272 1917 1383 1985 lentem,
1399 1919 1422 1973 si
1436 1934 1484 1974 rex
1499 1920 1596 1991 aliquis
1611 1922 1813 1992 potentissimus
1842 1922 1983 1977 transiens
1996 1923 2070 1977 illurn

420 2008 456 2079 ri,
470 2010 492 2064 si
506 2009 610 2064 meritis
622 2010 682 2081 ejus
696 2010 784 2081 impar
796 2010 887 2077 tueris,
918 2010 986 2067 aelle
1013 2009 1125 2082 poteris,
1153 1982 1258 2081 quiaB
1275 2007 1377 2065 rideret
1393 2008 1433 2075 ⁵¹⁴,
1450 2017 1475 2063 et
1489 2010 1629 2065 miseratus
1642 2010 1702 2081 ejus
1730 2010 1867 2066 ulceribus
1894 2012 1999 2067 mederi
2026 2012 2069 2080 ju-

421 2097 627 2169 pulcherrimam
637 2098 709 2154 illins
719 2100 844 2173 eorporis
854 2098 1089 2170 compositionem,
1101 2100 1218 2170 quamin
1272 2096 1360 2166 beret,
1376 2104 1552 2169 curatumque
1564 2098 1620 2153 suia
1639 2100 1779 2172 regalibus
1792 2100 1961 2156 ornamentis
1990 2100 2070 2155 indu-

421 2187 472 2242 hoc
487 2186 664 2257 conspiceres
678 2186 783 2256 violari,
801 2188 861 2258 plus
875 2188 948 2244 omui
964 2188 1111 2244 commodo
1137 2203 1217 2243 anre·
1273 2194 1328 2239 tum
1350 2185 1400 2239 sibi
1421 2186 1580 2256 praesentari
1609 2188 1781 2259 praeciperet,
1814 2196 1840 2244 et
1872 2188 2024 2245 adductum
2045 2190 2070 2243 in

421 2274 475 2330 bis.
495 2276 553 2331 Nec
567 2274 647 2330 etiam
662 2276 688 2331 in
704 2279 823 2333 humano
837 2293 951 2347 corpore
965 2276 1008 2332 rel
1023 2293 1071 2347 pes
1084 2277 1145 2333 loen
1173 2285 1219 2331 aut

420 2363 508 2421 officio
523 2381 619 2420 manus
632 2366 675 2420 rel
691 2381 790 2420 manus
805 2365 883 2436 pedis
897 2366 973 2438 longi
988 2373 1098 2436 exoptat
1113 2373 1175 2431 ·,aut
1188 2380 1220 2421 os

420 2451 463 2507 rel
478 2466 570 2514 nasus,
586 2452 631 2507 ubi
642 2454 714 2509 oculi
728 2463 808 2524 sunt3
824 2464 870 2509 aut
882 2454 955 2510 oculi
968 2454 1015 2509 obi
1029 2469 1075 2517 ns;
1093 2458 1140 2509 aut
1165 2470 1218 2510 na-

420 2557 474 2607 sus,
488 2541 588 2597 relictis
602 2542 712 2597 sedibus
726 2542 791 2611 suis,
809 2542 922 2613 cupiunt
936 2542 1078 2599 transferri
1090 2557 1098 2613 ;
1128 2552 1174 2597 ant
1196 2544 1217 2597 si

423 2630 642 2701 transferrentur,
657 2633 851 2688 convenienter
866 2632 965 2687 ataine
986 2631 1084 2701 injuria
1109 2648 1164 2687 non
1192 2631 1218 2685 id

423 2728 593 2791 paterentur.
611 2720 714 2777 Eodem
730 2721 858 2788 modo,in
873 2720 920 2776 illa
934 2719 1086 2776 admirabili
1109 2728 1136 2775 et
1155 2720 1220 2792 glo·

423 2806 529 2864 iilic-ata
541 2808 729 2879 dispositione,
745 2817 771 2864 et
788 2824 866 2881 aeque
880 2809 1013 2880 disposita
1023 2808 1221 2881 glorificatione

426 2894 514 2950 beatoe
538 2896 655 2953 civitatis
669 2898 718 2952 Dei
730 2897 766 2952 ila
781 2897 897 2969 quisque
911 2896 985 2968 quod
1012 2897 1127 2969 adeptus
1140 2896 1221 2952 luerit

429 2983 530 3038 amabit
545 2992 573 3039 ut
586 2992 682 3039 statum
697 3001 773 3041 suurn
789 2986 888 3057 potiori
903 2986 992 3056 gradu
1007 2985 1146 3041 immutari
1164 3000 1221 3041 ann

424 3070 498 3125 velit.
510 3070 623 3139 Quare‘l
638 3072 709 3141 Quia
722 3073 819 3145 cuique
833 3072 897 3128 satis
912 3074 962 3128 erit
976 3088 1024 3128 soa
1048 3072 1167 3129 felicitas
1195 3082 1222 3131 et

424 3157 632 3225 beatitudo,sibi
644 3160 805 3230 promeritis
819 3161 874 3215 suis
890 3160 1103 3217 misericorditer
1116 3160 1220 3232 imper-

426 3248 486 3301 tita.
506 3248 641 3319 Amplius,
658 3247 680 3303 si
692 3248 923 3321 hi,quijamtune
945 3249 973 3304 in
1001 3248 1085 3320 ipsius
1099 3248 1222 3320 corporis

1274 2273 1357 2328 lilium
1372 2274 1523 2345 adoptaret,
1552 2291 1584 2331 ac
1596 2276 1694 2331 deinde
1721 2277 1882 2349 prmciperet
1896 2285 1925 2332 ιιι
1939 2278 1968 2331 in
1986 2292 2069 2349 regno

1274 2378 1321 2416 suo
1336 2360 1407 2416 filius
1422 2380 1487 2417 suns
1501 2378 1517 2417 a
1531 2364 1634 2419 cunetis
1648 2364 1804 2433 haberetur,
1830 2372 1912 2436 atque
1942 2366 1969 2420 in
1997 2367 2069 2421 nullo

1274 2450 1345 2522 quod
1361 2450 1507 2519 imperaret
1521 2467 1537 2505 a
1552 2468 1688 2523 quoquam
1717 2454 1960 2519 contradiceretur,
1982 2456 2070 2510 haere-

1274 2538 1336 2593 darn
1350 2554 1427 2593 suurn
1443 2538 1545 2612 filiique
1555 2539 1881 2611 suipropriicohaeredern
1893 2544 2071 2599 constitueret

1275 2635 1299 2681 ct
1315 2640 1377 2681 earn
1393 2642 1440 2682 suo
1456 2629 1565 2684 nomine
1580 2634 1671 2684 vocari
1686 2630 1990 2693 vellet,nnnnediceres
2002 2632 2072 2685 hune

1274 2714 1420 2787 magnilica
1433 2723 1460 2770 at
1474 2716 1612 2788 inopinate
1628 2718 1815 2775 bonoratum‘l
1838 2720 1873 2774 Et
1897 2726 1973 2775 certe
2001 2720 2072 2775 Deus

1275 2802 1533 2859 nobishaecomnia
1559 2805 1648 2862 faciet.
1676 2807 1737 2861 Nati
1765 2806 1838 2862 crim
1867 2807 1902 2862 de
1930 2807 2071 2879 putredine

1275 2892 1365 2947 carnis
1379 2892 1517 2962 replemur
1527 2894 1617 2949 multis
1628 2894 1744 2950 miseriis
1758 2894 1828 2963 (iod.
1845 2896 1916 2966 ιιι),
1932 2898 1961 2950 in
1976 2896 2071 2966 quibus

1274 2980 1393 3035 miseriis
1406 2982 1576 3050 constitutos,
1594 2989 1620 3038 et
1635 2984 1707 3039 onrni
1731 2984 1828 3039 solatio
1842 2984 1995 3053 destitutos,
2011 3001 2068 3041 onr-

1274 3069 1403 3141 niumque
1417 3068 1601 3125 infirmitatum
1617 3071 1793 3141 passionibus
1807 3072 1953 3141 obnoxios,
1966 3088 2068 3145 acpec-

1275 3165 1396 3213 catorum
1419 3167 1443 3213 et
1472 3158 1704 3230 corruptibilitatis
1731 3161 1868 3216 ulceribus
1891 3161 1989 3233 plenos
2015 3161 2068 3217 sala

1276 3244 1457 3301 misericordia
1488 3246 1582 3303 duetus
1618 3248 1734 3318 accipiet
1770 3256 1796 3304 et
1825 3249 1931 3305 curabit
1958 3266 2017 3317 nos,
2044 3257 2068 3304 ct

422 3336 524 3391 unitate
538 3335 617 3393 locati
633 3337 741 3405 luerint,
756 3338 864 3410 majora
878 3350 960 3411 quarn
975 3338 1028 3394 sint
1042 3337 1133 3409 adepti
1148 3337 1222 3394 desi·
1237 3338 1262 3404 c
1276 3335 1382 3390 sanitati
1397 3334 1534 3391 restitutos
1562 3336 1727 3392 ornamentis
1756 3337 1884 3409 perfecte
1907 3338 2018 3409 justitie
2045 3346 2069 3394 et

425 3425 560 3493 derarent,
577 3441 611 3482 eo
621 3427 681 3498 ipso
690 3426 779 3483 miseri
790 3435 892 3495 essent,
904 3427 976 3501 qnod
991 3428 1112 3483 nondum
1130 3427 1218 3482 habe·
1273 3425 1537 3494 incormptibilitatis
1551 3425 1658 3480 ornabit
1671 3424 1855 3497 adductosque
1875 3429 1903 3482 in
1927 3427 1996 3484 lilios
2010 3443 2069 3484 snos

424 3518 487 3569 rent
501 3513 531 3543 ‘¹¹
545 3515 618 3586 quod
628 3516 740 3572 vellent.
750 3517 781 3571 ln
792 3532 846 3587 quo
861 3516 931 3573 enirn
947 3516 1042 3582 alicui,
1054 3515 1128 3587 quod
1145 3515 1220 3588 cupit
1273 3511 1484 3582 albiadoptabit,
1496 3514 1575 3586 regni
1589 3513 1628 3568 sni
1640 3513 1887 3571 consortescffieiet
1898 3524 1924 3572 et
1939 3517 2067 3582 heredes,

426 3601 512 3671 deest,
525 3604 554 3658 in
570 3619 603 3660 eo
616 3605 698 3660 miser
711 3605 744 3661 sit
760 3620 870 3661 necesse
893 3608 949 3660 est.
971 3605 1025 3661 Sed
1037 3604 1109 3660 absit
1122 3605 1157 3660 ab
1172 3602 1221 3660 illo
1274 3601 1396 3673 Filioque
1411 3616 1462 3658 auo
1480 3601 1630 3675 unigenito,
1646 3601 1696 3657 sibi
1724 3617 1775 3673 per
1801 3605 1895 3660 omnia
1923 3605 2020 3676 aequali
2045 3611 2069 3660 et

423 3707 509 3764 reqno
524 3693 748 3749 omnismiseriat
763 3695 858 3750 aderit
877 3694 970 3766 itaque
988 3693 1117 3766 omnibus
1130 3693 1221 3749 omnia
1274 3690 1500 3761 coomnipotenti,
1516 3691 1725 3764 concorporales
1739 3699 1836 3748 statuet
1849 3700 1878 3748 et
1903 3694 2066 3760 coheredes,

423 3779 596 3847 srrffieientia,
613 3797 693 3851 quarn
708 3781 831 3851 perlieiet
845 3781 875 3836 iu
897 3781 1011 3854 singulis
1034 3781 1174 3837 unanimis
1195 3788 1222 3837 et
1275 3779 1402 3850 omnique
1417 3787 1546 3836 occaturae
1558 3779 1665 3848 jubebit
1680 3780 1749 3834 utin
1764 3781 1837 3836 cinni
1860 3783 1936 3853 quod
1950 3783 2067 3838 volemus

423 3867 679 3938 plenaconcordia.
698 3869 762 3924 llali
776 3883 840 3925 nero
854 3869 881 3923 in
897 3869 1032 3925 discordia
1047 3877 1120 3925 tanta
1132 3869 1220 3940 persi-
1275 3867 1354 3924 nobis
1381 3867 1499 3934 obediat,
1528 3877 1690 3940 vocatosque
1717 3885 1766 3924 nos
1793 3869 1902 3926 nomine
1931 3886 1982 3926 sun
2004 3871 2066 3927 deos

424 3962 495 4008 stent
508 3962 537 4010 ut
550 3970 643 4012 eorum
659 3970 756 4026 carpus
770 3964 798 4012 et
812 3957 903 4011 anima
922 3972 1030 4028 semper
1057 3957 1217 4014 dissideant.
1276 3955 1369 4013 saciet.
1386 3958 1449 4026 lpse
1462 3955 1533 4011 enirn
1549 3955 1776 4028 dicitquodixi:
1794 3957 1839 4014 litt
1856 3959 1937 4029 erlis,
1961 3963 1990 4014 et
2017 3959 2066 4027 tilii

424 4043 494 4096 Nam
506 4049 533 4097 et
546 4058 643 4114 eorpus
656 4044 775 4098 animam
790 4045 855 4101 odio
869 4043 990 4114 habebit,
1006 4061 1038 4101 eo
1052 4047 1127 4118 quod
1149 4046 1222 4103 male
1276 4045 1492 4102 Excalriamees
1502 4044 2068 4118 (Prehendi).Sedipaelleusdeilieans

426 4145 545 4200 unquam
561 4130 731 4202 cogitaverit,
746 4136 774 4187 et
788 4133 880 4188 anima
894 4133 1122 4205 corpnseoquod
1150 4137 1222 4192 male
1276 4139 1365 4199 est,tu
1382 4147 1449 4188 vero
1464 4130 1687 4187 deusdeifieatus
1712 4135 1747 4187 At
1775 4134 1887 4188 tortasse
1915 4134 1980 4189 ais:
2007 4134 2068 4190 ileo

423 4218 541 4290 cogitata
565 4235 647 4289 opere
671 4220 858 4292 compleverit,
887 4236 937 4290 pro
965 4220 1065 4292 quibus
1095 4223 1221 4279 omnibus
1274 4220 1345 4276 ratio
1372 4226 1416 4274 tua
1444 4219 1471 4274 in
1501 4219 1556 4274 illis
1581 4219 1689 4290 quidem
1720 4221 1827 4294 magnis
1855 4221 1996 4293 apostolis,
2023 4239 2068 4278 scu

421 4307 623 4379 torquebuntur
636 4308 664 4363 in
677 4307 709 4337 ⁸¹·
724 4309 823 4381 pranis.
1276 4307 1448 4380 martyribus,
1463 4315 1554 4378 potest
1566 4307 1682 4363 existere
1697 4317 1763 4378 rata,
1780 4309 1808 4364 in
1824 4325 1867 4366 me
1892 4317 1983 4366 autern
2013 4311 2067 4384 (qui

712 4406 823 4462 CAPUT
843 4406 923 4461 va,
1275 4397 1380 4452 utinam
1394 4397 1466 4452 inter
1480 4396 1542 4452 illos
1558 4396 1602 4452 vel
1615 4397 1741 4452 minimus
1770 4413 1830 4454 esse
1856 4402 1990 4468 merearl)
2020 4415 2070 4456 non

633 4506 671 4562 lle
686 4506 792 4563 horrore
814 4508 842 4562 ct
856 4505 1002 4564 dedecore.

456 4602 606 4659 Undecima
618 4617 682 4673 pars
695 4603 878 4671 beatitudinis,
899 4606 987 4660 honor
1016 4605 1133 4670 dicitur;
1165 4607 1220 4664 mi·

421 4690 501 4745 seriae
525 4707 601 4758 vero,
622 4691 747 4748 dedecus.
772 4691 904 4748 lionorari
930 4694 1009 4749 hamo
1033 4695 1068 4749 ab
1095 4697 1220 4753 omnibus

423 4779 526 4849 appetit
535 4777 575 4844 ⁸¹⁹,
591 4787 638 4835 aut
651 4795 746 4836 eorum
758 4780 859 4847 verbis,
875 4788 922 4836 aut
934 4782 1021 4837 laetis.
1035 4783 1133 4839 Verbis
1156 4785 1220 4857 qui-

424 4867 497 4936 dem,
531 4875 561 4922 ut
575 4883 636 4923 eum
652 4868 832 4925 collaudent?
848 4868 925 4925 laetis
939 4878 1039 4939 autem,
1054 4879 1083 4927 ut
1094 4872 1146 4928 sibi
1159 4890 1222 4930 euna

1276 4485 1400 4558 intelligo
1430 4499 1550 4557 quonam
1578 4489 1658 4554 paeto
1687 4493 1812 4541 constare
1839 4495 1931 4556 queat.
1952 4488 1994 4544 hd
2022 4490 2070 4544 hoc

1275 4575 1394 4643 intende,
1411 4579 1549 4644 quaeso,et
1564 4571 1690 4646 intellige
1705 4575 1881 4644 quianullum
1890 4574 2027 4647 justorum
2039 4577 2070 4632 ab

1234 4689 1261 4752 D
1276 4663 1329 4719 ista
1341 4663 1439 4719 deitate
1447 4660 1565 4730 excepit,
1580 4661 1780 4730 Deus,ubiait:
1797 4664 1843 4719 nit
1865 4667 1946 4732 eriis,
1975 4669 2004 4724 et
2019 4665 2072 4736 filii

1276 4753 1504 4810 Eecelriomrres.

1555 4849 1669 4907 CAPUT
1687 4849 1794 4906 Lllvtl.

1398 4947 1566 5006 Similitudo
1583 4947 1756 5004 interlleam
1771 4951 1799 5004 et
1807 4946 1902 5018 ipaem
1916 4945 1958 5002 ⁸¹¹.

423 4964 593 5028 praeponant.
610 4957 675 5026 Sed,
690 4974 751 5013 curn
767 4959 899 5014 honorem
927 4959 1082 5029 hujusmodi
1106 4963 1220 5033 appetit,

424 5043 529 5098 taleest
543 5044 691 5101 aesinnus
705 5046 806 5102 vermis
828 5044 859 5075 ⁸¹¹
883 5053 986 5119 quaerat
1011 5048 1047 5103 ab
1071 5048 1131 5105 aliis
1158 5051 1221 5106 lau·
1313 5049 1413 5104 l'erum
1428 5054 1458 5101 ut
1481 5044 1550 5101 dieta
1573 5042 1672 5099 melius
1696 5043 1829 5110 eluceant,
1850 5043 1994 5100 considera
2025 5045 2072 5100 sub

424 5129 485 5185 dari
499 5131 591 5204 eisque
607 5132 634 5187 in
648 5135 783 5206 regimine
797 5135 1020 5206 preparatione
1032 5146 1123 5194 tamen
1137 5140 1222 5198 hono
1276 5135 1406 5209 exemplo
1418 5143 1542 5190 naturam
1553 5131 1625 5204 ignis
1639 5139 1666 5188 et
1680 5135 1804 5187 naturam
1817 5147 1906 5188 renim
1916 5134 2072 5205 ignitarum,

426 5233 496 5287 rem,
506 5219 567 5276 lieet
577 5219 668 5276 nullus
682 5221 715 5277 sit
729 5238 809 5294 pene,
826 5239 908 5280 nemo
922 5233 1012 5296 potest
1038 5227 1083 5282 hie
1110 5227 1145 5283 ad
1159 5229 1222 5300 ple·
1277 5228 1298 5284 si
1312 5227 1380 5282 terte
1394 5223 1432 5279 ibi
1447 5223 1618 5294 aliquatenus
1633 5235 1719 5294 queas
1734 5219 1878 5293 imaginun·
1906 5221 2024 5292 qualiter
2038 5221 2074 5275 illi

1074 5395 1188 5452 VARIAE
1206 5394 1411 5454 LECTIONES.

429 5577 434 5588 Ι
463 5503 493 5534 ⁸¹⁸
508 5505 586 5574 Quod
597 5506 716 5587 nondum
731 5508 861 5566 haberent
875 5528 928 5568 ma.
951 5513 1022 5569 Vici.
1039 5517 1068 5570 et
1081 5516 1154 5572 Edit.
1167 5513 1870 5588 coequomnnnmtrancren1.⁸¹·torquenturinmr.
1881 5519 2074 5588 torquebuntur

427 5593 464 5632 ru.
480 5575 704 5632 mahomethus
719 5582 886 5651 appetitmr.
903 5587 935 5640 Α.
965 5586 1029 5639 lah
1043 5585 1201 5643 homiuibus
1216 5591 1326 5659 appetit.
1343 5585 1373 5615 ⁸¹¹
1389 5587 1462 5643 Unus
1478 5584 1577 5640 vermis
1603 5587 1704 5642 orm.
1727 5590 1739 5640 l
1765 5591 1792 5642 el
1824 5589 1900 5644 Edit.
1932 5589 1986 5645 Col.
2018 5605 2073 5643 mus

427 5665 506 5703 unus.
522 5645 555 5675 '”
569 5649 777 5704 lntronorabitur
789 5669 843 5708 rna.
857 5655 927 5710 l'ict.
949 5659 977 5710 et
988 5657 1063 5712 Edit.
1095 5658 1190 5717 Calon.
1215 5657 1445 5714 Exhonorabitur.
1474 5655 1504 5685 ⁸¹⁸
1532 5658 1572 5711 De
1600 5672 1719 5728 paupere
1744 5657 1770 5711 in
1800 5659 1923 5731 Regnum
1951 5660 2073 5731 adoptata

426 5721 552 5799 maliet.
563 5724 592 5775 et
606 5720 682 5777 Edit.
695 5722 751 5778 Coi.
767 5723 808 5778 De
817 5738 936 5795 paupere
950 5726 977 5780 in
993 5742 1086 5798 regern
1101 5729 1154 5784 ado
1176 5737 1245 5787 tato.
1262 5727 1293 5758 ¹¹⁴
1308 5729 1386 5785 Illum
1402 5727 1505 5784 videret
1532 5744 1585 5784 mc.
1606 5729 1672 5782 liet.
1698 5731 1726 5782 et
1753 5729 1825 5786 Edit.
1852 5731 1949 5787 Coton.
1983 5731 2070 5790 omitt.

428 5789 512 5846 illum.
530 5788 560 5819 ”⁸
575 5791 730 5848 Similitudo
743 5793 817 5850 inter
830 5794 916 5851 Deum
932 5796 1063 5870 etignem
1077 5816 1131 5856 mr.
1164 5801 1215 5859 iet.
1235 5807 1263 5859 et
1277 5800 1353 5859 lidii.
1373 5799 1435 5858 Get.
1451 5797 1625 5856 similitudine
1639 5798 1709 5856 inter
1723 5797 1816 5872 iqnem
1832 5809 1859 5858 et
1873 5801 2026 5874 oetatem.;
