4750 6725
342 600 376 656 ιι
632 562 647 572 ”
711 558 715 562 ’
1042 541 1204 640 iiiiii,
1220 562 1396 627 erisnxi.
1961 566 1995 624 ῃ

342 720 501 781 Belracensi
517 716 650 781 Fuscum,
667 706 750 767 irater
771 706 933 760 duarenus
950 718 957 756 :
973 707 1077 757 aeterna
1097 696 1148 753 Dei
1162 704 1189 765 Α
1204 695 1319 751 bitanier
1333 692 1428 748 didicit
1437 684 1467 747 'et
1480 690 1593 748 credidit
1607 690 1642 747 de
1655 690 1796 747 saecularis
1810 690 1921 747 honoris
1936 696 1997 747 am-

342 810 517 886 protectione
531 815 558 861 et
572 800 758 861 consolatione
768 794 898 869 gaudere.

379 901 453 966 Scio,
467 895 504 953 mi
518 893 605 953 dulcis
618 889 714 955 amice,
730 892 859 958 quantum
878 878 988 937 dilectio
1002 884 1093 932 restra
1108 875 1142 929 da

342 990 417 1047 illius
431 992 525 1059 iguem
540 997 622 1053 super
634 992 730 1036 omnes
752 972 876 1029 homines
894 967 984 1041 diligit
997 962 1029 1037 ⁸⁴)
1051 964 1143 1035 iuspe-

343 1086 405 1137 rata
417 1072 556 1146 corporali
566 1067 716 1125 omissione
740 1061 954 1126 constritaretur,
970 1054 1021 1111 cisi
1045 1070 1075 1109 se
1098 1068 1146 1107 sa-

343 1169 453 1243 pienter
465 1162 566 1219 diviua
578 1151 764 1229 dispositionis
778 1146 997 1207 consideratione
1012 1140 1145 1201 consola·

345 1263 437 1315 retur.
455 1253 533 1311 Sicut
547 1248 618 1305 euim
633 1246 661 1301 in
675 1241 807 1302 cordibus
821 1236 994 1309 diligentium
1004 1247 1066 1289 esse
1077 1229 1147 1285 inri-

346 1362 407 1405 oem
422 1340 442 1369 ⁸⁸
456 1358 520 1413 spes
542 1347 569 1395 et
595 1331 785 1409 opportunites
808 1322 970 1385 confruendi
999 1338 1029 1377 se
1057 1317 1144 1374 nutrit

345 1432 494 1509 quamdam
508 1423 697 1486 delectabilem
712 1416 896 1480 dulcedinem,
910 1412 947 1469 ita
967 1408 1093 1481 ejusdem
1109 1404 1148 1462 rei

347 1520 505 1595 desperatio
519 1514 619 1588 ingerit
631 1509 777 1568 molestam
792 1502 1015 1561 amaritudinem.
1037 1497 1079 1555 De
1095 1511 1150 1569 qua

348 1629 382 1671 re
396 1617 489 1668 sesua
502 1602 524 1631 '⁸
538 1600 683 1660 Pmdeutia
696 1611 786 1653 ineam
797 1599 887 1666 potest
898 1603 1066 1661 cognoscere
1079 1600 1150 1642 coii-

352 1698 506 1758 scientiam.
521 1694 566 1751 Sic
581 1688 656 1747 enim
668 1688 911 1757 cognoscerestrae
921 1674 1074 1733 dilectionis
1085 1687 1152 1744 erga

354 1806 401 1847 me
415 1784 610 1846 sinceritatem,
625 1781 655 1833 iit
677 1788 769 1831 certus
792 1769 845 1826 sim
868 1783 917 1825 rus
940 1779 995 1821 uon
1019 1763 1150 1835 ignorare

355 1893 427 1936 meoe
447 1869 602 1931 dileccionis
622 1879 691 1939 erga
712 1876 761 1918 ros
784 1866 811 1915 et
831 1872 899 1929 erga
920 1854 984 1910 illos
1008 1849 1039 1918 ⁸⁷,
1054 1849 1155 1921 quibus

356 1970 431 2027 illam
446 1958 637 2024 ostendebam,
651 1961 677 2011 et
692 1950 812 2007 maxime
826 1961 895 2018 erga
919 1940 1067 1999 monachos
1091 1938 1156 1993 Beo-

356 2071 453 2119 ceuses
466 2052 497 2119 ¹⁸,
512 2047 663 2105 veritatem.
677 2040 747 2097 Nam
762 2034 902 2092 nullussic
911 2030 1054 2106 cognoscit
1066 2024 1155 2082 anirni
1170 2064 1197 2125 Β

357 2147 415 2205 reri
427 2136 633 2201 conscientiam,
648 2130 715 2187 sicut
729 2128 774 2183 ille
790 2124 837 2199 qui
852 2137 942 2178 cerain
963 2117 1036 2189 gerit
1058 2114 1155 2171 amici-

358 2238 436 2294 tiam.
451 2226 633 2288 Considerate
645 2234 711 2293 ergo
727 2232 787 2289 quae
802 2212 885 2285 possit
899 2208 995 2267 esseio
1005 2206 1087 2263 corde
1096 2218 1156 2259 meo

356 2329 469 2397 integra
476 2316 667 2385 laetiiia,quem
678 2305 873 2363 totamicorum
887 2316 931 2355 mc
942 2294 1157 2353 desiderantium

356 2424 385 2472 et
417 2428 434 2468 a
462 2424 507 2465 me
540 2401 754 2460 desideratoirim
778 2391 922 2449 contristat
947 2381 1160 2457 irreparabiliter

359 2500 469 2577 perdita
481 2498 513 2552 ic
525 2496 579 2551 liae
593 2490 649 2547 rite
668 2482 820 2561 praesentia.
848 2475 1040 2547 Unusquisque
1064 2485 1159 2529 eoruin

361 2588 465 2650 domei
485 2584 572 2642 solius
594 2576 743 2636 emissione
766 2567 899 2642 corporali
921 2566 1006 2629 dolet,
1021 2570 1048 2617 et
1071 2562 1161 2617 anima

361 2696 423 2739 mea
438 2678 475 2733 de
494 2670 633 2735 omnibus,
648 2664 714 2735 quia
733 2660 769 2717 ab
793 2673 887 2715 eorum
910 2650 1055 2725 praeseutia
1077 2648 1162 2703 inrita

363 2775 417 2827 taur
432 2766 573 2836 inopinate
587 2754 728 2816 scinditur,
743 2748 829 2805 dolet.
844 2746 917 2801 Nam
931 2742 982 2797 etsi
997 2735 1162 2806 majormul-

364 2856 450 2915 titudo
477 2848 596 2907 similem
618 2837 808 2899 exhibentium
824 2833 998 2889 dilectionem
1013 2827 1040 2881 in
1067 2822 1162 2897 duglia

366 2961 411 3002 me
425 2941 549 2999 rideatur
562 2931 712 2995 laetibcare,
728 2924 879 2981 nullatenus
899 2927 989 2975 lamen
1005 2922 1060 2970 tam
1081 2912 1164 2983 longo

367 3045 490 3103 tempere
505 3025 651 3082 radicatam
664 3026 691 3075 et
705 3015 832 3071 nutritam
848 3009 967 3081 priorem
989 3002 1165 3060 dilectionem

368 3123 403 3179 da
417 3119 503 3178 corde
517 3128 580 3171 meo
600 3109 673 3166 ialet
696 3102 846 3161 eradicare.
861 3099 936 3153 Vera
957 3095 1030 3149 enim
1051 3090 1167 3147 charitas

368 3228 423 3268 non
446 3205 537 3279 diligit
553 3202 643 3257 minus
663 3196 767 3269 priores
788 3188 893 3245 amicos
919 3182 1044 3249 interius,
1061 3176 1167 3235 etiarnsi

368 3299 488 3359 exterius
502 3292 602 3367 pariter
618 3291 733 3359 nequeat
749 3278 872 3353 operari,
886 3291 945 3333 cuin
961 3272 997 3329 ad
1011 3273 1103 3343 plures
1116 3282 1167 3323 ex-

1195 784 1299 840 bitione
1323 780 1525 837 conscientiam.
1548 778 1636 849 Quam
1660 786 1716 835 toto
1743 778 1836 835 verius
1859 782 1996 853 cognori-

1196 872 1254 943 stis,
1269 878 1370 941 quanto
1393 869 1514 925 securius
1539 885 1588 925 ros
1610 874 1636 925 el
1663 876 1745 924 lotam
1769 869 1850 925 itinin
1876 877 1997 926 rcalrciti

1198 962 1290 1018 sensui
1306 974 1366 1014 mco
1378 956 1537 1029 judicioque
1560 974 1622 1013 meo
1646 957 1833 1013 commisistis.
1849 947 1902 1013 sed
1926 955 1999 1030 apud

1199 1066 1246 1107 eos
1261 1063 1428 1116 mesanum,
1445 1046 1602 1120 quicunque
1614 1048 1684 1104 lianc
1699 1046 1795 1103 lecturi
1809 1050 1873 1103 sunl
1900 1048 2001 1118 episto-

1199 1140 1264 1205 lain,
1280 1146 1309 1192 ut
1323 1137 1407 1191 sciant
1424 1135 1487 1206 quid
1502 1136 1566 1189 mihi
1587 1134 1660 1191 dicat
1680 1135 1847 1192 conscientia
1867 1150 1930 1192 mea
1950 1152 2000 1193 co·

1200 1244 1260 1283 ram
1288 1227 1363 1294 Deo;
1393 1233 1419 1281 et
1446 1224 1508 1279 aliis
1536 1224 1739 1296 ignorantibus,
1761 1239 1823 1281 cuia
1849 1240 1919 1295 opus
1939 1225 1998 1291 erit,

1202 1315 1387 1388 respondeant
1402 1328 1449 1385 pro
1465 1329 1519 1380 me,
1534 1312 1556 1369 si
1569 1328 1622 1369 non
1637 1321 1749 1385 propter
1764 1328 1817 1383 nie,
1833 1313 1877 1368 vel
1891 1322 2003 1384 propter

1202 1406 1300 1461 Deum.
1317 1404 1427 1459 Multum
1443 1402 1516 1459 euiin
1531 1412 1609 1459 nocet
1626 1400 1740 1457 infirmia
1755 1401 1783 1455 in
1806 1401 1929 1458 Ecclesia
1952 1402 2003 1459 liei

1204 1494 1295 1567 opinio
1309 1492 1421 1561 alicujus
1438 1491 1506 1558 vitii,
1522 1492 1582 1547 sire
1597 1506 1672 1558 rere,
1689 1490 1746 1545 sive
1761 1490 1830 1545 ialsa
1848 1490 1893 1556 sit,
1909 1490 1944 1548 da
1955 1490 2004 1547 ali·

1205 1598 1258 1655 quo
1272 1581 1405 1651 homine3
1423 1589 1450 1635 et
1466 1580 1586 1635 maxime
1601 1579 1634 1633 de
1649 1593 1682 1633 eo
1697 1580 1744 1648 qui
1759 1578 1798 1634 sic
1813 1587 1855 1633 est
1869 1579 1897 1634 in
1913 1580 2005 1636 Eccle-

1206 1671 1248 1725 sia
1270 1669 1404 1726 calholica
1426 1668 1600 1732 constitutus,
1621 1675 1649 1723 ut
1674 1675 1701 1723 et
1725 1667 1809 1723 verbo
1831 1675 1857 1722 et
1878 1669 2005 1740 exemplo

1207 1760 1271 1816 rita)
1285 1757 1346 1815 aliis
1361 1758 1461 1813 debeat
1475 1766 1500 1812 et
1515 1755 1601 1825 possit
1616 1755 1757 1826 prodesse.
1767 1756 2005 1829 Sciantergoom-

1207 1862 1268 1914 uas,
1282 1848 1351 1903 sicut
1372 1860 1433 1901 mea
1458 1845 1627 1901 conscientia
1648 1844 1715 1899 mihi
1732 1844 1797 1899 dicit
1820 1859 1913 1901 cerain
1935 1844 2004 1913 Deo,

1209 1952 1289 2007 quam
1305 1936 1431 1991 invocare
1454 1941 1548 1989 testem
1569 1932 1707 1989 mendacii
1720 1932 1740 1963 ⁸¹
1755 1932 1832 1988 ucles
1855 1948 1917 1989 essa
1938 1932 2006 2001 acio,

1212 2026 1346 2099 quianon
1361 2040 1406 2079 me
1429 2022 1496 2094 rapit
1515 2029 1560 2077 aut
1583 2021 1677 2094 alligat
1692 2021 1728 2077 ad
1751 2020 2008 2093 arcliiepiscopatcm

1212 2114 1365 2186 deglorurn
1381 2110 1514 2182 cupiditas
1528 2109 1643 2180 alicujus
1667 2110 1720 2180 rei,
1732 2126 1816 2182 quarn
1839 2126 1935 2167 serius
1960 2111 2009 2167 Dei

1211 2208 1382 2272 contemptor
1404 2200 1499 2255 mundi
1521 2207 1694 2256 contemnere
1716 2198 1826 2266 debeat,
1852 2198 1900 2256 sed
1932 2201 2011 2257 timor

1212 2293 1261 2347 Dei
1278 2307 1320 2346 me
1333 2288 1407 2363 cogit
1421 2289 1486 2361 pati,
1502 2296 1530 2343 ut
1544 2288 1668 2360 quaniris
1685 2288 1780 2343 dolens
1802 2295 1830 2343 et
1852 2288 1949 2343 timeus
1973 2288 2009 2344 ab

1214 2379 1337 2436 Ecclesia
1353 2378 1401 2433 Dei
1416 2378 1505 2433 trahar
1517 2370 1554 2438 ⁸¹:
1571 2385 1597 2433 et
1611 2375 1709 2448 quiesi
1724 2376 1790 2430 milii
1806 2376 1899 2432 liceret
1911 2380 1932 2411 ’⁸
1946 2392 2008 2431 ser·

1214 2477 1277 2527 vata
1292 2467 1447 2525 obedientia
1460 2474 1487 2523 et
1501 2465 1639 2529 charitate,
1656 2481 1725 2537 quas
1740 2465 1797 2521 Deo
1811 2465 1898 2521 debeo
1914 2472 1939 2520 et
1953 2464 2012 2522 Ec·

1216 2558 1306 2615 clasiae
1321 2556 1382 2626 ejus
1396 2555 1474 2611 inatri
1489 2570 1557 2611 meae
1567 2564 1679 2625 propter
1693 2568 1765 2620 eum,
1776 2555 1866 2625 potius
1879 2560 1909 2611 et
1919 2552 2012 2610 libeu-

1217 2648 1268 2703 tius
1283 2646 1412 2717 eligerem
1427 2644 1479 2699 sub
1492 2644 1593 2699 abliate
1608 2651 1635 2698 et
1648 2642 1698 2699 sub
1707 2643 1824 2714 regulari
1831 2642 1973 2714 disciplina
1985 2642 2013 2697 iii

1215 2733 1375 2793 monachica
1391 2740 1555 2805 pauperpate
1565 2739 1593 2787 ct
1602 2732 1751 2786 bumilitate
1767 2746 1839 2800 esse,
1851 2740 1877 2786 et
1888 2730 2012 2799 obedire,

1217 2833 1244 2881 et
1258 2824 1372 2892 servire,
1387 2836 1468 2894 quain
1483 2836 1601 2893 regnare
1613 2820 1641 2874 in
1653 2822 1704 2875 hoc
1719 2820 1818 2874 mundo
1838 2816 2013 2887 seculariter,

1218 2922 1264 2969 sul
1279 2912 1424 2977 dominari,
1441 2917 1489 2965 aut
1503 2909 1768 2979 archiepiscopatum
1792 2906 1850 2962 sire
1873 2907 2016 2979 episcopa-

1220 3009 1273 3057 tum
1290 2999 1441 3072 possidere,
1458 2998 1500 3054 rel
1515 2996 1710 3063 abbatam‚aut
1728 2995 1882 3052 horninibus
1900 2996 2016 3067 quibua-

1220 3091 1286 3146 libet
1301 3104 1419 3160 praeesse
1431 3082 1452 3113 ⁸‘
1467 3086 1502 3141 ad
1528 3085 1681 3141 animarum
1703 3084 1942 3156 gubernationem,
1958 3086 2017 3141 sive

1221 3179 1255 3235 ad
1271 3190 1416 3247 corporum
1431 3174 1668 3238 sustentationem,
1683 3173 1711 3227 iu
1727 3188 1827 3245 magnii
1844 3182 1977 3229 terrarum
1991 3180 2019 3230 et

1222 3282 1312 3324 rerum
1328 3273 1498 3321 terrenarum
1522 3262 1696 3335 possessione
1718 3267 1746 3317 at
1765 3261 1920 3332 opulentio.
1938 3261 2018 3331 Quod

368 3388 509 3451 leuditur;
524 3369 849 3445 sicutcecaprioribus,
863 3365 886 3421 si
910 3363 970 3419 reri
993 3358 1075 3417 amici
1094 3363 1166 3426 sunt,
1223 3373 1277 3430 ego
1304 3354 1364 3426 ipsc
1391 3369 1446 3410 non
1471 3352 1573 3425 imputo
1600 3350 1666 3406 milii
1691 3356 1791 3406 lantoni
1817 3351 1853 3406 ad
1880 3351 2027 3422 vinulentis

368 3479 461 3534 minus
474 3487 530 3528 uon
545 3470 622 3524 timet
633 3462 721 3534 diligi,
737 3474 831 3516 cuma
849 3453 974 3528 pluribus
990 3448 1121 3520 diligitur.
1135 3445 1169 3500 El
1223 3453 1351 3519 quantum
1373 3443 1409 3498 ad
1429 3443 1492 3509 lioc,
1507 3441 1572 3513 quia
1593 3441 1676 3496 talarn
1699 3456 1744 3495 nie
1768 3441 1826 3496 scio
1851 3449 1907 3496 tam
1927 3457 2021 3511 purum

369 3566 481 3640 guidem
497 3560 523 3615 si
535 3573 590 3631 qua
604 3553 672 3610 milii
685 3547 835 3607 consolatio
850 3552 892 3600 est
904 3536 1084 3596 multitudinis
1098 3533 1170 3590 ami·
1223 3535 1327 3600 utilern,
1357 3547 1451 3604 perum
1481 3529 1590 3597 lortem,
1619 3545 1714 3600 parurn
1747 3537 1897 3600 strenuum,
1925 3544 2021 3600 parum

370 3668 466 3714 corum
480 3644 657 3722 praesentium
672 3638 707 3697 ad
720 3649 852 3710 angorem
867 3645 948 3704 quem
962 3641 1032 3700 gero
1045 3626 1080 3680 de
1094 3622 1171 3694 prio·
1226 3625 1510 3699 pmd0n10m‚pgmm
1523 3619 1638 3688 jugum,
1654 3627 1682 3674 ug
1698 3619 1787 3690 ponus
1811 3619 1878 3674 mihi
1891 3626 2024 3691 congrum

371 3759 435 3801 rum
455 3735 591 3801 absentia,
606 3730 676 3787 illud
700 3727 796 3797 atique
818 3719 926 3778 efficere
946 3714 1050 3786 nequit,
1065 3720 1095 3769 ut
1117 3726 1181 3766 nou.
1226 3722 1255 3770 et
1276 3711 1404 3784 expediat
1426 3709 1528 3780 eligere
1546 3707 1659 3764 subesse
1679 3705 1701 3736 ¹⁸
1723 3707 1844 3778 praelato,
1861 3723 1943 3777 quam
1962 3707 2025 3763 aliis

372 3829 521 3890 contrister
535 3827 569 3880 dc
584 3822 689 3878 illorum
705 3814 751 3887 qui
766 3819 868 3885 quanto
882 3822 927 3863 me
940 3805 1031 3878 magis
1045 3801 1171 3872 diliguat,
1227 3815 1355 3874 praeesse,
1381 3798 1491 3854 obedire
1519 3810 1600 3868 quain
1628 3795 1789 3866 praecipere,
1813 3795 1916 3852 servire
1943 3810 2025 3868 quani

376 3924 452 3978 tauto
463 3914 554 3988 magis
567 3908 762 3968 constritantur
776 3896 950 3957 deabsentia
972 3891 1065 3949 dilecti
1088 3896 1116 3945 et
1136 3887 1175 3942 di·
1228 3888 1371 3954 dominari,
1386 3886 1539 3942 ministrare
1560 3899 1641 3954 quarn
1662 3883 1938 3956 ministrari..Cogoi·
1965 3885 2025 3941 hun

377 4005 492 4068 lectoris
504 3998 525 4030 '⁹
552 3999 595 4056 sui
622 3992 743 4052 tristitia.
762 3990 886 4046 Delectat
913 4000 967 4053 me,
982 3997 1044 4038 cum
1058 3976 1079 4006 ⁸⁶
1102 3975 1176 4032 dulci
1229 3980 1264 4036 de
1279 3994 1323 4034 me
1337 3975 1477 4043 contigan
1493 3973 1541 4030 ,gd
1558 3973 1630 4028 ,mlo
1645 3974 1704 4028 Μ
1717 3973 1746 4026 in
1763 3971 1939 4043 ,hupham
1954 3989 2025 4042 mm,

379 4097 468 4154 amico
482 4106 545 4148 meo
563 4085 655 4144 scribo
674 4083 710 4140 de
736 4077 877 4136 charitatis
903 4070 1071 4136 sinceritate,
1086 4071 1115 4124 et
1142 4065 1176 4121 de
1230 4077 1257 4124 ui
1274 4075 1348 4139 putu,
1365 4065 1423 4120 siue
1438 4062 1512 4120 ouini
1530 4062 1686 4133 duplicitate
1709 4060 1745 4116 de
1766 4075 1811 4116 mc
1829 4061 2029 4131 dicera,i1uam

378 4187 437 4256 ejus
451 4178 575 4239 efficacia
589 4176 637 4230 diu
654 4180 792 4234 tractare,
809 4163 1002 4236 sedquoniam
1023 4153 1178 4230 epistolaris
1232 4160 1286 4233 peti
1300 4166 1329 4212 iit
1342 4155 1388 4211 alii
1410 4153 1535 4209 homines
1557 4161 1670 4224 per-cent
1691 4152 1720 4207 iii
1736 4169 1789 4221 me,
1806 4158 1852 4207 aut
1875 4160 1904 4207 ui
1926 4151 2028 4206 malum

377 4273 503 4332 meiius
515 4270 568 4326 hcc
581 4280 637 4320 ιιι
651 4262 761 4334 patitur,
775 4271 840 4333 cum
856 4261 883 4309 et
896 4251 971 4308 aliud
981 4247 1062 4304 celim
1075 4247 1176 4310 dicere,
1232 4245 1386 4317 exemptum
1402 4252 1510 4298 ,umam
1524 4257 1575 4311 pp,
1589 4239 1770 4313 mmmmm
1784 4238 1806 4268 u
1819 4255 1896 4295 mm
1911 4247 1938 4295 e,
1952 4255 2031 4296 erm·

379 4375 494 4420 iaccease
508 4365 549 4414 est
570 4368 615 4410 me
632 4352 688 4421 iam
707 4345 851 4404 materian
872 4348 991 4396 mutare.
1007 4334 1136 4404 Quiilam,
1150 4338 1180 4386 iit
1234 4353 1292 4394 inin
1308 4349 1385 4390 suurn
1400 4333 1435 4388 de
1455 4345 1510 4386 me.
1526 4329 1578 4398 Qui
1599 4329 1666 4384 milii
1690 4331 1747 4385 liaec
1770 4329 1804 4384 de
1828 4345 1873 4385 me
1894 4327 2033 4385 confitenti

379 4450 472 4510 audiri
498 4445 670 4518 suspicantur
697 4451 741 4493 nie
768 4432 1019 4502 archiepiscopatus
1045 4419 1180 4491 concupi·
1234 4425 1320 4484 credi,
1334 4423 1465 4490 incestu,
1480 4420 1515 4474 sit
1529 4417 1593 4490 qui,
1615 4419 1669 4475 1300
1691 4417 1826 4474 credendo
1849 4433 1902 4474 non
1924 4417 2033 4484 suffitur,

380 4537 497 4604 scentia,
513 4536 548 4592 ad
564 4545 646 4606 quein
659 4525 795 4583 doleusai
813 4521 912 4576 timeus
933 4516 1035 4578 uehor,
1051 4509 1179 4567 deiineri.
1235 4515 1333 4572 simas
1344 4527 1389 4567 me
1403 4507 1570 4566 consgjemg,
1582 4505 1602 4535 ii
1616 4522 1708 4564 comm
1725 4507 1782 4562 Deo
1796 4521 1849 4562 non
1865 4505 1944 4568 sulm·
1954 4504 2036 4577 etqui

381 4629 472 4702 Quod,
486 4626 545 4682 sire
560 4637 611 4678 suo
622 4631 728 4681 errore,
741 4612 800 4668 aive
823 4609 914 4664 aliena
936 4599 1115 4677 persuasione
1138 4597 1182 4654 ia·
1235 4620 1289 4660 non
1301 4600 1397 4666 credit,
1412 4611 1507 4654 reruni
1522 4602 1563 4651 est
1576 4593 1596 4622 '⁸
1611 4596 1673 4668 quis
1686 4596 1744 4666 ipsa
1759 4593 1828 4650 lalso
1842 4602 1870 4649 et
1896 4593 2038 4652 temerarie

381 4719 467 4784 ‘imi
481 4716 578 4787 ΡΜ
596 4708 650 4764 ³¹¹ss
671 4705 755 4768 ⁰0⁰⁸·
771 4699 817 4771 qui
835 4697 910 4753 ”idel
920 4692 985 4766 (1111*
1006 4690 1135 4744 fflllm‘lll'
1155 4692 1184 4742 ⁸2
1236 4693 1271 4748 de
1286 4707 1328 4746 ine
1340 4687 1489 4762 judicando
1503 4701 1534 4741 se
1548 4683 1627 4740 lallit.
1644 4681 1824 4755 Omnipotens
1841 4681 1976 4738 Dominus
1992 4679 2036 4738 la-

382 4811 508 4881 tlwt'oflfll·
522 4801 586 4857 Νῡῦ
601 4811 646 4852 ¹¹³0
669 4805 771 4850 ³¹0⁰ss
789 4785 861 4859 allud
884 4789 1002 4841 10811111]
1026 4776 1182 4833 internite-
1197 4773 1223 4834 Ι)
1238 4781 1292 4838 ciat
1306 4788 1356 4836 ilos
1369 4778 1397 4834 iii
1411 4777 1463 4832 hac
1486 4773 1542 4830 iiiia
1569 4779 1595 4828 at
1623 4772 1651 4828 iii
1678 4771 1766 4828 lutura
1793 4767 1959 4827 indeficienti
1987 4784 2038 4828 suc

384 4905 437 4954 20¹¹*
453 4891 522 4950 mihi
537 4883 750 4950 ⁶¹¹0⁰¹i³⁸i¹¹¹³¹¹¹i
770 4893 831 4950 (11ιω
854 4889 889 4931 ⁰¹
910 4887 965 4944 c{¹¹⁰
989 4883 1033 4924 ¹¹¹⁸
1056 4863 1187 4939 ⁰⁰81¹⁰lil
1241 4867 1407 4944 protectione
1422 4869 1450 4921 et
1462 4859 1647 4920 consolatione
1656 4858 1778 4932 gaudere
1793 4851 1833 4914 ²⁰⁹.
1849 4861 1950 4916 dinan.

387 4979 604 5044 lamiliirissima
620 4981 649 5032 et
661 4971 745 5042 longa
767 4961 988 5031 conuersatione,
999 4972 1089 5014 meam
1112 4953 1189 5010 indu·

1045 5199 1162 5263 VARIAE
1181 5197 1387 5259 immores.

425 5431 573 5490 ⁸⁴0mitam
597 5424 690 5498 diligit
705 5419 850 5480 hominem
863 5432 934 5473 nass.
949 5417 978 5470 et
992 5411 1071 5470 suit.
1089 5423 1191 5466 munes
1202 5403 1328 5462 homines
1342 5398 1441 5470 diligit.
1458 5397 1515 5455 ¹·Se
1526 5393 1644 5454 invicem
1659 5409 1727 5452 mg„
1737 5393 1787 5450 pa,
1805 5395 1838 5450 ig
1852 5398 1882 5452 ,g
1898 5389 1971 5450 ΕΜ
1982 5407 2043 5450 „se

393 5505 521 5565 ioricam.
542 5499 607 5555 “De
642 5502 782 5551 uaiestra
795 5505 867 5547 mir.
884 5492 913 5544 el
930 5484 1120 5554 &iocoque
1139 5495 1170 5535 re
1194 5485 1297 5557 vestre
1331 5463 1388 5554 ”Et
1408 5470 1556 5550 ergailles
1578 5468 1697 5549 madal.
1716 5471 1751 5547 lit
1771 5468 1852 5522 omit.
1876 5465 2046 5522 “Monccbos

393 5579 547 5636 Bcceemes
561 5515 681 5628 ruffio.
698 5570 731 5622 ta
746 5564 897 5620 monaelios
920 5557 964 5612 liic
987 5553 1145 5612 existentes.
1172 5546 1290 5604 ”Dilecti
1315 5551 1342 5598 et
1362 5544 1502 5598 dilectoris
1523 5555 1591 5595 nias.
1611 5539 1703 5595 dilecti
1726 5535 1874 5593 dilectoris.
1922 5537 2046 5592 Delectat

393 5661 514 5706 macrini
529 5659 584 5698 nar.
600 5645 613 5694 1
631 5639 831 5694 delectatcum.
845 5629 978 5684 ”Testem
1006 5622 1140 5681 mendacii
1166 5621 1252 5674 mci
1281 5623 1375 5670 testem
1405 5611 1557 5668 monacbis.
1573 5611 1694 5666 ''Traliat
1723 5624 1790 5664 mar.
1807 5612 1836 5664 ct
1861 5606 1937 5662 Edit.
1954 5609 2046 5662 trahar

398 5717 488 5777 ''ldiui
502 5711 677 5770 licebitmss.
701 5714 730 5766 el
745 5705 819 5762 lidii.
840 5700 907 5754 milii
922 5700 1028 5754 liceret.
1055 5691 1251 5763 “Quibusliliet
1279 5699 1396 5756 ptmesse
1422 5699 1478 5739 ms.
1493 5680 1543 5738 llil.
1560 5685 1592 5736 18
1621 5681 1781 5752 quibusdam
1810 5693 1940 5746 prm.
1967 5675 2044 5734 ”ss-

395 5807 430 5891 κε
453 5792 491 5842 ιιι
503 5786 617 5842 subesse
630 5795 699 5836 uisa.
715 5779 743 5834 et
757 5773 831 5832 Edit.
847 5770 974 5842 expediat
988 5767 1090 5838 eligere
1104 5763 1226 5819 subesse.
1241 5754 1457 5838 ”Quorundam
1472 5765 1499 5810 et
1521 5768 1573 5808 ms.
1588 5752 1636 5806 lld.
1654 5755 1686 5805 ltl
1711 5751 1895 5821 ignorantiam
1907 5763 1987 5803 suana
2005 5757 2042 5804 el.

418 5857 549 5917 dondiem
571 5852 660 5911 credit
674 5865 741 5906 ress.
751 5852 780 5904 et
795 5844 870 5900 lidii.
886 5835 1024 5898 confitenti
1036 5835 1131 5893 credit.
1159 5827 1247 5912 'Jldea
1257 5834 1425 5885 conscientia
1444 5840 1497 5880 ma.
1513 5824 1563 5880 dd.
1581 5824 1612 5877 le
1622 5827 1650 5878 el
1664 5821 1714 5877 dil.
1731 5836 1793 5878 inea
1810 5835 1855 5876 me
1870 5818 2045 5876 couscientia.

396 5931 523 5992 ”lemm
537 5932 588 5993 est,
603 5932 630 5980 et
644 5923 773 5992 quisuis.
790 5913 839 5971 dd.
856 5913 890 5968 18
905 5925 1000 5972 rerum
1015 5916 1055 5966 est
1068 5907 1140 5981 quia.
1156 5901 1165 5932 ¹
1177 5899 1320 5959 'Gaimsre
1332 5913 1386 5958 iiii.
1402 5897 1455 5954 Μ.
1472 5900 1505 5952 td
1517 5893 1651 5967 gaudere.
1665 5895 1764 5950 dinen.
