4750 6725
366 621 419 678 253
1013 621 1077 678 tta.
1098 619 1144 687 lli,
1164 617 1275 674 arist.
1296 619 1367 678 ctu.
1966 624 2018 680 idi

368 762 429 803 ram
452 745 565 804 Petrum
587 748 694 824 scriptis
713 747 861 822 aliquando
884 747 1010 805 invenitis
1030 747 1115 803 Deum
1140 754 1167 802 et
1180 746 1209 808 Α
1223 753 1334 802 natnrae.
1357 746 1415 804 Hac
1429 746 1512 819 igitur
1525 745 1752 813 consideratione,
1767 761 1822 818 qna
1837 747 2021 803 unaestlides

369 836 511 894 bominem
526 838 555 894 iu
569 838 674 895 Christo
690 837 870 895 convenirein
881 853 963 894 unam
974 835 1163 900 substantiam,
1221 831 1378 892 Graeci-ern
1393 844 1420 891 et
1431 835 1600 899 Latinorum,
1612 834 1758 907 aliquando
1773 833 1914 891 nominant
1924 851 2021 906 perso-

369 925 520 998 sliqnando
535 927 603 984 duas
628 927 801 998 substantias,
817 927 938 984 divinam
959 926 1060 983 seilicet
1074 934 1100 981 et
1114 925 1165 979 bu·
1220 937 1294 989 uam,
1311 924 1436 995 quamvis
1451 926 1502 980 hoc
1516 939 1579 981 raro
1594 923 1682 979 Latini
1696 923 1806 980 iaciant.
1833 922 1911 993 Quod
1926 932 2019 980 autern

368 1031 476 1070 manum
501 1032 583 1072 unam
605 1032 667 1074 asse
688 1032 832 1088 personam
857 1017 883 1072 iu
907 1016 1031 1081 Christo;
1060 1015 1166 1070 ridetur
1220 1011 1310 1067 Graeci
1324 1012 1416 1069 dicent
1430 1014 1459 1067 in
1471 1014 1589 1068 Domino
1605 1028 1685 1068 unam
1704 1029 1859 1083 personum,
1877 1020 1934 1068 tres
1948 1013 2018 1070 sub-

368 1105 441 1161 enim
465 1121 620 1180 repugnare
635 1107 708 1180 quod
724 1112 751 1164 et
764 1121 819 1163 nna
833 1107 983 1162 substantia
997 1105 1033 1161 sit
1047 1106 1166 1162 humana
1218 1100 1344 1167 stantius,
1375 1106 1490 1158 testatur
1516 1102 1613 1158 beatus
1635 1101 1801 1173 Augustinus
1828 1102 1855 1156 in
1879 1102 1949 1158 libro
1976 1105 2018 1159 De

367 1202 394 1250 et
409 1194 501 1250 divina
524 1202 629 1262 natura,
650 1195 727 1253 sicuti
748 1211 818 1261 essa,
844 1210 897 1252 una
919 1210 1034 1267 persona
1055 1201 1082 1250 et
1105 1193 1166 1249 duae
1218 1187 1359 1244 Trinitate.
1375 1191 1542 1258 Haerebis,
1564 1190 1668 1257 iratres,
1689 1189 1852 1261 petentibus,
1867 1190 2016 1246 seeundum

368 1281 525 1340 substantie
539 1283 591 1338 sint
605 1285 632 1338 iu
648 1284 743 1340 eadem
765 1300 892 1356 persona,
915 1285 963 1340 sed
985 1284 1007 1340 si
1031 1283 1101 1339 bene
1120 1282 1164 1337 in·
1219 1277 1292 1349 quod
1304 1278 1426 1335 intellexi
1449 1280 1626 1352 quaestionem
1646 1280 1718 1334 inter
1741 1294 1790 1335 ros
1811 1280 1915 1334 versari
1940 1278 2017 1334 suffi-

366 1369 507 1442 telligatur
530 1372 667 1444 quomodo
680 1358 764 1427 452
790 1373 883 1430 dicent
904 1389 989 1428 unani
1012 1388 1072 1429 esse
1096 1371 1160 1427 sub·
1219 1365 1323 1422 cientur
1337 1376 1402 1439 puto
1423 1385 1467 1425 me
1485 1367 1670 1439 respondisse,
1694 1367 1816 1440 quamvis
1837 1367 1891 1423 dici
1911 1369 2015 1438 possint

368 1461 499 1517 stantiam
523 1461 616 1533 plnres
630 1470 741 1518 naturas
756 1463 783 1518 in
798 1463 914 1532 Christo,
930 1469 977 1517 aut
991 1463 1082 1536 plnres
1097 1461 1165 1516 sub·
1218 1454 1296 1525 plura
1311 1456 1344 1510 de
1358 1457 1488 1512 Ttt'nilale
1513 1465 1539 1512 tl
1554 1457 1718 1528 pluralitate,
1744 1456 1881 1528 q⁰⁰ffl0d0
1897 1456 2014 1512 Verbum

367 1549 483 1605 stantius
498 1565 578 1604 unam
594 1565 750 1622 personam,
759 1551 828 1606 nihil
838 1551 876 1606 ibi
887 1567 1044 1624 repugnans
1058 1565 1164 1623 cogno·
1218 1559 1300 1598 unum
1316 1545 1349 1599 sil
1368 1561 1429 1601 cum
1453 1547 1533 1601 Patre
1554 1553 1581 1601 el
1602 1560 1655 1600 non
1674 1561 1753 1614 uuus,
1770 1551 1796 1599 el
1818 1560 1880 1599 eum
1903 1544 2015 1602 homine

367 1645 460 1696 scater
475 1654 545 1696 esse.
570 1639 657 1695 Deum
673 1639 744 1697 enim
759 1656 843 1696 unum
858 1639 994 1698 credimus
1008 1647 1034 1696 et
1050 1637 1164 1696 confite·
1218 1641 1359 1705 assumpto
1375 1650 1446 1690 unus
1459 1641 1486 1690 et
1500 1650 1555 1690 non
1569 1649 1662 1688 urium.
1681 1633 1783 1690 valete.

365 1743 427 1784 mur
441 1743 503 1784 esse
522 1729 629 1784 Patrem
652 1733 680 1784 et
704 1729 802 1785 Filium
825 1737 852 1786 et
870 1729 1000 1800 Spiritum
1029 1737 1163 1785 sanctum.
1495 1721 1666 1778 nrtsronn
1686 1721 1739 1777 CV.

366 1817 433 1873 Cum
450 1833 518 1892 ergo
532 1817 648 1874 dicimus
663 1819 761 1888 Deum,
778 1835 832 1874 non
847 1819 899 1874 nisi
913 1834 995 1874 unum
1010 1817 1125 1873 dicimus
1140 1825 1167 1874 et
1217 1827 1383 1868 tuscaniae
1394 1827 1600 1868 nsaarrssnur.
1612 1825 1734 1874 creseus
1745 1825 2013 1868 cononronrtoasar.

364 1906 554 1980 intelligimus.
570 1905 638 1963 Cum
654 1922 718 1964 varo
733 1907 850 1964 dicimus
864 1908 970 1964 Patrem
984 1915 1011 1963 et
1025 1907 1123 1962 Filium
1139 1915 1166 1963 et
1255 1905 1404 1958 dissensus
1412 1901 1461 1956 Dei
1471 1901 1648 1972 dispositione
1659 1906 1771 1956 vocatus
1780 1900 2012 1972 archiepiscopus,

368 1995 503 2068 Spiritum
517 2005 653 2060 sanctum,
669 1996 765 2068 plures
778 1997 893 2053 dicimus
907 2003 933 2053 et
947 1993 1100 2060 eredimus;
1117 1997 1164 2051 sed
1218 1991 1335 2048 dominae
1348 1996 1375 2045 et
1389 1989 1467 2044 matri
1492 1987 1652 2044 reverendae
1671 1987 1812 2044 abbatissae
1827 1988 1856 2044 F.
1873 1995 1900 2043 et
1913 1995 2013 2044 sancta

366 2084 400 2140 de
414 2085 473 2141 Deo
488 2083 618 2141 habemus
631 2084 829 2154 auctoritatem,
845 2085 909 2156 quia
923 2085 1055 2141 debemus
1070 2083 1162 2140 dicere
1177 2101 1204 2162 B
1218 2076 1425 2152 congregationi
1448 2077 1489 2132 illi
1511 2077 1665 2134 commissae
1688 2076 1715 2131 iu
1738 2077 1880 2133 sanctitate
1902 2091 2015 2147 semper

364 2173 454 2228 Deum
468 2188 551 2229 unum
567 2172 741 2246 singulariter
754 2181 782 2230 et
795 2189 849 2229 non
864 2175 966 2246 plures,
984 2172 1163 2246 quemadmo·
1217 2166 1361 2241 prolicere,
1386 2174 1412 2224 ct
1427 2167 1460 2222 ad
1484 2165 1679 2223 beatitudinem
1704 2165 1753 2240 let.
1768 2165 1884 2239 semper}
1909 2165 2015 2237 pertin-

365 2261 429 2316 dum
445 2261 647 2333 scriptumest:
664 2262 746 2330 Audi,
758 2261 860 2330 lsrael,
871 2263 1006 2318 Dominus
1015 2263 1087 2318 Deua
1097 2265 1163 2318 tuus
1217 2274 1295 2331 gere.

364 2349 438 2406 Dens
454 2365 531 2406 anas
544 2353 587 2407 art
610 2349 707 2422 (Dent.
723 2365 759 2418 rr,
776 2351 813 2421 l).
838 2351 878 2406 De
902 2347 955 2405 illis
978 2366 1040 2406 rere
1065 2349 1161 2417 tribus,
1253 2345 1386 2416 Quamvis
1399 2344 1784 2404 vestrumsanetumstudium
1796 2360 1854 2401 mea
1865 2343 2015 2401 monitione

364 2438 443 2494 Patro
457 2437 572 2507 seilicet,
587 2437 657 2494 Filio
672 2445 699 2494 et
714 2437 814 2510 Spiritu
824 2445 930 2506 sancto,
946 2453 1001 2494 non
1011 2437 1164 2494 invenimus
1217 2432 1731 2508 nonegeat,cogitmetnmlcldamen]
1742 2433 2016 2504 dileetioqnamerga

364 2525 392 2582 in
407 2528 550 2598 propheta,
567 2533 614 2582 aut
635 2527 767 2598 apostolo,
792 2535 838 2582 aut
859 2527 1037 2600 evangelista,
1061 2535 1090 2582 ut
1110 2541 1162 2582 uno
1217 2524 1366 2581 roshabec
1377 2523 1527 2581 etoldcinm
1538 2538 1638 2592 rreum,
1650 2531 1679 2578 ut
1691 2521 1813 2578 vobisad
1825 2521 1886 2594 let,
1901 2521 2014 2593 aliquid]

365 2615 476 2672 nomine
505 2615 645 2672 nominent
672 2631 721 2672 eos
748 2615 900 2688 pluraliter,
930 2631 984 2688 quo
1011 2615 1164 2688 significent
1217 2613 1529 2671 exhortandoseribam.
1556 2612 1731 2668 Considerate
1750 2611 1928 2680 incessanter,
1952 2608 2015 2666 tiliae

365 2704 440 2760 iilam
455 2703 638 2775 pluralitatem
658 2719 741 2778 quarn
759 2705 787 2760 in
802 2704 855 2760 illis
878 2704 1068 2778 intelligimus;
1098 2721 1162 2760 nus-
1218 2712 1244 2759 et
1257 2717 1365 2758 sorores
1380 2717 1448 2759 meae
1461 2701 1653 2769 dilectissimae,
1670 2700 1742 2773 quod
1756 2700 1784 2754 in
1798 2698 1897 2756 coelum
1911 2714 2016 2770 propo·

366 2809 446 2866 quam
462 2793 534 2849 enim
549 2792 641 2849 dicunt
665 2801 718 2850 tras
742 2810 873 2867 personas
891 2810 939 2851 eos
960 2779 1031 2860 esse,
1048 2801 1094 2850 aut
1109 2801 1164 2849 tres
1218 2793 1313 2847 suistis
1328 2791 1422 2862 etjam
1446 2790 1595 2862 incaepistis
1607 2789 1766 2856 ascendere,
1788 2794 1817 2844 nt
1832 2789 1869 2843 ibi
1881 2787 2013 2861 regnetis,

366 2881 543 2949 snbstantias,
564 2886 612 2937 aut
633 2889 689 2939 tres
709 2883 919 2954 omnipotentes,
935 2891 979 2938 aul
994 2882 1096 2954 aliquid
1110 2883 1163 2938 bu·
1218 2883 1246 2936 et
1259 2880 1403 2952 regnando
1418 2879 1561 2952 gaudeatis
1571 2895 1634 2934 cum
1648 2877 1766 2933 Domino
1780 2885 1807 2932 et
1820 2877 1909 2933 amico
1922 2887 2014 2932 vestro

363 2970 499 3042 jusmodi.
533 2971 591 3026 liae
612 2971 776 3029 necessitate
796 2973 890 3028 Patras
911 2971 1033 3028 catholici
1055 2970 1164 3041 qnando
1217 2969 1281 3025 lesu
1304 2969 1421 3036 Christo,
1448 2967 1495 3039 qui
1508 2966 1546 3023 ibi
1560 2983 1610 3024 vos
1624 2972 1763 3037 exspectat
1785 2973 1811 3022 et
1830 2959 2014 3036 exspectando

366 3059 547 3131 loquebantur
561 3059 595 3114 de
611 3057 664 3114 illis
680 3059 775 3130 tribus,
791 3060 932 3132 elegerunt
951 3061 1042 3117 omnia
1065 3061 1166 3132 quibua
1218 3057 1327 3113 assidue
1354 3056 1459 3113 invitat.
1488 3054 1598 3128 Quippe
1617 3054 1737 3128 quandin
1760 3055 1840 3111 horno
1864 3055 1940 3121 risit,
1969 3061 2016 3110 ant

366 3146 427 3205 illos
441 3155 498 3203 tres
513 3147 655 3204 nominare
666 3156 777 3220 possent
787 3147 936 3219 pluraliter.
952 3149 1040 3206 Graeci
1055 3149 1164 3223 quidem
1218 3145 1382 3202 ascenditis
1397 3145 1496 3201 coelum
1520 3146 1590 3200 bene
1612 3143 1740 3210 virendo,
1760 3149 1806 3198 ant
1828 3142 1973 3199 descendit
1986 3141 2015 3196 in

366 3251 467 3294 nornen
482 3235 831 3306 substantiae,1.atinivero
846 3252 944 3293 nomen
959 3253 1102 3309 persouae;
1118 3237 1166 3293 sed
1219 3235 1359 3290 infernum
1372 3235 1444 3290 male
1454 3233 1583 3290 vivendo.
1600 3232 1628 3290 Si
1638 3248 1705 3305 ergo
1716 3233 1750 3288 sd
1760 3232 1825 3287 illud
1837 3229 2017 3303 proposuistis

367 3333 397 3383 ut
410 3325 521 3383 omnino
536 3325 607 3397 quod
622 3340 673 3382 nos
687 3325 726 3382 ibi
745 3325 922 3400 intelligimus
945 3342 993 3399 per
1008 3341 1163 3399 personam,
1220 3332 1246 3380 et
1261 3323 1340 3380 uultis
1355 3323 1518 3396 pertingere,
1535 3337 1648 3381 neeesse
1662 3329 1704 3379 est
1718 3336 1767 3377 vos
1781 3321 1881 3377 sanetis
1899 3318 2016 3378 aedoni-

366 3417 419 3472 boc
439 3413 491 3487 ipsi
511 3421 538 3471 et
562 3430 617 3471 non
641 3415 712 3471 aliud
734 3414 887 3489 intelligant
906 3433 954 3489 prr
976 3416 1163 3471 substantiam.
1180 3413 1272 3523 Cbns
1286 3412 1337 3486 [cl.
1353 3412 1578 3485 accusationibus]
1603 3412 1668 3467 illue
1682 3412 1759 3482 qnasi
1773 3410 1935 3481 quibusdam
1950 3424 2017 3481 pss-

368 3504 443 3561 Sicut
458 3519 524 3576 ergo
544 3519 594 3559 nos
612 3504 726 3560 dicimus
748 3505 775 3561 in
799 3505 857 3561 Deo
882 3521 964 3561 unam
989 3505 1165 3561 substantiam
1219 3502 1298 3558 sibus
1313 3502 1456 3573 prolicere.
1471 3500 1625 3573 Diligenter
1638 3500 1780 3572 ergovitae
1794 3508 1890 3555 vestrae
1906 3514 2016 3555 cursum

367 3604 428 3645 esse
443 3595 497 3643 tres
519 3603 663 3660 personas,
685 3588 723 3646 ila
745 3588 785 3644 illi
805 3588 898 3646 dicunt
918 3606 1000 3645 unam
1020 3603 1166 3661 personam
1220 3591 1354 3655 discutite,
1371 3599 1400 3645 ut
1412 3590 1463 3662 [cl.
1478 3589 1571 3661 omit]
1595 3604 1647 3644 non
1663 3587 1749 3643 solum
1764 3585 1792 3642 in
1806 3588 1945 3658 operibns,
1969 3587 2017 3643 sed

367 3693 430 3733 esse
445 3683 500 3733 tres
515 3676 688 3746 substantias,
704 3677 772 3733 nihil
793 3693 811 3733 a
832 3678 911 3733 nobis
932 3680 1042 3735 diverse
1064 3678 1164 3735 intelli·
1220 3680 1303 3736 etiam
1319 3680 1345 3734 in
1361 3679 1459 3746 uerbis,
1475 3694 1525 3734 nec
1539 3677 1625 3732 solnm
1640 3676 1666 3730 in
1678 3677 1731 3741 his,
1743 3676 1792 3731 sed
1806 3682 1834 3731 et
1847 3676 1875 3730 in
1890 3675 2017 3731 omnibus

366 3773 465 3839 gentas
479 3770 528 3821 aut
541 3764 693 3821 credentes.
716 3765 850 3835 Quoniam
873 3766 945 3822 enim
968 3784 1024 3822 non
1049 3769 1166 3823 babeant
1220 3768 1439 3842 cogitationibus,
1454 3784 1489 3823 ne
1503 3768 1574 3822 iorte
1589 3782 1651 3822 cnm
1667 3766 1695 3819 iu
1710 3764 1840 3820 omnibns
1856 3763 1897 3819 liis
1908 3778 2017 3834 semper

367 3854 479 3911 nomina
508 3853 607 3927 quibus
632 3855 739 3926 proprie
758 3854 820 3911 illos
848 3862 905 3911 tres
929 3855 1112 3927 significarent
1137 3863 1167 3911 ut
1220 3856 1342 3913 debeatis
1360 3872 1465 3912 sursum
1485 3855 1595 3911 tendere
1619 3853 1669 3927 [ci.
1693 3851 1862 3925 ascenderel,
1887 3850 1960 3908 aliud
1977 3850 2016 3907 ibi

364 3942 425 4015 jam
440 3942 509 4012 dixi,
526 3950 556 3997 ut
571 3942 659 3999 Graeci
681 3944 802 3999 dicarent
826 3960 885 4000 esse
910 3952 964 4001 tres
984 3944 1164 4014 substantias,
1220 3945 1374 4002 inueniatur
1388 3946 1461 4018 qnod
1471 3953 1513 4000 est
1523 3943 1610 4015 magis
1624 3941 1800 3999 descendere.
1816 3938 1895 4009 Quod
1910 3938 1932 3994 si
1947 3938 2017 3997 bene

366 4046 417 4088 nos
439 4046 504 4089 vero
527 4039 582 4089 tres
605 4046 746 4104 personas,
769 4032 902 4089 dederunt
929 4034 956 4089 in
979 4034 1038 4089 Deo
1058 4032 1166 4090 duobus
1220 4034 1302 4092 vultis
1316 4033 1465 4101 custodire,
1475 4031 1584 4104 expedit
1599 4039 1628 4087 ut
1642 4046 1749 4103 semper
1759 4030 1852 4085 ridere
1864 4028 1913 4101 lul.
1923 4028 2017 4103 cmiii

366 4121 523 4177 nominibus
548 4120 624 4176 illam
639 4120 877 4193 significationem,
894 4138 974 4194 quam
991 4122 1019 4177 in
1035 4122 1088 4178 illis
1103 4124 1165 4194 plu·
1221 4122 1346 4196 cogitetis
1360 4122 1413 4195 [al.
1425 4122 1502 4195 titud]
1513 4120 1734 4193 quodrerissime
1744 4119 1875 4190 scriptum
1885 4124 1944 4174 est:
1962 4116 2018 4187 Qui

367 4205 441 4261 ribus
457 4204 656 4278 intelligebant,
678 4221 729 4262 neo
748 4222 796 4263 sno
815 4208 930 4263 nomine
949 4208 1072 4277 prolerre
1086 4214 1165 4279 pote·
1220 4213 1331 4269 modico
1346 4212 1457 4285 spernit
1470 4213 1612 4283 paulatim
1626 4209 1730 4266 decidit
1744 4208 1905 4279 (Ecciimnr,
1918 4206 1953 4276 l),
1970 4209 2017 4279 qui

366 4301 437 4349 rant.
468 4294 546 4351 Sicut
560 4294 643 4367 igitur
663 4310 715 4351 uos
739 4295 854 4352 dicimus
868 4296 932 4368 quia
946 4294 999 4351 alis
1013 4304 1053 4352 est
1067 4312 1166 4368 perso·
1220 4300 1349 4372 paulatim
1360 4300 1461 4356 decidit
1471 4316 1525 4355 non
1535 4298 1641 4369 prolicit
1650 4297 1698 4353 sed
1707 4296 1808 4362 deficit,
1824 4303 1851 4351 at
1866 4295 1911 4366 qni
1925 4294 2017 4351 delicit

367 4398 402 4439 na
419 4381 513 4450 Patris,
536 4383 589 4439 alia
611 4382 681 4453 Filii,
705 4384 757 4439 alia
779 4384 893 4456 Spiritus
916 4385 1011 4451 saneti,
1036 4393 1061 4442 el
1083 4385 1110 4439 in
1133 4400 1166 4442 eo
1220 4384 2014 4457 nonaseendit,seddescendit.llocergocnratesollieite,

367 4471 476 4545 quidem
493 4472 565 4543 qnod
584 4471 653 4528 alins
676 4480 717 4528 est
743 4474 824 4529 Filius
846 4474 894 4530 Dei
910 4489 926 4530 a
943 4474 1028 4543 Patre,
1054 4483 1167 4530 nonest
1219 4477 1387 4532 ntnibiltsm
1399 4491 1512 4548 parvum
1523 4477 1557 4531 sit
1568 4475 1641 4545 qnod
1655 4474 1690 4529 de
1704 4471 1957 4529 ordinerestronbi
1968 4487 2016 4527 ros

367 4560 439 4616 alins
453 4575 470 4616 a
484 4560 552 4617 Filio
567 4560 696 4634 Virginis,
713 4562 759 4618 sed
782 4562 847 4618 item
861 4563 921 4635 ipse
943 4562 1014 4619 idem
1035 4570 1085 4629 est,
1112 4561 1166 4618 alia
1219 4565 1293 4622 Deus
1303 4564 1393 4637 posuit
1400 4565 1540 4637 negligere
1551 4564 1642 4619 velitis
1651 4570 1678 4618 et
1687 4561 1726 4617 sie
1737 4561 1839 4616 munds
1850 4558 1977 4630 passibas
1987 4560 2015 4615 in

367 4664 485 4721 persona
499 4658 567 4705 esta
582 4651 671 4718 Patre,
688 4659 714 4706 et
730 4666 785 4708 non
798 4652 850 4707 elia
866 4668 881 4707 a
897 4652 964 4708 Filio
977 4652 1104 4725 Virginis,
1116 4652 1164 4707 sed
1219 4654 1331 4720 coelnm,
1348 4655 1420 4725 qued
1434 4655 1536 4710 aduam
1547 4654 1605 4708 Deo
1620 4651 1768 4721 adjuvante
1782 4648 1838 4715 list,
1848 4647 2013 4704 ascendetis.

367 4736 463 4795 eadam
479 4754 619 4811 persona:
650 4740 789 4797 itaGraeci
811 4740 980 4813 dieuntqnla
996 4741 1122 4807 Verbum,
1138 4740 1165 4796 id
1219 4744 1298 4813 Quod
1313 4751 1343 4799 ut
1357 4760 1405 4814 per
1419 4760 1464 4799 me
1483 4741 1532 4817 [cl.
1549 4757 1597 4798 oro
1612 4750 1641 4795 ut
1654 4754 1702 4811 pro
1718 4736 1773 4810 mel
1791 4736 1883 4803 utilis,
1899 4740 2016 4793 ellum

367 4832 409 4885 est
424 4826 506 4884 totius
522 4828 583 4899 Dei,
594 4828 649 4885 alia
664 4828 814 4885 substantia
828 4838 868 4885 est
882 4847 898 4885 a
912 4830 999 4899 Pane,
1011 4838 1037 4887 el
1047 4846 1100 4886 non
1111 4828 1163 4887 alia
1178 4820 1207 4883 D
1221 4834 1359 4900 attentius,
1376 4841 1475 4904 quanto
1489 4831 1566 4888 scitis
1580 4846 1625 4886 me
1638 4833 1673 4885 de
1687 4826 1833 4883 dilectione
1848 4832 1936 4881 vestra
1948 4840 2016 4881 con-

366 4917 400 4971 ab
424 4916 535 4974 bomine
555 4924 706 4989 assumpto.
737 4917 853 4989 Quando
877 4934 943 4992 ergo
964 4919 1116 4975 invenimus
1138 4918 1166 4975 in
1221 4918 1316 4988 fidere,
1331 4922 1461 4995 quoniam
1475 4936 1612 4991 nunqnam
1635 4916 1753 4991 cognovi
1772 4931 1816 4972 me
1830 4914 1918 4989 magis
1933 4930 2016 4987 qaam

367 5004 562 5062 catholicorum
586 5006 694 5062 l’alrum
717 5007 826 5079 scriptis
844 5006 938 5079 pluras
959 5012 1068 5064 naturas
1093 5022 1165 5079 esse,
1219 5026 1292 5067 nunc
1305 5010 1478 5066 orationibus
1492 5009 1627 5083 indigere.

366 5108 448 5149 unam
460 5094 640 5151 substantiam
661 5096 689 5151 in
710 5096 828 5163 Christo,
849 5104 877 5152 et
890 5096 998 5169 qnando
1013 5096 1167 5155 invenimus
1466 5114 1665 5173 gppgpogg
1686 5114 1764 5172 cvr,

366 5180 460 5255 plures
477 5181 641 5240 substantias
655 5200 726 5253 csse,
743 5200 823 5239 unam
846 5200 990 5257 personam
1010 5201 1065 5241 nou
1086 5202 1164 5241 eum·
1488 5203 1524 5241 an
1538 5200 1743 5242 arsaaannrmr.

367 5286 425 5329 sem
440 5286 552 5329 sensum
568 5272 595 5329 in
616 5273 726 5329 nomine
747 5272 907 5331 substantiae
928 5274 1091 5348 accipimus,
1117 5276 1165 5331 sed
1396 5276 1434 5333 lte
1453 5279 1633 5333 sacramanto
1651 5273 1754 5331 citeris
1769 5272 1837 5345 (5⁰).

367 5374 430 5417 cnm
444 5360 561 5417 dicimus
579 5376 661 5417 auam
680 5361 871 5432 substantiam,
885 5362 912 5417 id
927 5364 1016 5433 ipsum
1031 5362 1165 5437 intelligi-
1254 5365 1371 5423 Domino
1395 5364 1430 5421 G.
1454 5362 1632 5437 [Gisleberto]
1649 5362 1750 5432 abbati,
1767 5361 1834 5419 olim
1854 5360 2014 5419 charissimo

368 5462 430 5505 mna
447 5448 520 5523 qnod
535 5464 586 5521 per
599 5465 698 5506 nornen
714 5466 854 5523 persone.
887 5452 955 5508 Cum
969 5468 1034 5509 raro
1048 5451 1166 5509 dicimus
1219 5455 1285 5524 lilio,
1310 5470 1383 5511 nunc
1396 5454 1454 5510 Deo
1470 5452 1588 5525 propitio
1608 5450 1758 5509 renembili
1780 5450 1859 5517 Patri,
1877 5450 1962 5509 irater
1975 5454 2011 5506 A.

366 5536 461 5611 plures
476 5554 537 5595 esse
551 5538 717 5595 snbstantias
736 5540 764 5595 in
784 5556 826 5611 eo,
844 5556 990 5610 personam
1005 5558 1097 5609 unam,
1113 5543 1165 5600 boc
1218 5544 1373 5619 lancelinus
1384 5540 1461 5615 (bl)].

366 5626 552 5699 significemus
568 5644 618 5701 per
631 5644 732 5686 nomen
746 5628 901 5687 substantias
916 5630 988 5702 qued
1003 5648 1051 5703 per
1062 5648 1165 5689 nomen
1254 5634 1294 5689 De
1307 5648 1420 5705 corpore
1432 5640 1460 5688 et
1472 5630 1607 5705 sanguina
1621 5629 1731 5688 Domini
1742 5629 1857 5701 jussisti,
1873 5644 2011 5687 ueneran-

401 5802 460 5877 (5⁰)
475 5802 580 5859 llxrns.
596 5802 946 5861 monastariiclrislemani.
1219 5813 1278 5863 tarn
1304 5806 1350 5879 n’y
1376 5815 1417 5863 est
1440 5808 1556 5880 designo
1580 5822 1634 5877 que
1658 5820 1710 5877 par
1735 5821 1773 5860 nn
1797 5806 1830 5861 A.
1859 5804 1911 5861 Sur
1937 5802 2014 5874 quoi,

403 5874 461 5945 (ot)
476 5872 552 5930 Getta
566 5873 643 5929 lettre
657 5876 837 5947 n'appartient
851 5878 929 5948 point
943 5877 960 5932 d
974 5876 1003 5932 S.
1020 5876 1159 5933 anselme.
1218 5878 1411 5948 conjectarent
1425 5877 1488 5947 on'il
1503 5879 1525 5933 si
1547 5877 1634 5933 niilnit
1646 5876 1784 5943 dnselme,
1797 5876 1842 5929 ila
1856 5873 2014 5944 conjecture

367 5942 404 6001 Ge
418 5944 465 6015 qui
479 5959 494 6001 a
508 5944 613 6021 trompd
628 5945 763 6019 t’ectteur,
779 5947 846 6005 c’est
857 5964 911 6023 qus
926 5948 952 6005 le
965 5960 1030 6005 nom
1044 5948 1078 6004 ds
1092 5948 1164 6007 l'au·
1219 5949 1294 6006 aussi
1309 5966 1361 6024 qne
1376 5949 1401 6006 le
1418 5950 1438 6007 G
1453 5896 1585 6023 signiiait
1598 5948 1715 6015 Gilbert,
1730 5960 1838 6005 mmme
1852 5945 1871 6001 il
1885 5944 1921 6001 l’e
1936 5959 2012 6001 mar-
