4750 6725
340 531 394 588 ata

887 535 925 592 IN
942 531 1038 594 tusa.
1060 536 1145 597 NOV.
1160 537 1314 600 sannam
1331 539 1446 598 nora.

1940 551 1993 608 ata

339 655 389 712 sim
405 671 421 710 a
438 655 497 712 lieo
523 663 719 738 tenerentque
747 673 763 712 a
786 659 898 732 regibus
919 668 945 716 et
967 661 1137 734 principibus
1149 665 1180 729 A
1194 665 1399 722 benedictinam
1412 663 1537 738 Gregorii
1547 664 1679 722 familiam
1690 667 1991 742 tuissevultlieronius;

338 726 424 796 hujus
438 725 514 799 regni
528 735 629 782 aetemo
638 744 702 808 pure
716 728 834 786 debeant
848 731 970 803 exigere.
989 755 1000 780 n

374 797 468 868 Neque
492 797 711 868 intempestivum
738 808 780 855 est
808 801 852 857 hic
878 803 1033 858 meminisse
1062 803 1135 874 quod

340 877 394 924 tam
410 869 444 924 de
454 867 602 942 singularis
617 869 818 942 archiepiscopi
834 881 895 928 tnnc
915 875 1043 944 temporis
1057 890 1135 944 pra-

338 947 416 994 tcuso
433 939 505 1008 jure,
528 955 609 1011 quam
633 939 668 994 de
695 943 825 997 sententia
844 945 992 1000 secundum
1007 946 1136 1000 ecclesias

338 1009 517 1064 S.Trinitatis
539 1017 565 1064 at
589 1009 617 1066 S.
634 1013 773 1084 Augustini
799 1014 871 1080 data,
887 1016 915 1070 in
941 1015 1040 1070 tabulis
1063 1031 1137 1086 saepc

336 1081 485 1136 nominatis
518 1079 656 1136 Guilielnri
689 1083 863 1138 censualibus
895 1095 1065 1157 compertum
1085 1093 1134 1141 est.

340 1151 596 1222 aArchiepiscopus
623 1152 803 1208 calumniatur
830 1151 878 1221 (it'a
907 1156 1005 1214 tabulae
1032 1156 1086 1212 ittae
1109 1155 1137 1211 in

338 1223 442 1278 Cartha
469 1223 561 1292 censu)
582 1222 781 1280 forisfacturam
809 1225 836 1280 in
860 1227 911 1282 viis
939 1236 1016 1284 extra
1041 1225 1138 1282 civita·

339 1301 393 1348 teor
422 1309 455 1348 en
484 1301 595 1362 utraque
623 1304 699 1364 parte
726 1295 772 1350 uhi
802 1303 871 1351 terra
891 1306 1003 1353 suaest.
1020 1297 1137 1366 Quidam

336 1363 500 1436 praepositus
514 1363 686 1420 Brumannus
699 1365 807 1422 nomine
822 1367 851 1422 T.
868 1367 901 1424 tt.
918 1367 948 1422 Ε.
965 1367 1056 1441 (idest
1068 1373 1137 1424 tem·

335 1451 405 1507 pora
419 1437 492 1506 repis
506 1434 644 1516 Edwardi)
660 1438 743 1508 coeqrit
760 1439 969 1496 consuetudines
991 1441 1026 1494 de
1041 1446 1137 1495 extra-

338 1505 398 1561 neis
413 1505 612 1560 mercatoribus
632 1523 660 1560 tn
674 1514 748 1562 terra
761 1507 790 1562 S.
805 1509 943 1564 Trinitatis
957 1517 983 1566 ct
997 1509 1025 1564 S.
1041 1513 1137 1580 Augu·

338 1575 412 1644 stini,
423 1575 467 1646 qui
477 1575 608 1646 postea'l'.
617 1576 699 1633 RNV.
710 1581 845 1651 (tempore
854 1582 883 1636 ll.
900 1579 1063 1650 Witiielrni)
1076 1587 1138 1636 aute

336 1647 572 1716 archiepiscopum
594 1648 775 1703 lanfrancum
789 1657 815 1704 et
829 1651 986 1722 episcopum
1001 1652 1138 1720 bajocen·

336 1734 396 1774 scm
421 1717 580 1788 recognovit
601 1734 630 1772 se
652 1718 749 1790 injuste
763 1721 912 1790 accepisse,
929 1731 955 1777 et
969 1728 1138 1778 sacramento

336 1789 421 1856 lacto,
434 1787 538 1858 jurarit
552 1789 625 1858 quod
648 1789 717 1858 ipsae
739 1791 868 1848 Ecclesia
887 1810 949 1847 suas
963 1791 1137 1849 consuetudi-

336 1875 386 1915 nes
411 1861 515 1930 quietas
537 1858 680 1914 habuerint
701 1861 736 1916 li.
756 1861 788 1916 a.
806 1860 890 1934 (repis
907 1865 1050 1933 Edroardi)
1066 1873 1137 1918 tenr-

335 1945 412 2056 Borc.
425 1931 458 1984 tit
473 1929 571 1984 exinde
585 1939 707 2002 utraeque
722 1931 848 1988 Ecclesia
869 1935 896 1987 in
918 1951 967 1990 sua
990 1942 1061 1989 terra
1084 1936 1136 1990 ba-

355 2009 452 2057 uemut
471 1999 677 2056 consuetudines
703 2017 766 2058 suas
790 2003 894 2073 judicio
915 2005 1048 2060 baronum
1062 2001 1176 2078 regisB

336 2072 382 2144 qui
410 2070 538 2143 placitum
567 2077 719 2126 tenuerunt.
749 2073 849 2128 ohatae
877 2075 958 2130 etiem
978 2075 1131 2145 jamdictae

335 2142 408 2213 apud
425 2142 578 2196 Pinnedene
591 2143 732 2198 sententiae
756 2145 857 2200 mentio
871 2153 912 2200 est
929 2146 957 2200 ia
971 2145 1073 2202 eisdem
1089 2153 1131 2200 ta-

335 2213 417 2268 bulis.
433 2213 501 2266 Nam
525 2212 553 2266 in
574 2213 675 2268 Cantiae
689 2229 781 2278 censu.
803 2213 854 2270 sub
869 2215 958 2272 indice
972 2217 1132 2272 latifundiu-

336 2301 396 2340 rum
410 2281 545 2338 hallensis
560 2283 727 2340 antistitis.»
753 2287 885 2342 listochcs
907 2287 1060 2343 maneriam
1084 2289 1132 2356 (ita

335 2355 445 2436 legitur,
465 2353 536 2424 qnod
554 2354 644 2411 stoker
658 2355 685 2411 in
700 2364 848 2412 memorata
861 2358 1000 2413 sententiae
1010 2357 1132 2428 historia)

337 2427 388 2481 luit
407 2433 433 2480 et
447 2431 488 2480 est
503 2425 536 2480 de
551 2425 707 2496 episcopatu
724 2426 858 2492 hollensi3
875 2429 1132 2484 sedGoduinnsco·

337 2513 406 2552 mes.
432 2496 464 2548 Τ.
479 2496 510 2550 tt.
527 2495 562 2550 Ε.
584 2496 652 2550 emit
674 2495 740 2551 illud
764 2498 798 2552 de
814 2497 969 2555 hominibus
997 2501 1041 2570 qni
1065 2499 1132 2554 illud

336 2567 464 2622 tenebant
490 2567 525 2620 de
552 2565 692 2638 episcopo,
712 2577 747 2636 et,
763 2583 796 2622 eo
822 2569 976 2640 ignorante,
992 2569 1064 2626 iacta
1091 2577 1133 2626 est

334 2639 395 2694 hara
410 2635 538 2692 venditio.
555 2635 728 2694 Postmodum
741 2654 815 2705 vcro,
830 2649 965 2712 regnante
978 2639 1133 2696 Wiltielmo

333 2725 400 2782 rege
426 2707 623 2763 diratiocinavit
645 2708 712 2764 illud
736 2709 902 2768 Lauicanaus
930 2718 1025 2767 contra
1048 2711 1133 2782 Bajo·

334 2795 443 2836 censent
459 2777 613 2848 epicopum.
630 2779 663 2834 Et
676 2779 740 2834 iude
762 2789 801 2835 est
816 2781 897 2836 modo
911 2781 1002 2836 saisita
1021 2781 1131 2837 hoden-

334 2851 373 2905 sis
387 2849 519 2904 Ecclesia.
545 2847 646 2918 «Quin
669 2857 695 2905 et
718 2849 783 2906 illud
807 2851 841 2906 dc
863 2851 1045 2923 publicarum.
1073 2869 1133 2924 qua

334 2921 488 2976 Cantunriae
510 2923 635 2990 proxime
658 2920 816 2988 inserviunt,
831 2923 940 2978 riarum
968 2923 1132 2979 fossionibus

332 2991 496 3061 mutatisque
510 2991 546 3046 ob
560 3005 656 3046 earum
671 2991 799 3048 violatum
812 2993 866 3063 jus,
883 2994 919 3048 ad
934 2996 1005 3050 hunc
1020 2995 1131 3050 modum

332 3061 437 3118 ibidem
451 3070 627 3116 memoratur.
647 3061 846 3119 Conoordatum
861 3073 901 3120 est
923 3064 958 3120 de
978 3065 1058 3122 rectis
1072 3065 1131 3121 cal·

333 3133 406 3188 libus
434 3148 494 3204 quae
523 3131 666 3188 habuerint
694 3148 743 3204 par
775 3133 909 3190 civitatem
941 3135 1080 3191 introitum
1106 3143 1133 3191 et

332 3203 455 3266 eniturm
473 3201 625 3274 quicunque
639 3203 668 3258 in
682 3203 735 3258 illis
750 3203 911 3262 forisfecerit
925 3207 982 3278 regi
998 3207 1131 3262 ernenda-

332 3275 383 3330 bit.
414 3273 542 3330 Similiter
568 3271 602 3328 de
629 3273 745 3330 callibus
772 3276 852 3331 rectis
882 3285 959 3333 extra
982 3277 1129 3341 civitatem,

1188 745 1269 809 atque
1296 736 1329 804 is,
1359 735 1386 790 ni
1409 735 1499 800 fallor,
1512 737 1564 791 hoe
1579 738 1683 808 primus
1697 740 1782 795 soluit
1796 747 1823 795 at
1851 743 1987 813 receptis·

1189 810 1265 866 simae
1290 807 1431 862 vetustatis
1453 808 1591 862 sententiae
1613 808 1725 864 demam
1755 809 1879 867 reluctari
1908 829 1990 870 ausus

1190 887 1242 946 est,
1259 877 1354 933 ductus
1368 877 1494 932 nimimm
1516 878 1688 945 conjecturis,
1710 896 1760 935 nec
1784 898 1848 937 sane
1868 891 1992 939 contem-

1191 949 1298 1014 nendis,
1313 962 1365 1004 nec
1379 947 1472 1020 magni
1484 963 1549 1002 sane
1563 950 1704 1018 ponderis.
1718 950 1800 1007 Vides
1810 969 1832 1006 s.
1849 955 1991 1011 Annalium

1191 1020 1341 1086 tamilll,
1368 1020 1417 1072 sub
1441 1035 1512 1074 auno
1541 1023 1592 1074 59⁶
1614 1027 1640 1075 et
1686 1037 1729 1076 uae
1754 1021 1782 1076 in
1800 1038 1861 1078 eum
1885 1027 1993 1096 scripsit

1193 1089 1402 1160 Vandeoaypius
1412 1089 1480 1145 locis
1492 1089 1654 1159 jamdictis.
1697 1102 1781 1159 ateor,
1797 1095 1871 1163 apud
1888 1102 1995 1154 veteres

1192 1177 1284 1217 rerum
1307 1161 1469 1215 nostratium
1494 1162 1727 1217 consarcinatores
1752 1164 1864 1220 minime
1886 1166 1994 1224 disertis

1193 1233 1226 1303 (si
1242 1234 1311 1287 bene
1326 1230 1449 1302 memini)
1464 1231 1553 1286 verbis
1573 1231 1674 1286 alicubi
1698 1233 1790 1289 doceri
1814 1237 1994 1307 Augustinum

1193 1321 1227 1360 ex
1263 1301 1390 1356 sodalitio
1432 1301 1517 1356 tirisse
1559 1302 1744 1360 Benedictino.
1787 1304 1842 1360 Sed
1881 1310 1994 1376 praecise

1192 1372 1359 1430 monachum
1374 1372 1505 1427 duntaxat
1519 1372 1610 1428 vocari
1625 1374 1733 1443 saepius.
1759 1375 1792 1429 Et
1815 1379 1994 1448 Augustinum

1193 1454 1219 1501 et
1243 1444 1312 1498 elios
1339 1444 1431 1513 plures
1453 1458 1515 1497 curn
1538 1457 1571 1498 co
1601 1447 1752 1500 monachos
1780 1445 1898 1518 legimus
1921 1449 1995 1520 apud

1192 1515 1293 1571 Bedam
1322 1529 1403 1584 quem
1430 1512 1554 1582 plerique
1582 1523 1740 1583 sequuntur.
1769 1515 1800 1570 In
1823 1518 1907 1573 reteri
1928 1520 1995 1576 item

1194 1584 1327 1641 Chronico
1350 1583 1486 1639 Saronico
1508 1601 1560 1639 rus.
1576 1586 1626 1638 suh
1645 1589 1804 1642 annuatia:
1824 1607 1835 1638 ι
1853 1589 1907 1644 Her
1922 1591 1993 1648 Gre-

1193 1657 1287 1729 gorius
1315 1669 1387 1725 papa
1412 1655 1497 1709 sende
1521 1662 1548 1708 to
1571 1655 1679 1710 Briteue
1700 1655 1861 1728 Agustinum
1880 1660 1928 1715 nid
1943 1662 1994 1718 trel

1193 1741 1343 1796 managam
1367 1741 1513 1779 muneram
1536 1727 1582 1779 tha
1627 1727 1695 1780 odes
1719 1728 1792 1783 word
1806 1730 1995 1800 Anglatheode

1193 1795 1402 1883 godspellcdan.
1417 1818 1428 1844 ι
1453 1797 1511 1851 lloe
1526 1803 1585 1851 est:
1600 1742 1654 1852 llos
1668 1814 1745 1853 eoae
1760 1798 1907 1871 Gregorius
1918 1819 1994 1874 papa

1192 1887 1225 1925 to
1240 1867 1424 1926 Britanniam
1441 1867 1521 1922 misit
1536 1868 1728 1938 Augustianos
1742 1871 1913 1927 monacham
1928 1889 1994 1930 ram

1191 1935 1989 2067 quamplurimismarmchisgaiiapticouoeqeatiaeriam

1214 2007 1451 2082 eipraedicareui.
1474 2008 1568 2080 Neque
1582 2008 1668 2078 aliter,
1685 2010 1721 2064 erl
1741 2013 1811 2066 hanc
1825 2027 1892 2080 ram,
1910 2029 1990 2069 men·

1186 2084 1288 2137 tionem
1307 2078 1431 2147 ejusdem
1453 2076 1512 2132 fieri
1549 2079 1621 2150 apud
1656 2089 1761 2136 veteres
1787 2082 1905 2151 reperio.
1935 2084 1991 2142 Sed

1185 2151 1305 2216 interim,
1320 2154 1367 2208 τοῦ
1382 2149 1550 2215 monachas,
1575 2149 1658 2205 nullis
1674 2151 1786 2206 lamiliae
1800 2153 1989 2225 notaedjecta,

1186 2231 1222 2286 de
1235 2232 1269 2284 iis
1281 2230 1328 2300 qui
1344 2229 1418 2298 apud
1441 2228 1565 2298 majores
1589 2237 1697 2285 nostros
1710 2246 1744 2286 eo
1759 2232 1869 2287 nomine
1882 2249 1991 2292 memo-

1186 2309 1290 2365 rantur,
1318 2298 1431 2365 dictum,
1459 2314 1567 2368 semper
1597 2300 1658 2369 (nisi
1688 2303 1820 2357 memoria
1839 2319 1882 2358 me
1902 2303 1992 2377 sallat)

1187 2371 1404 2428 benedictinam
1419 2370 1621 2439 interpretatur,
1649 2369 1687 2426 uti
1711 2373 1786 2440 apud
1807 2372 1920 2429 Graecos
1933 2375 1992 2432 tere

1187 2444 1375 2499 basilianum.
1404 2441 1515 2496 Accedit
1534 2441 1616 2495 etiam
1638 2441 1755 2497 coeuobii
1786 2441 1818 2498 S.
1842 2443 1992 2502 salvatoris

1188 2514 1340 2568 cantuariae
1367 2511 1470 2566 incolas
1497 2511 1682 2568 Berredictinae
1715 2511 1826 2569 familia
1849 2515 1923 2570 enim
1953 2517 1989 2572 ab

1186 2584 1255 2654 ipsis
1279 2581 1450 2639 incunabulis
1476 2596 1584 2651 semper
1608 2583 1682 2652 apud
1707 2599 1756 2639 uos
1780 2598 1841 2640 ease
1862 2585 1988 2651 habitos:

1185 2654 1281 2709 saltem
1300 2652 1369 2708 nihil
1392 2667 1535 2707 occurrere
1557 2652 1585 2706 in
1599 2653 1714 2708 vetustis
1728 2669 1789 2724 qum
1803 2656 1848 2712 hic
1862 2657 1989 2715 testimo-

1187 2724 1233 2780 nio
1255 2740 1316 2780 esse
1330 2730 1442 2794 possunt
1456 2723 1638 2778 monumentis
1666 2723 1741 2793 quod
1755 2725 1825 2781 alius
1838 2727 1990 2800 cujaspiam

1187 2795 1299 2850 familiae
1329 2809 1430 2850 nomen
1462 2809 1580 2864 uuquam
1619 2801 1665 2848 aut
1700 2794 1824 2852 induisse
1855 2813 1903 2853 eoa
1944 2807 1991 2855 aut

1186 2866 1293 2921 eruisse
1306 2873 1352 2920 aut
1365 2863 1462 2919 suadet
1484 2871 1531 2918 aut
1551 2864 1665 2920 omnino
1685 2865 1782 2922 innuit.
1807 2868 1843 2922 Et
1862 2870 1986 2950 apprime

1186 2936 1239 2990 huc
1254 2935 1319 2991 lacit
1333 2935 1400 2990 illud
1415 2931 1543 2990 Bouilacii
1565 2933 1701 3007 pontilicis
1714 2936 1829 2992 Romani
1842 2937 1870 2992 in
1889 2941 1987 2997 litteris

1185 3007 1245 3062 suis
1266 3005 1303 3062 ad
1322 3004 1531 3061 Ethelbertum:
1558 3028 1569 3054 o
1587 3005 1636 3060 Fiti
1649 3005 1779 3077 gloriose,
1801 3009 1897 3080 inquit,
1913 3013 1987 3082 quod

1186 3077 1223 3133 ab
1237 3077 1386 3147 apostolica
1400 3075 1466 3131 sede
1483 3091 1533 3146 per
1542 3075 1739 3148 coepiscopum
1757 3087 1878 3135 nostrum
1893 3083 1985 3138 Atelli-

1187 3157 1243 3204 tum
1265 3146 1432 3218 postulastis.
1448 3145 1543 3200 libenti
1568 3146 1659 3202 animo
1682 3150 1869 3220 concedimus,
1884 3151 1913 3208 id
1935 3161 1987 3220 est,

1185 3227 1215 3273 ut
1228 3228 1322 3274 rastra
1340 3216 1492 3289 benignitas
1505 3217 1533 3271 ia
1546 3218 1710 3274 monasterio
1734 3219 1764 3275 in
1785 3221 1988 3281 Doroberuansi

1185 3289 1294 3344 civitate
1320 3290 1478 3355 constituto,
1507 3289 1581 3361 quod
1614 3297 1722 3344 sanctus
1761 3291 1859 3348 doctor
1898 3303 1988 3352 cester

332 3345 468 3427 usquead
483 3358 564 3427 unam
579 3344 761 3426 leugametro
776 3347 893 3429 perticas
907 3356 933 3404 et
946 3349 1085 3431 nipedes.
1098 3349 1169 3429 Sic
1182 3363 1360 3432 gugugnmus
1387 3357 1474 3415 bearae
1505 3359 1644 3416 memorias
1676 3362 1801 3432 Gregorii
1835 3362 1985 3437 discipulus

332 3434 395 3488 quis
410 3432 475 3487 ergo
490 3424 561 3471 mtra
574 3416 624 3471 has
639 3414 760 3486 publicas
773 3434 832 3473 uras
846 3424 918 3475 intus
936 3428 1072 3476 civitatem
1088 3420 1129 3475 vel
1183 3430 1271 3487 „nou
1286 3431 1438 3488 salvatoris
1450 3430 1552 3485 nomini
1562 3432 1740 3500 consecravit,
1755 3434 1800 3491 oui
1814 3435 1850 3489 od
1865 3453 1985 3505 praesoog

331 3496 410 3543 entra
424 3484 521 3543 sode'rit
537 3486 578 3541 uel
593 3487 685 3556 palum
695 3486 795 3557 fixerit,
806 3488 1014 3561 sequiturillum
1024 3504 1131 3561 praepo-

330 3560 399 3613 situs
412 3558 486 3629 regis
499 3556 654 3631 ubicunque
677 3558 782 3628 abierit,
798 3566 825 3615 et
848 3561 993 3617 emendam
1016 3560 1131 3633 accipiet

332 3630 369 3685 ad
384 3644 453 3698 opus
466 3626 547 3699 regis.
561 3651 573 3679 a

368 3708 731 3792 (ti)Pr·aerepitAugastirao
746 3714 779 3767 ut
793 3710 916 3777 eiusdem
924 3710 1035 3767 ordinis
1044 3712 1128 3777 viros,

332 3781 416 3842 caius
430 3782 459 3835 at
474 3779 533 3851 ipse
547 3784 676 3837 noscitur
690 3797 758 3837 esse.
782 3782 931 3839 Nanachos
951 3797 1050 3907 nempe
1072 3782 1128 3835 Be·

330 3848 492 3917 nedictinos,
522 3848 556 3905 G.
580 3850 833 3919 llalmeshuriensis,
849 3852 877 3909 in
901 3868 951 3907 ms.
971 3868 1004 3908 ao
1026 3852 1067 3907 iae
1090 3852 1129 3907 De

331 3918 537 3993 antiquitatibus
551 3919 684 3977 Ecclesiae
699 3922 905 3987 Glastoniensis,
921 3930 983 3979 ante
996 3926 1035 3977 Au
1059 3922 1128 3977 usti-

331 4008 396 4048 num
404 3991 499 4047 scribit
511 4012 521 4041 i
534 3994 683 4048 monachos
693 3993 1026 4049 GlastonlansisEcclesiaa
1035 3938 1129 4065 lantque

330 4078 383 4133 par
409 4069 451 4117 cst
477 4076 543 4117 sane
570 4062 679 4118 credere
706 4064 788 4119 oham
816 4067 938 4135 caeteros)
953 4080 1028 4120 more
1042 4065 1128 4145 AEgp-

330 4132 477 4204 ptiensium
491 4134 687 4189 monachorum
703 4134 786 4189 vitain
802 4134 919 4207 degisse.
935 4134 1004 4191 ilinc
1018 4134 1127 4205 (inquit,

330 4212 393 4275 post
407 4204 553 4259 adrentum
576 4203 678 4259 seilicet
701 4205 855 4277 Augustini)
876 4206 903 4259 in
925 4205 1039 4261 dirersis
1063 4205 1129 4261 locis

330 4274 492 4331 ordinantur
502 4273 580 4330 sedes
593 4275 772 4345 episcopales,
788 4284 978 4331 coustmantur
991 4284 1128 4332 monaste·

329 4344 371 4401 ria
385 4344 534 4401 secundum
550 4344 582 4401 B.
599 4346 683 4400 Patris
700 4347 837 4403 Benedicti
852 4348 983 4419 Regulam
1000 4348 1057 4402 Deo
1073 4346 1127 4401 mi-

328 4415 444 4480 litantia,
460 4414 497 4469 ita
510 4422 540 4469 ut
554 4424 648 4484 postea
661 4417 689 4471 in
704 4426 785 4489 gente
799 4418 949 4487 Anglorurn
968 4416 1033 4473 nulli
1049 4432 1128 4488 repe-

329 4486 434 4542 riantur
450 4486 576 4541 monachi
599 4488 664 4559 quin
685 4487 821 4543 luerintli.
838 4488 976 4545 benedicti
996 4487 1129 4555 Regulam

328 4556 461 4629 professi.
476 4556 541 4611 lude
557 4556 597 4611 his
611 4558 779 4630 temporibus
792 4559 820 4613 in
834 4560 998 4617 monasterio
1017 4558 1128 4615 Glasto·

329 4628 419 4683 nicusi
445 4627 529 4697 capit
555 4628 643 4698 primo
671 4630 766 4685 oedem
794 4646 822 4685 re
844 4631 889 4686 ula
915 4630 1035 4687 exerceri
1056 4630 1128 4700 quod

327 4698 407 4769 prius
422 4696 506 4753 luerat
520 4713 595 4754 more
613 4700 801 4757 coeoohiorum
848 4702 958 4773 gyptio
983 4700 1033 4755 his.
1050 4700 1128 4757 codi-

328 4785 390 4825 cem
405 4785 455 4839 pro
471 4768 571 4841 insigni
586 4785 634 4825 sua
646 4771 810 4827 humanitate
832 4788 913 4844 quam
936 4771 1025 4827 studia
1039 4780 1131 4827 nostra

330 4840 433 4911 optima
476 4847 625 4895 mareotem
670 4849 801 4911 perpetuo
841 4850 921 4913 atque
958 4842 1135 4899 libentissima

330 4918 498 4981 agnoscunt,
520 4910 729 4968 communicavit
747 4928 853 4969 mecum
868 4912 933 4969 olim
955 4913 986 4968 V.
1003 4913 1039 4969 cl.
1053 4922 1133 4984 atque

329 4980 406 5037 omni
423 4980 584 5036 eruditionis
606 4998 705 5053 genere
721 4998 881 5055 summoque
892 4984 997 5054 judicio
1011 4984 1133 5039 ornatis·

330 5052 418 5107 simus
431 5050 550 5106 Thomas
561 5052 682 5123 Alienus,
700 5054 898 5111 Glocestrensis
912 5054 1040 5123 sodalitii,
1052 5062 1133 5136 atque

329 5122 516 5179 celeberrima
538 5122 696 5181 Academia
720 5123 881 5181 Oroaiensis
903 5124 987 5182 decus
1000 5124 1133 5197 insigms-

329 5194 441 5249 simum.
459 5194 512 5249 Sed
529 5193 639 5250 minime
651 5194 726 5251 credi
740 5194 976 5263 rolantuonnulli,
987 5198 1133 5253 manacho·

330 5282 390 5319 runi
417 5264 629 5337 Aigyptirusinm
656 5266 774 5321 instituta
804 5268 876 5339 (quae
898 5267 980 5339 pleno
1004 5268 1133 5324 demensa

330 5338 432 5391 horreo
463 5336 593 5393 hahentur
620 5336 692 5407 apud
721 5336 891 5407 Cassianum)
920 5337 947 5392 in
985 5335 1132 5395 Occidente

330 5422 453 5475 unquam
469 5423 529 5461 esse
543 5415 667 5475 r·rropta;
694 5424 747 5479 qua
768 5408 803 5465 de
817 5424 845 5465 re
858 5408 978 5475 consule,
994 5408 1016 5463 si
1031 5409 1131 5479 placet,

329 5477 476 5533 llenricum
507 5478 729 5549 l'andonzypium
758 5486 827 5549 part.
856 5494 887 5535 tu
917 5480 957 5535 De
984 5478 1131 5535 monastico

328 5546 426 5605 oriline
441 5548 469 5603 S.
496 5548 630 5617 Gregorii,
656 5566 718 5619 cap.
738 5552 764 5603 a.
788 5554 876 5619 Atque
900 5548 986 5605 fusius
1012 5550 1133 5621 disputat

330 5620 379 5673 ille
401 5619 428 5674 in
450 5619 573 5687 ejusdcm
591 5619 650 5674 libri
666 5628 735 5688 part.
750 5634 789 5687 ιιι,
806 5635 867 5691 cap.
886 5620 911 5688 l,
937 5620 972 5676 de
991 5618 1132 5693 Augustini

328 5689 415 5745 nostri
441 5690 545 5745 latialia
566 5706 647 5761 quam
665 5690 736 5745 haud
755 5690 834 5745 attam
851 5690 943 5759 luisse,
958 5700 1133 5761 praeteream

327 5760 354 5815 iu
383 5778 436 5832 qua
461 5770 581 5815 sacratus
605 5770 660 5817 emt
686 5762 714 5816 S.
732 5761 892 5833 Gregorius,
919 5769 958 5816 cst
979 5770 1045 5834 puto
1060 5760 1133 5833 apud

327 5847 424 5887 onrnes
439 5832 466 5885 in
483 5832 619 5887 confesso.
633 5832 723 5887 Etiam
738 5832 796 5903 ipse
811 5832 958 5903 Gregorius
973 5834 1038 5889 satis
1055 5840 1133 5889 testa·

330 5911 375 5957 tur
401 5902 450 5957 lib.
470 5918 519 5971 ιιι,
547 5902 627 5973 epist.
653 5906 711 5957 att.
741 5902 781 5957 ad.
806 5902 949 5975 Syagrium
973 5919 988 5959 e
1009 5904 1134 5975 iscopum

329 5973 615 6045 Augustodnneusem,
639 5974 685 6029 uhi
706 5974 885 6046 Augustiuum
908 5920 1049 6047 quonlam
1071 5990 1134 6034 mo-

328 6044 452 6105 nasterii
462 6046 518 6101 mci
531 6048 715 6119 prepositum
729 6052 818 6105 roret.
834 6048 868 6102 At
881 6046 1063 6118 Equitiaaam,
1079 6060 1135 6105 non

1204 3518 1303 3559 raeesae
1342 3500 1512 3573 dignoscitur
1553 3501 1745 3558 dilectissimus
1779 3505 1864 3561 irater
1891 3515 1985 3565 noster

1223 3571 1355 3636 urentius,
1372 3574 1487 3626 licenter
1499 3585 1550 3636 per
1572 3572 1665 3627 omnia
1684 3576 1910 3632 monachorumr
1968 3610 1984 3621 -

1183 3642 1277 3699 lariter
1302 3642 1451 3698 virentium
1478 3640 1674 3697 habitationem
1702 3650 1804 3701 statuat
1834 3650 1987 3716 speratas

1183 3712 1349 3769 aucmritate
1372 3712 1559 3778 decemeotes,
1575 3720 1604 3766 ut
1625 3711 1676 3782 ipsi
1695 3714 1775 3769 rastri
1792 3716 1988 3787 predicatores

1183 3782 1315 3839 monachi
1345 3783 1544 3837 monachorum
1572 3797 1686 3854 gregem
1713 3783 1766 3840 sibi
1793 3786 1935 3854 associent,
1959 3798 1987 3847 at

1184 3869 1281 3911 eorum
1304 3852 1389 3909 vitam
1417 3851 1588 3908 sanctitatum
1616 3852 1739 3909 moribus
1762 3866 1904 3913 exornent.
1920 3859 1988 3929 Quas

1181 3933 1274 3981 nostra
1297 3923 1416 3993 decreta,
1444 3922 1468 3978 si
1503 3922 1564 4003 quis
1595 3938 1783 3982 successomm
1818 3938 1986 3999 aestrorum,

1181 3996 1240 4052 sive
1271 4010 1379 4067 regum,
1412 3994 1472 4049 sive
1493 4008 1697 4065 episcopomm,
1730 3996 1893 4055 clericorum
1925 4001 1984 4059 sire

1181 4066 1313 4123 laicorum
1327 4064 1401 4121 irrita
1416 4064 1507 4121 iacere
1521 4065 1673 4145 tentareris,
1697 4080 1715 4121 a
1735 4068 1859 4141 principe
1872 4081 1984 4142 aposto·

1181 4136 1270 4193 lomm
1284 4138 1373 4205 Petro,
1392 4144 1422 4193 et
1444 4152 1461 4191 a
1483 4144 1587 4191 cunctis
1610 4139 1812 4195 comessoribus
1835 4141 1892 4197 suis
1913 4159 1983 4199 ana·

1181 4207 1306 4265 thematis
1319 4205 1451 4264 vocabulo
1465 4205 1615 4277 subjacent,
1639 4209 1729 4279 quoad
1752 4226 1836 4282 usqua
1896 4214 1931 4269 od
1947 4222 1987 4272 te·

1181 4278 1301 4334 macario
1326 4294 1392 4333 ausa
1414 4276 1530 4349 peregit.
1548 4276 1663 4333 Domino
1680 4279 1782 4349 placita
1795 4281 1861 4336 satis
1873 4284 1982 4343 actione

1201 4349 1321 4417 (animat,
1337 4356 1364 4403 et
1377 4347 1437 4417 ejus
1450 4347 1645 4420 inquietudinis
1653 4364 1747 4404 raram
1762 4353 1981 4411 emendationem

1181 4366 1275 4476 laniat.
1292 4441 1304 4467 ι
1329 4422 1383 4473 Aut
1400 4418 1407 4429 ‘
1430 4418 1484 4471 itur
1498 4417 1586 4487 prima
1600 4417 1680 4489 eujus
1694 4429 1789 4475 auctor
1803 4426 1844 4477 Au
1898 4425 1982 4495 tinas,

1180 4490 1352 4545 institutione
1377 4435 1532 4568 collatitiam
1551 4488 1632 4558 hujus
1647 4490 1764 4545 coenobii
1778 4439 1982 4565 eratffqnitia·

1181 4577 1246 4616 num
1274 4567 1321 4615 aut
1347 4558 1561 4615 Benefflctmum.
1585 4558 1682 4629 Neque
1704 4560 1777 4615 euim
1805 4562 1984 4622 dubitatura

1182 4630 1298 4687 baronio
1320 4629 1386 4711 quin
1406 4638 1432 4685 et
1446 4628 1618 4701 Augustinus
1632 4638 1659 4685 et
1673 4630 1824 4703 Gregorius
1843 4634 1983 4717 Equitiaui

1186 4709 1333 4771 esseut,s1
1361 4715 1416 4755 non
1440 4698 1618 4755 benedictini.
1644 4700 1673 4756 Si
1696 4704 1785 4771 primo
1811 4704 1985 4777 Equitianum

1187 4772 1292 4842 inisset,
1307 4785 1449 4827 recemum
1475 4770 1557 4841 plane
1583 4776 1641 4827 erat
1669 4779 1698 4827 nt
1719 4774 1828 4831 noreio
1850 4776 1985 4846 eiusmodi

1188 4840 1363 4915 postmodum
1385 4840 1528 4899 accederet
1551 4857 1611 4911 quaa
1631 4838 1660 4896 in
1678 4842 1880 4901 mosaicarum
1902 4852 1988 4906 trena·

1187 4922 1314 4971 mutaret.
1337 4914 1373 4969 At
1381 4927 1437 4969 non
1450 4912 1533 4967 modo
1547 4911 1613 4967 nihil
1625 4913 1761 4984 ejusmodi
1777 4917 1919 4987 reperitur,
1935 4920 1986 4977 sed

1188 4986 1219 5039 in
1246 4984 1312 5066 ipsis
1340 4984 1425 5039 etiam
1452 4980 1633 5062 incnnabulis.
1658 4984 1747 5052 ajam
1760 4984 1833 5042 dicto
1847 4988 1987 5047 Boniiamo

1187 5063 1306 5111 sancum
1332 5061 1362 5109 ut
1378 5053 1504 5111 monachi
1527 5053 1580 5123 (sic
1602 5060 1666 5109 aute
1679 5053 1787 5127 legitur)
1799 5056 1847 5127 qui
1859 5058 1899 5115 ibi
1912 5070 1989 5118 eram

1187 5126 1224 5182 ah
1246 5124 1395 5197 Augustino
1419 5122 1533 5179 instituti
1559 5124 1755 5181 monachorum
1790 5127 1845 5183 sibi
1872 5146 1986 5214 gregem

1187 5196 1355 5253 associarent
1380 5201 1407 5250 et
1433 5208 1529 5250 eorum
1556 5194 1640 5250 vitam
1665 5198 1838 5255 sanctitatum
1865 5202 1988 5262 moubua

1187 5272 1361 5332 cremarent,
1372 5272 1399 5320 et
1412 5279 1447 5320 ue
1462 5264 1524 5338 quis
1537 5265 1647 5322 omniuo
1666 5267 1769 5325 sancito
1791 5270 1833 5326 illi
1855 5273 1986 5332 adversa·

1187 5347 1270 5407 retur,
1286 5334 1444 5409 gravissima
1472 5342 1579 5391 cautum
1602 5343 1646 5393 est
1668 5337 1899 5414 interminatione,
1914 5346 1988 5405 acsi

1184 5408 1309 5481 jussisset
1322 5422 1417 5463 omnes
1443 5406 1564 5476 ejusdem
1575 5407 1695 5476 remilia,
1711 5410 1835 5480 ejusdem
1856 5416 1986 5481 sodalitii.

1188 5493 1241 5550 quo
1266 5479 1384 5551 primum
1408 5476 1514 5533 irremnt
1531 5476 1653 5547 instituti,
1669 5487 1696 5535 et
1719 5497 1820 5539 nomen
1847 5492 1874 5541 et
1897 5502 1988 5545 morea

1207 5558 1319 5620 erpetuo
1338 5548 1376 5604 ihi
1399 5562 1523 5603 serrare.
1541 5548 1636 5618 Neque
1661 5566 1740 5622 sane,
1754 5553 1805 5609 uisi
1830 5571 1904 5613 mere
1917 5557 1987 5616 lictis

1186 5567 1473 5685 luminositatis,
1502 5622 1549 5674 aut
1571 5620 1723 5677 novationis
1758 5624 1914 5695 hiquemodi
1941 5638 1988 5686 aut

1187 5691 1308 5747 nominis
1324 5696 1371 5746 aut
1392 5703 1496 5745 normae
1516 5692 1749 5749 transmutationis
1760 5696 1906 5769 vestigium
1933 5698 1987 5754 ali·

1187 5762 1261 5835 quod
1276 5766 1371 5817 exstat.
1402 5758 1463 5829 Qua
1480 5760 1516 5815 de
1539 5776 1568 5815 re
1595 5761 1739 5835 diligenter
1756 5766 1836 5821 etiam
1864 5769 1987 5826 consului

1189 5833 1295 5889 tabulas
1307 5832 1366 5903 jam
1388 5830 1454 5887 dieti
1476 5830 1603 5901 coeaobii,
1618 5832 1666 5888 ubi
1687 5836 1887 5906 quamplurima
1900 5854 1988 5912 eaque

1188 5902 1374 5960 vetustissima
1394 5902 1554 5974 pontificum
1576 5902 1763 5974 instrumenta,
1778 5906 1876 5977 quihus
1898 5912 1986 5967 muni.

1191 5982 1247 6033 tum
1261 5981 1313 6041 est.
1327 5972 1485 6045 camperio;
1507 5971 1665 6044 huiusmodi
1678 5990 1743 6030 vero
1757 5980 1988 6043 mannariora

1190 6060 1279 6120 neque
1301 6043 1393 6105 solam
1414 6044 1655 6117 comperiensque
1668 6043 1823 6118 resigium.
1838 6050 1988 6115 nannet·

1585 319 1591 322 ·
1605 319 1843 330 *Wwwss-
1863 322 2051 337 “ww-*rs*
2061 325 2065 327 “
2107 324 2119 327 “
