4750 6725
442 602 494 661 scr
921 592 1081 653 annuam
1097 592 1271 651 uoutcmr
1290 592 1578 655 cruruunrensrs.
2048 591 2102 655 ser
2178 554 2179 573 Ν

439 724 631 800 assequentur.
651 723 745 794 Itaque
757 718 828 777 sicut
847 719 954 793 angelis
971 718 1039 775 nibil
1054 718 1169 787 obsistit,
1189 732 1241 776 nee
1255 720 1285 785 Α
1298 718 1351 775 sint
1379 720 1566 792 experimento
1593 720 1747 777 didicemnt
1773 719 1802 775 in
1827 734 1867 791 ee,
1894 727 1923 776 at
1949 721 2023 792 quod
2049 736 2101 777 nec

439 814 542 887 aliquid
556 828 604 871 eos
618 810 751 883 impedire
771 808 815 866 rel
833 809 1020 882 constringere
1046 815 1138 880 potest
1159 808 1236 880 quin,
1293 825 1375 867 sensu
1389 809 1511 881 percepi,
1526 824 1577 865 nec
1591 809 1627 864 ab
1640 808 1697 865 ullo
1720 808 1768 882 qui
1783 808 1944 881 perceperit,
1972 816 2001 865 ut
2029 808 2098 879 dixi,

437 902 575 976 prevello
588 916 648 970 suo,
664 902 762 956 cuncta
792 897 931 955 liberrime
954 903 1116 969 penetrent;
1133 897 1170 952 ita
1183 912 1239 953 nnn
1292 898 1397 971 accepi,
1413 898 1576 955 noueodem
1592 898 1683 955 modo.
1700 896 1818 955 Credere
1846 905 1936 953 tumen
1951 905 1978 955 et
2001 898 2100 955 incun-

438 992 490 1050 erit
499 989 668 1049 obstaculum
691 988 776 1045 ullum
791 986 863 1059 quod
881 1002 933 1043 nos
946 987 1074 1055 retardet,
1089 1000 1145 1043 uon
1159 986 1238 1043 cleu·
1292 994 1407 1055 omnler,
1433 994 1462 1041 ut
1490 1001 1550 1043 mee
1571 985 1682 1057 quidem
1698 984 1749 1041 lert
1766 986 1869 1058 opinio,
1885 993 2007 1043 “tmere
2034 987 2098 1045 licet

437 1096 569 1153 suraque
582 1077 770 1144 uosdetineat,
798 1092 853 1133 nou
867 1076 1032 1132 elementum
1059 1074 1133 1146 quod
1159 1072 1239 1131 uobis
1291 1074 1436 1131 seuitetem
1451 1074 1514 1131 ritae
1528 1073 1625 1131 luturte
1638 1073 1677 1131 ita
1695 1074 1790 1147 jugem
1805 1082 1831 1131 et
1844 1074 2097 1132 incommutabilem

435 1168 471 1225 ad
484 1167 558 1226 veile
568 1165 811 1240 perriomomnino
826 1172 987 1222 nnnexstet.
1003 1163 1131 1235 Exempli
1143 1179 1237 1227 causa,
1290 1166 1370 1235 etque
1384 1162 1571 1220 inviolabilem
1586 1163 1646 1219 lore
1659 1171 1690 1219 ut
1709 1162 1841 1219 ineffabili
1857 1164 1977 1237 quadam
2014 1172 2096 1235 atque

433 1264 507 1315 certe
521 1256 694 1313 Dominicnm
705 1270 817 1328 corpus,
843 1253 887 1311 cui
902 1251 1097 1327 configuranda
1121 1267 1237 1326 corpore
1290 1251 1408 1308 sensibili
1429 1251 1568 1308 suavitatis
1590 1250 2094 1325 dulcedinetotumhomiuemrepleat,
2178 1250 2179 1259 ’

431 1343 1035 1417 nostrsl’aulostestatur(Pbilip.rrr,lll),et‚
1053 1358 1134 1414 supra
1141 1343 1238 1399 merui·
1291 1347 1318 1397 et
1344 1355 1426 1397 omne
1454 1340 1527 1413 quod
1542 1340 1658 1411 alicujus
1670 1340 1698 1395 in
1708 1357 1738 1397 se
1751 1340 1957 1412 vicissitudinis,
1972 1341 2093 1399 mutabi-

430 1434 531 1505 nimus,
547 1432 642 1491 clauso
655 1433 783 1505 sepulcro
798 1429 937 1490 emortuis
951 1430 1075 1501 surrexit,
1083 1446 1117 1489 ac
1125 1430 1235 1488 demum
1289 1427 1381 1499 litatis,
1397 1435 1443 1484 aut
1457 1427 1578 1485 lesionis
1599 1429 1780 1500 suspicionem
1805 1430 1976 1501 pretendere
2002 1439 2092 1504 quest,

431 1522 468 1580 ad
495 1522 644 1594 discipulos
660 1520 901 1591 obseratisjenuis
928 1518 1098 1592 palpandum
1129 1520 1239 1579 introiit
1287 1518 1384 1588 procul
1398 1525 1490 1577 arcent
1505 1524 1584 1590 etque
1599 1518 1722 1589 repellat.
1736 1519 1801 1576 Ilaec
1828 1518 1864 1575 de
1877 1519 1991 1575 sanitate
2018 1519 2092 1576 dicta

430 1612 523 1683 (loon,
537 1628 589 1681 xx,
604 1614 650 1682 26,
665 1610 722 1680 et),
738 1609 873 1681 uobisque
886 1608 915 1664 iu
928 1610 982 1667 boc
995 1607 1128 1665 libertatis
1138 1607 1236 1667 luturae
1288 1602 1351 1661 siut.

432 1698 625 1758 documentum
646 1699 751 1771 grande
761 1698 879 1769 reliquit.
1599 1696 1710 1755 carot
1732 1698 1775 1754 VI.

751 1788 863 1845 carot·
883 1789 917 1846 ll.
1571 1788 1610 1843 lle
1641 1786 1797 1858 voluptate.

672 1880 711 1936 lle
737 1876 984 1951 impossibilitate.
1322 1872 1392 1929 llinc
1405 1888 1437 1931 eo
1452 1874 1547 1931 ordine
1563 1889 1616 1946 qun
1631 1874 1741 1948 singula
1755 1874 1902 1948 dequibus
1927 1874 2091 1933 instituimus

465 1970 555 2041 Super
567 1969 627 2025 haec
640 1967 785 2023 sanitatem
809 1965 895 2022 cinari
912 1966 947 2021 ab
974 1965 1131 2023 horninibus
1158 1964 1232 2022 dixi-
1288 1966 1402 2018 uacmre
1442 1965 1644 2035 proposuimus,
1687 1962 1855 2035 voluptatem
1889 1965 2090 2036 subjunximus,

429 2072 499 2113 mus.
521 2058 555 2113 Et
582 2058 617 2112 de
630 2056 682 2113 bac
698 2054 764 2127 qnid
775 2055 873 2111 melius
886 2054 940 2111 dici
950 2055 1049 2127 poterit
1062 2071 1145 2127 quam
1159 2055 1232 2125 quod
1246 2074 1274 2136 13
1288 2066 1370 2121 quarn
1384 2050 1438 2107 alio
1458 2051 1567 2107 nomine
1596 2067 1788 2124 corporeorum
1815 2069 1943 2110 sensuum
1969 2054 2091 2112 delecta-

427 2144 569 2201 Psalmists
578 2145 661 2213 canit,
671 2144 1078 2217 Salnr,inquieus‚jestoromc
1088 2143 1233 2201 nomino?
1287 2138 1388 2195 tionem
1403 2140 1588 2211 appellemus.
1602 2140 1636 2196 Et
1650 2143 1708 2197 lraec
1721 2140 1831 2213 quidem
1847 2158 2014 2216 magnopere
2023 2144 2090 2200 solet

426 2233 518 2306 (Paci.
539 2249 642 2303 xxxvi,
670 2235 727 2304 39.)
751 2231 857 2302 Quibus
869 2242 960 2288 autam
974 2232 1055 2288 luerit
1077 2248 1093 2288 s
1113 2232 1232 2290 Domino
1284 2228 1380 2297 amari,
1395 2228 1459 2300 quie
1474 2229 1574 2303 singuli
1589 2229 1714 2302 corporis
1735 2228 1766 2258 ’⁰'
1793 2247 1887 2287 sensus
1913 2232 1942 2287 in
1966 2232 2001 2288 iis
2029 2250 2090 2306 quer

426 2336 491 2378 nera
506 2322 617 2391 sanitas,
634 2338 694 2393 quae
708 2321 849 2392 subripere
863 2320 964 2377 valebit
985 2319 1130 2378 infirmitas
1144 2322 1159 2375 t
1174 2320 1230 2377 Ve-
1284 2316 1336 2372 sibi
1367 2318 1514 2374 commoda
1547 2318 1675 2388 judicant
1718 2319 1895 2377 delectentur.
1931 2321 2089 2378 Delectatur

427 2426 488 2467 rum
503 2411 538 2467 de
551 2410 737 2480 istasanitate,
759 2425 840 2481 quam
859 2408 888 2464 iu
901 2409 989 2466 tuturo
1003 2409 1104 2467 seculo
1114 2409 1229 2465 babebi—
1283 2405 1394 2477 quippe,
1410 2414 1451 2475 ut,
1467 2406 1542 2463 verbi
1558 2408 1658 2481 gratia,
1674 2410 1768 2482 paucis
1781 2410 1888 2467 dicatur
1899 2408 1940 2481 ¹⁰⁹,
1956 2410 2088 2469 odoratos

425 2516 498 2568 mus,
514 2499 587 2572 quod
611 2498 769 2571 exemplum
791 2496 886 2556 afferre
907 2514 1014 2571 comm,
1043 2502 1073 2556 ut
1105 2514 1167 2570 quae
1195 2498 1230 2554 sit
1282 2493 1411 2550 odoribus
1425 2494 1516 2563 seriis,
1532 2503 1559 2552 et
1573 2504 1669 2569 gustus
1684 2514 1773 2555 rerum
1802 2498 1971 2556 diversamm
2001 2516 2087 2573 sapo-

425 2588 604 2661 iutelligatun
620 2604 675 2645 non
694 2587 786 2656 rideo,
804 2586 868 2660 quia
883 2588 949 2643 uiuit
970 2587 1100 2658 sanitatis,
1116 2588 1188 2659 quod
1203 2586 1228 2644 ei
1281 2581 1358 2637 ribus
1372 2582 1495 2651 diversis,
1512 2600 1598 2642 necue
1627 2582 1728 2660 singuli
1744 2587 1790 2643 alii
1809 2604 1904 2645 sensus
1928 2586 1960 2618 ¹¹¹
1988 2589 2031 2644 bis
2058 2596 2086 2646 et
2178 2644 2179 2647 ,

424 2692 584 2750 comparare
594 2678 706 2749 mim,
735 2677 884 2750 aucegoin
905 2693 960 2745 me,
975 2684 1022 2733 nur
1049 2676 1147 2750 aliquis
1176 2676 1227 2732 sub
1281 2669 1345 2741 illis,
1355 2671 1432 2742 juxta
1446 2672 1519 2745 quod
1532 2673 1636 2745 cuique
1649 2674 1701 2731 lert
1723 2674 1754 2706 ¹¹¹
1782 2678 1912 2734 naturalis
1937 2678 2084 2750 appetitus.

423 2766 533 2823 mortali
547 2781 631 2824 came
659 2766 762 2839 degens
781 2766 865 2822 sensit
882 2766 911 2821 in
925 2782 965 2822 se,
980 2766 1030 2822 Hic
1051 2767 1152 2823 etenim
1168 2774 1226 2822 cum
1281 2758 1342 2815 lstae
1357 2767 1448 2816 temen
1466 2760 1662 2820 delectationes
1675 2779 1731 2820 nou
1746 2780 1855 2838 semper
1872 2766 2020 2839 delectent,
2035 2768 2085 2823 sed

424 2854 575 2912 nobissani
589 2854 723 2923 ridemur,
740 2870 801 2911 cum
824 2854 893 2910 nibil
912 2855 940 2910 in
953 2853 1032 2911 nobis
1046 2855 1122 2928 quod
1135 2854 1225 2911 doleat
1280 2846 1335 2902 sois
1363 2864 1473 2921 quoque
1497 2849 1664 2908 amatoribus
1684 2852 1726 2907 soi
1750 2868 1943 2927 nonnunquam
1972 2854 2084 2911 muru

422 2943 566 3000 sentimus.
583 2941 714 3000 Fallimur
725 2947 816 2999 tamen
830 2957 1023 3014 nonnunquam
1034 2943 1062 2998 in
1076 2944 1137 3000 hoc.
1153 2944 1224 2999 Narn
1279 2935 1427 3009 ingerunt;
1446 2938 1739 3013 transitoriaennmquc
1754 2950 1856 3000 suntet
1872 2942 2010 3001 bestiales.
2027 2944 2084 3001 lllre
2178 3014 2179 3021 ἵ

421 3033 579 3105 frequenter
592 3032 622 3087 in
635 3030 726 3105 aliqua
740 3032 948 3104 partecorporis
966 3031 1144 3101 infirmamur,
1172 3048 1224 3089 nec
1278 3040 1353 3095 vero,
1369 3026 1468 3097 quaeiu
1482 3026 1729 3087 futuromsaecuto
1750 3031 1829 3103 plene
1855 3032 1935 3104 justis
1962 3033 2084 3089 admini—
2178 3076 2179 3085 ,

422 3124 516 3175 minen
529 3120 583 3176 hoe
591 3121 681 3191 ipsum
696 3120 747 3175 nisi
760 3126 806 3175 aut
825 3129 903 3175 motu
917 3120 1049 3192 corporis,
1078 3128 1125 3176 aut
1152 3128 1223 3176 tactu
1277 3112 1435 3171 atrabentur
1450 3124 1576 3187 perpetes
1590 3124 1652 3174 sunt
1667 3123 1694 3174 et
1708 3118 1894 3177 rationabiles.
1921 3121 2014 3192 Quare
2029 3139 2084 3179 non
2178 3156 2179 3165 κ

422 3207 517 3279 aliquo
527 3207 583 3264 ullo
598 3217 677 3280 pacto
687 3206 852 3280 experimur.
876 3211 910 3264 tt
937 3208 972 3265 de
986 3209 1022 3264 iis
1049 3209 1095 3281 qui
1114 3224 1165 3265 nec
1184 3210 1223 3266 ita
1275 3201 1356 3259 tideo
1368 3210 1399 3259 ut
1413 3204 1531 3277 qualiter
1540 3204 1730 3280 intelligantur
1737 3209 1822 3281 possit
1832 3209 1912 3281 edici,
1924 3213 2083 3282 praesertim

420 3295 605 3363 infirmentur,
624 3297 674 3355 sed
688 3296 761 3354 omni
771 3312 805 3353 ex
823 3304 903 3369 parte
912 3296 963 3354 sibi
977 3282 1034 3353 sani
1049 3314 1107 3355 esse
1121 3298 1221 3355 riden-
1275 3305 1348 3362 oum,
1377 3292 1405 3347 io
1435 3291 1664 3351 delectationibus
1686 3296 1750 3354 rite
1777 3298 1929 3370 presentis,
1952 3315 2008 3372 qno
2034 3316 2081 3357 css

422 3393 474 3456 rur,
490 3384 554 3458 quid
569 3387 745 3456 dicemusfflt
771 3395 860 3444 utrum
874 3387 928 3444 sint
951 3386 1060 3444 vernon
1081 3389 1134 3444 sinc
1161 3387 1220 3444 sani
1276 3379 1452 3453 designemus
1467 3384 1594 3455 exemplo
1608 3387 1867 3458 nequeatiureuiri.
1882 3388 2080 3448 Delectatioui·
2178 3375 2179 3400 ³

419 3475 721 3547 probemustoropone
736 3475 910 3549 tibialiquem
918 3477 1092 3533 sanissimum
1099 3493 1223 3548 corpore,
1240 3433 1444 3526 conserentur
1459 3470 1512 3526 illio
1526 3487 1581 3544 otto
1595 3474 1685 3546 magis
1706 3475 1820 3550 quisque
1847 3485 1945 3547 otetur·
1960 3494 1994 3536 o⁰
2022 3479 2081 3536 for·
2178 3477 2179 3522 ³

420 3570 448 3621 et
463 3565 496 3620 de
510 3564 626 3622 sanitate
655 3565 882 3637 illiussciscitare,
898 3574 1028 3623 sanusest
1041 3581 1090 3623 suo
1101 3565 1220 3638 judicio.
1277 3557 1387 3614 ttssfiut
1403 3558 1660 3631 itlasamplactetur,
1677 3563 1741 3634 outa
1767 3580 1801 3621 et
1816 3580 1912 3622 earum
1936 3570 2080 3626 saturitate

416 3651 468 3709 llic
483 3654 544 3709 talis
557 3654 641 3726 paulo
654 3653 750 3711 durius
774 3662 909 3728 tangatur,
934 3663 979 3712 aut
1003 3655 1032 3710 in
1059 3655 1155 3727 aliqua
1181 3650 1222 3710 sui
1277 3645 1381 3704 nullum
1406 3646 1544 3706 fastidium
1560 3649 1605 3706 ulli
1635 3656 1753 3708 creetur.
1783 3653 1858 3722 Quas
1881 3654 2080 3713 delectationes
2178 3671 2179 3684 ¹

419 3741 541 3816 ωφοῄς
559 3751 636 3815 pm„
655 3743 756 3800 arctius
783 3745 992 3817 meringum„
1017 3753 1044 3800 οι
1063 3745 1153 3800 ,mim
1178 3743 1221 3800 vi.
1277 3733 1415 3792 neminem
1430 3735 1457 3791 in
1471 3737 1523 3793 bac
1538 3737 1702 3796 mortalitate
1716 3739 1854 3799 virentem
1866 3758 1929 3800 esse
1943 3751 2019 3816 puto,
2035 3745 2079 3800 rel

420 3830 501 3886 debis
524 3831 588 3902 quia
605 3832 758 3889 clamabit:
775 3833 852 3901 Siue,
878 3833 957 3888 laedis
983 3849 1037 3901 me,
1067 3848 1221 3890 rexasme.
1278 3821 1372 3894 suiset,
1403 3823 1448 3898 qui
1474 3825 1590 3882 senserit
1602 3824 1643 3894 ¹¹⁸,
1659 3828 1703 3886 tel
1730 3831 1890 3902 aboleverit,
1918 3840 1948 3888 ut
1970 3833 2078 3889 illatum

417 3919 541 3991 Quidesl
554 3920 609 3977 hoc,
622 3919 637 3974 Ὺ
651 3921 831 3992 Nonpeprius
845 3938 946 3979 seesse
960 3922 1224 3988 sanumdicebatiep
1276 3927 1403 3986 prOlolll
1417 3913 1461 3971 vel
1489 3914 1675 3974 habitudinem
1698 3919 1806 3976 baeteli!
1832 3919 1956 3994 digami&
1979 3924 2076 3996 possit.

418 4017 483 4065 tunc
498 4008 607 4064 modice
621 4016 717 4076 tactus,
736 4009 773 4066 ite
800 4009 924 4067 dolenter
950 4012 1109 4068 succlamat.
1133 4012 1222 4068 lstene
1276 4002 1350 4059 Duos
1375 4002 1447 4058 0¹13!ss
1470 4003 1663 4074 beatitudines,
1693 4015 1720 4064 tt
1745 4006 1813 4064 item
1839 4009 1962 4068 miseriti
1993 4013 2075 4084 (Μ’,
2178 4027 2179 4050 ¹

420 4093 470 4151 tihi
498 4110 581 4151 sanus
608 4095 717 4152 viderur
742 4099 757 4151 r
783 4098 846 4153 Non
873 4100 1222 4172 pu10,N0qucquam0rgo
1275 4091 1408 4162 maiorem
1436 4091 1563 4150 videlieet
1592 4101 1674 4168 etque
1700 4094 1832 4155 minorem
1860 4114 1921 4157 esse
1935 4101 2076 4159 novimus.

419 4183 495 4238 salus
508 4182 665 4254 hujusmodi
679 4185 886 4255 nobisdubitur,
908 4203 1022 4257 quorum
1049 4187 1150 4244 salusa
1165 4189 1221 4245 Do·
1275 4179 1410 4251 Ueterem
1436 4181 1641 4254 beatitudiuem,
1679 4201 1792 4258 toxotio
1829 4186 1879 4244 Dei
1910 4205 1917 4252 t
1943 4189 2076 4248 minorem

417 4270 494 4328 mino
509 4271 595 4328 lutura
611 4287 672 4329 esse
688 4272 845 4344 specialiter
856 4275 1059 4345 repromittitur.
1076 4277 1146 4334 Nam
1154 4276 1220 4334 obs·
1274 4268 1391 4325 ditifflut
1405 4285 1477 4338 0⁸⁸⁰r
1494 4268 1522 4326 id
1537 4288 1591 4344 t1¹¹⁰
1619 4273 1704 4328 ndum
1731 4274 1819 4345 primo
1845 4277 1950 4349 lt⁰⁸ttus
1976 4279 2075 4352 sumti
2178 4329 2179 4344 r

420 4365 513 4433 torpet
519 4361 592 4418 pem
602 4377 715 4419 omnem
727 4365 882 4436 lacrymam
902 4365 936 4420 ae
945 4366 1037 4422 ocutis
1058 4381 1175 4424 ,cmm
1188 4364 1221 4398 ’θ’
1274 4357 1405 4429 gaudium
1420 4357 1549 4429 peradisi.
1562 4361 1630 4418 ltern
1645 4362 1775 4431 maiorem
1785 4364 2076 4438 miseriam,aeternum
2178 4353 2179 4384 r

419 4450 516 4522 etjam
525 4452 645 4508 conenit
652 4451 778 4524 amplios
787 4467 878 4524 necne
887 4453 1218 4527 lactnsmecneclomor,
1274 4444 1367 4520 ignom
1379 4448 1531 4518 aohoooaet
1544 4447 1676 4506 nuuorem
1686 4449 1811 4522 fatemur,
1827 4471 1896 4525 quas
1909 4454 2078 4514 incessanter
2178 4447 2179 4450 '

417 4539 1218 4618 nepaeellendotoccconicmpriorotransieruntfflpoc.
1272 4535 2076 4608 petimurerumnaspraesentissimoenutudtnemautem
2178 4541 2179 4546 ’

418 4627 532 4699 xn‚t);
548 4631 578 4684 et
590 4631 797 4700 receserunt,
813 4633 1154 4704 nequesttemamptms,
1166 4647 1219 4689 nec
1273 4631 1397 4680 ncutmm
1411 4624 1560 4698 aliquanto
1581 4629 1687 4699 expeto
1701 4645 1803 4686 sumus.
1830 4628 1910 4701 Quod
1935 4633 1958 4690 si
1977 4635 2076 4692 saitem

419 4715 505 4773 cedet
518 4732 604 4790 super
617 4716 681 4775 illos
692 4717 745 4786 rol,
762 4733 852 4792 neque
865 4721 943 4777 ullus
953 4725 1040 4778 estes
1053 4721 1215 4793 (treisma,
1273 4711 1349 4769 illam
1359 4729 1472 4785 portam
1487 4713 1693 4788 bootitodioom‚
1710 4733 1792 4790 quom
1805 4720 1893 4776 Adam
1908 4720 1937 4777 in
1949 4723 2078 4795 paradiso

419 4805 562 4878 tempor.
574 4821 623 4873 ru,
640 4804 826 4869 ld;deaetare
839 4810 980 4866 enimenta
993 4812 1066 4867 beas
1080 4813 1154 4882 tepet
1165 4826 1220 4879 eor,
1235 4789 1261 4850 Ῑ)
1275 4801 1379 4873 posito!
1399 4802 1503 4874 babuit,
1533 4805 1636 4878 experti
1659 4821 1789 4878 eminus,
1822 4808 1891 4866 torte
1916 4825 1966 4884 per
1994 4813 2076 4885 bane,

419 4895 575 4953 etbrncltio
597 4898 697 4953 sancto
721 4895 923 4969 condescendet
943 4899 1218 4971 illos(Sop.r,tt).
1275 4889 1351 4946 ffltffl
1379 4891 1512 4963 mittem
1535 4893 1630 4967 tlttl¹¹⁰
1651 4896 1735 4952 ¹¹¹⁰d⁰
1769 4897 1947 4969 conjectando
1981 4899 2077 4960 videro

423 4984 495 5054 Quid
519 4984 612 5055 traque
630 4983 670 5040 eis
692 5000 791 5042 nocere
803 4987 906 5058 poter-it
933 4987 1031 5058 quinus
1044 4988 1157 5044 dextera
1170 4989 1221 5044 noi
1271 4995 1426 5050 essemus.
1452 4982 1523 5039 sicut
1544 4997 1618 5040 nunc
1640 4983 1670 5039 in
1683 4985 1782 5043 minori
1806 4985 1916 5044 miseria
1943 4991 2010 5061 nati,
2025 5008 2076 5048 nu-

423 5079 589 5144 tegmeutum
604 5072 680 5128 erit‘t
694 5071 893 5143 Qualiaautem
907 5077 943 5132 sit
967 5075 1067 5131 sanitas
1081 5075 1138 5147 illa,
1148 5086 1221 5134 certe
1272 5069 1328 5124 triti
1356 5075 1383 5126 ot
1410 5069 1507 5139 odulfi,
1536 5069 1621 5128 molto
1635 5071 1670 5128 dt
1696 5073 1797 5146 melori
1817 5075 1938 5150 mitorit.
1968 5081 2076 5152 quoties

418 5159 476 5216 scio
491 5176 536 5216 me
548 5175 599 5217 nec
623 5176 742 5218 menneo
755 5161 869 5234 alicuius
884 5179 963 5220 sensu
976 5165 1019 5221 rel
1034 5165 1221 5236 experimento
1271 5158 1410 5228 volomus,
1426 5159 1532 5216 edicere
1546 5167 1574 5216 et
1584 5159 1730 5231 explanare
1746 5163 1880 5222 valemus.
1899 5168 1996 5241 lisque
2009 5185 2074 5227 cum

419 5249 570 5319 accepisse.
586 5247 627 5304 lte
642 5247 758 5304 inbrium
772 5265 838 5307 nero
852 5259 879 5307 et
892 5252 1062 5309 diversarum
1077 5251 1220 5309 infirmita·
1272 5245 1425 5319 delectatio,
1441 5247 1475 5305 de
1488 5264 1542 5321 qua
1565 5249 1683 5322 agimus,
1698 5259 1802 5310 constet
1827 5269 1890 5312 esse
1903 5271 1960 5314 una
1979 5259 2075 5328 portio
2178 5255 2179 5288 ³

421 5336 630 5409 eamquebeato,
646 5337 837 5408 sicujucmodi
861 5339 915 5396 sinc
927 5342 1016 5412 quivi,
1030 5341 1219 5415 interrogarer,
1270 5351 1378 5409 magne
1392 5335 1581 5408 beatitudinis,
1600 5355 1655 5412 quo
1681 5340 1756 5398 illam
1784 5342 1867 5400 modo
1890 5345 2073 5420 explicemus,

419 5425 502 5484 leeile
516 5425 608 5481 forsan
621 5425 815 5498 intelligendas
824 5443 1002 5500 exponerem,
1017 5445 1079 5486 eum
1095 5429 1159 5501 quia
1168 5445 1221 5504 ego
1271 5434 1300 5482 ut
1314 5425 1446 5499 capiatur,
1461 5443 1516 5484 uon
1530 5427 1621 5498 rideo,
1637 5428 1690 5486 nisi
1713 5430 1783 5488 inrte
1798 5431 1826 5488 id
1840 5447 1957 5508 agamus
1980 5436 2075 5511 eliqua

418 5516 481 5575 illas
507 5513 604 5585 inme,
618 5521 674 5570 tum
689 5515 816 5587 qnoniam
830 5515 866 5572 ab
881 5517 921 5573 eis
943 5518 1037 5591 accepi
1051 5519 1221 5592 qnieasqure
1271 5515 1405 5576 conuaria
1428 5515 1603 5574 similitudine
1641 5533 1749 5592 magne
1786 5520 1904 5580 miserie
1930 5540 2014 5598 quam
2037 5542 2076 5584 ex

1079 5667 1200 5726 VleAE
1218 5667 1423 5727 Lecttottas.

453 5793 650 5855 ”Sanctorum
665 5806 774 5852 suorum
785 5810 852 5853 maa.
868 5793 1017 5853 omittunt.
1033 5801 1198 5852 sanctornm.
1228 5793 1360 5852 ”amam
1376 5797 1505 5870 Corporis
1517 5809 1584 5853 maa.
1601 5795 1694 5854 amari.
1711 5796 1783 5868 Quia
1797 5797 1901 5872 singuli
1930 5801 2074 5876 Corporis.

418 5866 583 5925 '‘oternrm
596 5883 663 5924 mss.
679 5867 793 5922 dicetur.
848 5865 988 5938 ³¹·singutt
1002 5866 1345 5940 sensusmar.singutialii
1360 5866 1509 5924 sensus.m
1536 5868 1641 5942 Cuique
1659 5870 1716 5928 lere
1741 5885 1810 5929 mss.
1825 5872 1928 5945 cuique
1972 5873 2080 5934 lert.’¹'

423 5937 495 6002 tero
504 5940 533 5999 in
546 5939 639 5999 tuturo
648 5955 716 5998 maa.
728 5951 793 5997 rero
807 5937 906 6014 quein
919 5938 1019 5994 tutum.
1055 5937 1123 5995 ’¹⁸Et
1133 5939 1179 6015 qui
1193 5939 1308 5998 senserit
1323 5955 1390 5997 mss.
1403 5940 1448 6022 qui
1462 5940 1586 5998 oensem.
