4750 6725
419 613 472 668 335
941 607 988 662 tt)
1008 605 1126 664 OPERA
1145 606 1174 662 S.
1194 604 1347 663 ausmttt
1362 605 1544 664 ttrnnutx
2021 616 2078 672 336

416 737 508 810 ipsum
536 733 658 790 solvitur.
682 732 767 788 Porro
790 731 826 786 ab
852 730 915 802 ipso
933 739 1027 788 contra
1049 731 1138 802 ipsum
1162 747 1217 786 non
1230 733 1260 795 Α
1274 731 1413 800 Ecclesiae,
1441 735 1490 789 sed
1512 749 1567 789 una
1589 741 1631 790 est
1654 743 1710 792 toto
1728 735 1797 792 orbe
1818 743 1950 792 terrarum
1964 736 2077 808 diffusa,
2192 739 2194 756 '

417 825 540 893 solvitur,
556 823 602 894 qui
622 829 735 894 propter
748 835 869 876 amorem
884 820 955 890 ejus,
970 827 1000 875 ut
1022 819 1047 874 ei
1071 821 1141 875 bene
1155 819 1218 890 pla·
1274 829 1301 876 et
1327 821 1375 875 uni
1399 822 1458 878 Deo
1485 822 1589 894 ubique
1617 822 1744 892 seminar,
1774 825 1821 880 nni
1845 825 1904 897 regi
1931 825 2076 881 militatur.

419 920 489 980 reat,
506 911 597 968 aliliis
611 909 745 981 superbire
759 916 785 964 et
800 907 967 976 diffidentia,
991 923 1009 964 a
1032 907 1095 964 filiis
1109 909 1220 965 discor·
1276 911 1413 966 Postremo
1427 911 1523 967 beatus
1536 911 1702 969 Benedictus
1730 915 1778 984 qni
1804 913 1980 970 stabilitatem
1999 931 2079 985 prae-

418 1003 481 1070 rliae,
497 1001 535 1072 (et
549 1008 579 1055 ut
593 999 713 1070 apertius
727 998 827 1068 diram)
844 1013 860 1052 s
875 995 937 1052 filiis
952 997 1056 1053 diaboli
1070 998 1170 1070 migrat
1183 998 1220 1052 ad
1274 998 1346 1067 cepit
1367 997 1475 1054 firmme
1501 1003 1676 1071 monachum,
1701 1001 1736 1056 ab
1766 1002 1820 1059 alio
1848 1003 2013 1059 monasterio
2040 1004 2080 1059 ad

414 1089 485 1146 filios
499 1089 575 1160 pacis
589 1093 615 1143 et
625 1087 693 1157 spei,
706 1085 863 1140 humilitatis
877 1085 959 1142 innuo
976 1087 1046 1143 illios
1073 1086 1135 1142 Dei.
1164 1085 1218 1156 Qui
1274 1087 1730 1160 aliudreoientemjubetsuseipi,
1745 1091 1809 1145 etsi
1824 1089 1903 1146 bonae
1925 1092 1989 1148 ritca
2012 1093 2079 1146 fue-

414 1179 486 1234 enim
510 1178 551 1233 sic
566 1176 672 1244 transit,
688 1190 777 1231 nonne
791 1174 862 1247 fugit
884 1191 901 1232 a
924 1177 991 1232 sede
1012 1175 1112 1232 diaboli
1137 1176 1171 1232 ad
1187 1192 1218 1232 se
1272 1174 1320 1243 rit,
1334 1184 1362 1230 et
1374 1175 1549 1232 stabilitatem
1563 1195 1640 1234 suam
1654 1176 1752 1246 firmet,
1768 1179 1875 1234 suadet.
1904 1177 1993 1248 Quam
2021 1181 2080 1235 du-

414 1267 481 1322 dem
505 1265 580 1322 Dei‘l
604 1263 656 1333 Qui
681 1271 770 1320 autem
781 1263 907 1334 judicent
920 1280 984 1320 curu
1003 1264 1188 1320 damnandum
1202 1279 1220 1321 a
1273 1263 1320 1319 bia
1333 1272 1361 1319 et
1374 1265 1468 1321 brevia
1482 1266 1517 1321 sit
1530 1266 1586 1322 rita
1599 1268 1728 1337 bominis,
1744 1274 1772 1324 et
1788 1283 1871 1339 quam
1884 1267 1989 1324 infinita
2003 1277 2079 1338 sunt,

415 1354 484 1424 Deo,
500 1353 547 1425 qui
560 1360 590 1408 ut
604 1353 638 1408 ad
653 1359 769 1424 patrem,
785 1359 813 1407 ut
827 1353 863 1408 ad
877 1353 974 1420 Deum,
990 1363 1020 1409 ut
1034 1353 1068 1408 ad
1090 1353 1217 1422 amicum,
1273 1368 1336 1423 quae
1364 1363 1515 1425 sequuntur
1534 1354 1608 1412 bona
1630 1355 1676 1414 vel
1688 1356 1773 1423 mala,
1788 1356 1953 1414 incessanter
1966 1373 2080 1414 memo-

415 1441 487 1516 lugit
500 1443 536 1498 ad
549 1441 664 1513 ipsnml
678 1442 815 1497 Praeterea
829 1441 876 1514 qui
889 1441 929 1498 sie
943 1441 1049 1512 transit,
1058 1459 1113 1498 non
1124 1443 1159 1498 ab
1170 1443 1220 1498 lic-
1273 1456 1343 1496 rara.

416 1531 501 1589 alesia
514 1531 551 1586 ad
564 1529 716 1586 Ecclesiam
731 1529 846 1595 neusin
861 1545 917 1586 non
943 1531 1017 1587 enim
1043 1532 1135 1602 plures
1157 1538 1220 1587 sunt

760 1879 1180 2001 ttltttcttttttt
1211 1879 1457 1993 SANCTI
1495 1879 1735 1996 JACOBI

995 2078 1019 2132 t
1036 2072 1176 2132 DOMINO
1193 2069 1358 2130 altsttttto
1377 2073 1512 2130 sutton

416 2253 469 2332 De
483 2261 591 2330 milito
605 2277 709 2346 quem
723 2261 761 2327 in
775 2261 901 2346 agonia
911 2257 1035 2326 mortis
1048 2253 1297 2322 adaemonibas
1305 2268 1521 2336 oppressum,
1534 2249 1658 2318 beatus
1669 2251 1847 2336 apostolus
1858 2268 1921 2335 per
1929 2249 2085 2318 mendici

809 2359 971 2426 baculum
985 2359 1020 2424 et
1034 2356 1212 2422 meadum
1227 2350 1442 2420 muliercule
1456 2351 1614 2420 liberavit
1632 2352 1687 2432 (t).

970 2493 1025 2564 (Ee
1048 2505 1102 2549 usa.
1124 2488 1384 2564 Sargarausene,
1399 2502 1428 2543 n.
1444 2489 1509 2559 6⁰8)

446 2811 514 2867 Tres
542 2808 642 2866 milites
669 2806 821 2864 dioeoeseos
849 2801 1018 2860 Luduncnsis
1031 2801 1163 2859 Eoolesiae
1187 2803 1224 2859 de
1237 2799 1265 2861 B
1279 2799 1444 2858 accedentes
1457 2810 1570 2858 monent
1583 2809 1614 2860 ut
1628 2808 1743 2876 peccam
1756 2799 1990 2868 maeonilteatur,
2005 2806 2032 2855 ct
2045 2813 2081 2856 ea

413 2899 517 2971 oppido
529 2895 658 2955 Dumezai
671 2895 724 2952 sibl
752 2893 933 2951 condixerunt
960 2900 989 2947 ut
1017 2891 1112 2948 orandi
1140 2907 1225 2949 rausa
1278 2907 1339 2962 quae
1363 2890 1544 2947 Cbmtianum
1571 2893 1658 2949 refert
1683 2899 1778 2964 petere
1801 2900 1915 2964 quarm,
1944 2905 2082 2962 satumque

412 2987 547 3044 iacobum
561 2985 714 3058 apostolum
728 2982 783 3040 oris
798 2982 913 3039 Galatiae
927 2979 1043 3047 adirent,
1059 2989 1085 3037 et
1106 2979 1225 3052 proiecti
1276 2980 1409 3036 maninus
1423 2980 1527 3036 exitum
1540 2981 1655 3038 muniat.
1679 2982 1739 3038 lloc
1766 2979 1813 3036 ille
1840 2979 1953 3036 audiens
1981 2978 2082 3035 taciem

413 3078 487 3131 sunt.
503 3072 556 3143 Qui
570 3089 632 3131 cum
645 3079 736 3129 esseut
758 3071 788 3126 in
814 3070 860 3126 ria
886 3069 1116 3142 peregrinationis
1144 3069 1225 3140 ajns·
1278 3069 1384 3139 eremit,
1399 3077 1427 3126 et
1441 3070 1610 3141 respondere
1632 3085 1688 3126 non
1710 3070 1811 3142 potuit,
1838 3068 1934 3140 sicque
1958 3084 2009 3140 per
2029 3067 2083 3123 tri-

415 3162 489 3233 dem,
504 3162 692 3218 mulierculam
705 3159 878 3228 invenerunt,
902 3173 962 3229 quae
986 3173 1029 3214 res
1044 3157 1098 3213 sibi
1121 3173 1223 3214 neces-
1277 3157 1361 3213 duum
1376 3156 1435 3212 sine
1449 3158 1525 3214 verbi
1539 3157 1693 3229 prolatione
1702 3158 1796 3228 iacuit.
1817 3157 1884 3213 lndc
1904 3158 2085 3215 vehementer

413 3252 501 3308 sarias
519 3251 547 3306 in
561 3250 671 3308 maculo
699 3249 819 3320 quodam
847 3246 1002 3303 deserebat.
1032 3246 1101 3302 Cum
1129 3254 1224 3304 autem
1277 3261 1401 3302 moerore
1415 3245 1508 3302 afflicti
1522 3255 1596 3316 sunt,
1612 3254 1669 3303 tum
1683 3248 1749 3318 qnia
1764 3245 1799 3303 de
1812 3246 1974 3316 ejussalute
1987 3245 2086 3316 despe-

413 3339 519 3413 equites
528 3337 625 3395 intuita
639 3337 745 3406 linisset,
769 3335 878 3410 rogavit
905 3342 935 3392 ut
963 3335 1004 3392 sui
1018 3334 1122 3393 miserti
1137 3335 1224 3393 sarei—
1276 3341 1412 3404 neverant,
1430 3343 1487 3392 tum
1500 3335 1620 3394 maxime
1633 3336 1698 3408 quia
1711 3351 1768 3393 suae
1781 3335 1898 3393 salutern
1907 3335 2006 3392 animae
2017 3349 2084 3407 pro·

412 3428 505 3484 nulum
534 3443 617 3500 quam
640 3426 754 3497 serebat,
778 3426 806 3481 in
825 3425 882 3481 suis
894 3424 1027 3496 jumentis
1041 3440 1135 3481 amore
1149 3424 1223 3482 beati
1277 3437 1375 3481 curare
1401 3440 1456 3481 non
1482 3432 1598 3496 poterat.
1627 3423 1753 3494 Quadam
1781 3432 1873 3480 autem
1899 3424 1945 3479 die
1972 3424 2082 3495 qnando

413 3516 528 3589 apostoli
552 3516 738 3588 deportarent,
764 3530 878 3588 seseque
901 3514 967 3570 tanti
991 3512 1088 3570 labore
1115 3513 1221 3571 itineris
1276 3529 1338 3568 eam
1353 3512 1434 3569 citius
1444 3512 1571 3585 spiritum
1585 3514 1714 3571 exhalare
1726 3513 1867 3586 putabant,
1882 3512 1937 3568 illis
1959 3512 2081 3568 circum

411 3605 580 3669 allararsnt;
597 3620 713 3677 quorum
736 3620 806 3661 unus
833 3602 990 3677 peregrinae
1017 3602 1141 3674 petitioni
1169 3618 1222 3659 an·
1274 3602 1433 3659 sedentibus
1447 3609 1474 3658 et
1488 3602 1592 3659 exitum
1619 3602 1695 3659 illius
1721 3601 1940 3673 prestolantibus
1958 3600 2082 3675 graviter

412 3710 500 3751 nuens
514 3694 576 3767 ejus
605 3694 754 3749 manticam
781 3692 901 3765 suscepit
928 3699 956 3749 et
982 3692 1110 3764 portarit.
1135 3691 1223 3765 Igitur
1275 3690 1418 3760 suspirem
1444 3690 1551 3748 locutus
1564 3698 1615 3748 cst.
1633 3710 1646 3743 a
1663 3692 1771 3760 Grates,
1785 3690 1882 3763 inquit,
1898 3705 1952 3764 ago
1965 3690 2035 3759 Deo,
2051 3698 2083 3747 et

413 3783 538 3839 veniente
562 3795 677 3855 vespera
703 3780 802 3839 mulier
830 3781 953 3837 insecuta
972 3780 1085 3851 milites,
1111 3780 1145 3837 de
1171 3796 1222 3836 suo
1275 3778 1305 3835 S.
1318 3779 1424 3836 Jacobo
1439 3780 1550 3837 domino
1564 3796 1637 3850 mco,
1652 3779 1716 3851 quia
1729 3779 1861 3835 liberatus
1883 3795 1980 3835 sum·
1996 3778 2081 3847 Quod

411 3871 548 3927 sarcinula
571 3870 623 3926 sibi
646 3871 797 3943 accipiebat
818 3868 984 3926 necessaria.
1003 3870 1037 3925 Et
1049 3868 1141 3940 primo
1156 3870 1220 3942 gal-
1275 3867 1322 3939 qui
1348 3867 1463 3924 aderant
1488 3876 1639 3940 quaerentes
1663 3866 1982 3941 quidsigntficaverit:«
2004 3868 2079 3940 Ego,

412 3960 502 4015 lorum
517 3965 597 4015 cantu
612 3974 676 4015 oum
688 3958 824 4031 peregrini
838 3958 946 4029 pedites
968 3956 1106 4029 proficisci
1121 3958 1218 4028 solent,
1274 3955 1373 4029 inquit,
1389 3973 1423 4013 ex
1438 3973 1493 4029 quo
1508 3958 1583 4013 sensi
1605 3972 1650 4014 me
1664 3957 1796 4029 languore
1817 3956 1938 4030 gravari
1966 3971 2079 4013 mecum

413 4045 498 4118 equiti
523 4046 662 4101 saoonlum
685 4046 827 4113 reddebat,
857 4046 950 4118 sieque
977 4046 1105 4117 expedita
1131 4046 1221 4103 latior
1274 4044 1371 4101 tacitus
1384 4046 1456 4116 coepi
1470 4046 1591 4119 cogitare
1605 4045 1679 4117 quod
1699 4061 1753 4118 ego
1766 4045 1867 4103 vellem
1880 4052 1992 4117 peccata
2019 4060 2085 4101 mea

414 4133 524 4206 agebat.
542 4133 646 4189 Taliter
672 4134 751 4190 miles
777 4148 870 4189 amore
889 4134 1005 4205 apostoli
1020 4133 1141 4189 serviens
1154 4150 1218 4189 mu·
1235 4148 1261 4216 ρ
1276 4133 1411 4200 confiteri,
1427 4149 1509 4191 sacra
1521 4134 1649 4192 unctione
1663 4133 1745 4204 liniri,
1773 4142 1802 4190 et
1823 4134 1935 4191 Domini
1960 4134 2087 4205 eorporis

413 4220 544 4291 lieroulae,
579 4220 614 4276 ad
642 4221 732 4279 locum
760 4222 888 4279 orationis
920 4230 1042 4294 optatum
1057 4222 1219 4279 festinabat:
1274 4223 1450 4294 perceptione
1460 4223 1571 4279 muniri.
1587 4222 1644 4279 Sed
1659 4223 1725 4278 dum
1744 4222 1806 4280 haec
1831 4221 1859 4278 iu
1886 4222 1993 4279 silentio
2023 4231 2085 4279 tra-

418 4310 468 4366 sed
483 4326 545 4366 oum
556 4309 700 4367 duodecim
716 4308 954 4368 dietistburbeB.
970 4311 1065 4367 Jacobi
1076 4312 1220 4383 distarent,
1276 4320 1391 4380 ctarem,
1406 4311 1496 4369 nabitu
1510 4311 1584 4369 uenit
1598 4311 1678 4367 turba
1692 4318 1820 4367 tetrorum
1833 4310 1991 4382 spirituum,
2013 4328 2079 4383 quae

414 4413 568 4472 pauperem
596 4398 760 4457 infirmatum
788 4398 891 4457 invenit
916 4399 943 4456 iu
970 4399 1077 4471 itinere,
1097 4400 1143 4475 qui
1158 4418 1221 4459 eum
1275 4415 1321 4456 me
1336 4400 1364 4455 in
1379 4408 1482 4456 tantum
1495 4400 1640 4472 oppressit,
1656 4404 1688 4455 ut
1701 4399 1886 4472 aequeverbo
1899 4415 1987 4471 oeque
2002 4399 2087 4472 signo

414 4488 501 4561 ooepit
520 4504 600 4546 orare
622 4496 652 4545 ut
675 4489 728 4546 sibi
748 4504 851 4563 equum
875 4505 955 4546 suurn
979 4490 1015 4546 ad
1042 4490 1220 4562 equitandum
1275 4504 1310 4545 ex
1321 4486 1371 4544 illa
1384 4491 1452 4545 bora
1466 4488 1580 4545 innuere
1596 4488 1731 4560 potuerim
1747 4488 1820 4559 quod
1844 4488 1879 4544 ad
1901 4503 1990 4545 meam
2005 4489 2087 4545 salu·

417 4578 647 4648 accommodaret,
683 4584 816 4653 quatenus
846 4578 882 4635 ad
917 4587 1040 4636 sanetum
1074 4580 1222 4652 pervenire
1276 4584 1331 4633 tem
1344 4577 1520 4648 pertinuerit.
1538 4578 1573 4633 Et
1587 4592 1647 4650 quae
1657 4576 1791 4635 dicebatis
1800 4576 1871 4633 bene
1879 4577 2082 4651 intelligebam,

418 4675 526 4741 posset;
556 4667 678 4740 alioquin
706 4674 857 4725 moreretur
883 4666 911 4723 in
934 4667 988 4735 ria,
1018 4668 1080 4739 quia
1103 4669 1222 4739 emplius
1275 4665 1327 4721 aed
1341 4665 1417 4721 nulla
1426 4665 1534 4721 ratione
1547 4665 1715 4736 respondere
1728 4672 1852 4737 poteram
1868 4682 1876 4720 ι
1890 4678 1955 4721 nam
1975 4666 2083 4723 daemo·

419 4755 561 4814 ambulare
575 4772 630 4813 non
643 4764 761 4829 poterat.
791 4756 932 4812 Consensit
958 4755 1045 4824 miles,
1070 4756 1220 4829 descendit,
1274 4768 1324 4809 nes
1337 4752 1384 4826 qui
1398 4753 1433 4809 ad
1447 4769 1493 4810 me
1506 4754 1698 4821 confluxerant,
1714 4753 1761 4809 alii
1773 4753 1840 4810 mihi
1854 4753 1976 4827 linguam
1997 4754 2086 4829 stain}

420 4844 603 4917 imposuitque
616 4844 774 4902 mendicum
789 4860 871 4915 super
884 4860 983 4916 equum
997 4861 1086 4911 suum,
1107 4845 1222 4917 eiusque
1274 4842 1387 4915 gebant,
1402 4842 1450 4898 alii
1464 4842 1559 4899 oculos
1580 4858 1656 4899 meos
1678 4841 1844 4900 claudebant
1862 4842 1985 4899 nonnulli
2004 4860 2082 4915 quo-

417 4932 545 4990 baoulum
560 4934 588 4989 in
603 4948 744 4990 mauusua
759 4932 874 5005 aceepit,
892 4932 982 4990 terens
1003 4933 1085 4989 etiam
1105 4935 1220 5005 proprio
1276 4948 1328 5003 que
1342 4938 1424 5002 caput
1439 4936 1465 4988 et
1480 4947 1578 5004 corpus
1592 4946 1684 4988 meum
1699 4930 1734 4986 ad
1757 4930 1864 4987 libitum
1889 4946 1968 4987 suum
1981 4931 2036 4989 huc
2050 4942 2084 4989 et

416 5021 490 5077 oollo
516 5028 543 5078 et
570 5022 739 5081 sarniculcm
766 5021 934 5079 mulierculae
956 5038 1038 5095 quam
1053 5030 1219 5094 susceperat.
1275 5020 1340 5076 illuc
1363 5036 1407 5075 me
1421 5020 1531 5077 nolonte
1548 5019 1707 5083 vertebant3
1735 5020 1784 5076 sed
1798 5019 1881 5077 modo
1901 5019 1985 5092 paulo
1998 5026 2083 5077 ante·

419 5106 476 5165 Sed
490 5124 553 5167 oum
567 5110 605 5166 ita
619 5116 757 5184 pergeret,
773 5110 858 5167 nimio
872 5109 937 5167 solis
951 5111 1061 5167 feruore
1085 5126 1118 5169 ao
1145 5111 1222 5185 longi
1276 5124 1358 5179 quarn
1372 5107 1447 5179 loqui
1459 5107 1619 5180 coepissom,
1633 5107 1744 5164 intravit
1757 5107 1812 5164 buc
1826 5109 1857 5166 S.
1885 5108 2013 5175 lacobus,
2037 5108 2082 5166 ie-
2192 5144 2194 5163 .

418 5195 523 5254 itineris
536 5198 681 5256 solitudine
695 5200 853 5257 constrictus
867 5198 998 5257 inllnuari
1025 5200 1118 5271 otepit.
1140 5198 1220 5269 Quod
1274 5212 1337 5252 reus
1361 5196 1474 5253 sinistra
1500 5212 1582 5252 manu
1609 5196 1776 5254 muliercula
1802 5195 1940 5255 sacculum
1954 5212 2035 5269 quem
2049 5198 2083 5255 in

420 5284 466 5340 ubi
483 5285 577 5356 sensit,
592 5287 764 5359 perpendens
778 5288 841 5360 quia
854 5287 882 5343 in
897 5287 991 5345 multis
1005 5304 1077 5361 stepo
1104 5288 1220 5344 multum
1273 5284 1320 5342 via
1333 5284 1458 5353 tuleram,
1486 5284 1612 5341 baculum
1641 5300 1706 5342 rero
1732 5285 1853 5343 mendici
1876 5301 1956 5357 quem
1969 5288 2082 5358 portavi

418 5372 574 5445 ostenderit,
594 5374 844 5433 incommoditatem
872 5392 948 5433 suam
977 5377 1096 5449 apostoli
1125 5392 1219 5433 amore
1274 5372 1340 5429 dum
1354 5374 1428 5430 idern
1442 5374 1577 5446 equitaret
1590 5390 1692 5448 equum
1705 5390 1810 5445 meum,
1825 5374 1887 5446 ipsa
1914 5390 1969 5447 qua
1994 5375 2080 5431 infir-

416 5462 550 5533 usquead
565 5463 624 5534 ejus
639 5463 736 5521 limina
748 5464 867 5536 pedibas
895 5472 974 5521 eunte
977 5506 1031 5521 .....
1061 5464 1218 5523 tolleravit:
1274 5462 1355 5519 ntitas
1369 5478 1413 5519 me
1436 5462 1509 5533 oepit
1522 5462 1551 5517 in
1564 5478 1647 5519 manu
1663 5462 1761 5519 dextra
1786 5463 1919 5528 tenebat;
1945 5463 2078 5521 baculum

416 5551 465 5607 ubi
477 5554 602 5623 apostolo
617 5553 773 5624 deprecato,
790 5562 817 5611 et
830 5554 949 5625 hospitio
968 5561 1088 5627 recepto,
1118 5561 1146 5610 et
1167 5570 1218 5611 ea·
1273 5553 1349 5608 enim
1371 5551 1491 5608 habebat
1516 5567 1569 5622 pro
1583 5552 1680 5609 lancea
1699 5552 1838 5610 sacculum
1851 5568 1902 5623 pro
1915 5552 2008 5623 palma
2024 5568 2032 5608 z
2048 5563 2079 5610 et

417 5638 480 5696 dom
495 5639 620 5697 molestia
634 5656 717 5715 quarn
731 5642 759 5697 in
773 5641 818 5698 via
836 5650 953 5714 ceperat,
982 5642 1053 5699 leoto
1081 5642 1217 5713 decubuit,
1272 5641 1415 5699 coniestim
1430 5641 1507 5713 quasi
1521 5641 1624 5697 furoris
1637 5641 1822 5714 indignatione
1836 5640 1948 5700 veniens
1967 5642 2003 5697 cd
2018 5658 2076 5713 me,

415 5737 443 5787 et
457 5728 558 5801 aliquot
567 5728 665 5787 diebus
678 5730 881 5803 ingravescente
904 5732 1016 5805 langore
1028 5732 1122 5803 jacuit.
1139 5730 1220 5801 Quod
1273 5730 1380 5787 elevato
1398 5729 1497 5786 baculo
1511 5730 1587 5787 maus
1596 5736 1638 5785 est
1650 5737 1793 5800 percutere
1816 5729 1954 5787 daemones
1967 5730 2013 5801 qui
2027 5746 2076 5789 mc

413 5817 460 5875 alii
475 5818 577 5876 milites
591 5820 636 5890 qui
650 5820 710 5892 ojus
724 5820 791 5877 sooii
814 5820 1067 5891 lueruntuideutes,
1093 5820 1128 5877 ad
1157 5835 1219 5877 eum
1271 5826 1424 5889 tenuerant,
1440 5817 1486 5891 qui
1500 5818 1626 5889 protinus
1651 5818 1780 5893 fugerunt
1806 5818 1904 5884 territi;
1934 5834 2004 5889 quos
2026 5818 2077 5877 ille

451 5935 490 6007 (t)
505 5934 534 5991 S.
548 5934 680 5995 Anselmo
696 5936 766 5996 lalso
781 5936 918 5999 tributor.
