4750 6725
410 515 464 596 iii

889 519 1077 588 nannenus
1096 529 1291 588 nonnanes
1310 481 1608 586 sturniniunsts.

415 663 577 733 Orderieam
591 659 708 718 Vitalem
723 659 821 714 Hister.
837 653 1011 722 ecclesiastic,
1028 653 1076 710 titi,
1093 669 1131 724 tr,
1142 671 1207 728 pag.
1223 651 1948 725 Asarmatarum.lnGaatiaeoeaau‚inlientadene
1958 661 2075 714 mansit

413 739 502 798 iitiet
517 736 579 796 ili.
595 737 626 798 ιι
641 747 706 786 vero
729 731 751 784 si
770 729 864 804 primis
892 726 978 780 initiis
1006 727 1210 782 Benedictinum

414 813 486 864 esset
509 803 662 864 coeaobiam
689 800 766 869 illud,
789 799 887 854 eadem
912 797 972 868 ipsa
995 797 1209 869 argumentandi

417 878 484 942 ratio
508 892 561 948 qua
587 873 614 930 la
642 869 802 940 conjecturis
824 869 878 922 suis
896 867 930 922 de
945 869 1077 940 Gregorio
1092 885 1155 922 usus
1170 878 1211 923 est

416 947 557 1014 baronius,
578 943 755 1015 Augustinum
783 939 962 996 benedictinae
992 938 1100 996 familiae
1128 939 1211 994 titisse

416 1021 622 1076 demonstraret.
643 1015 736 1083 Neque
757 1011 827 1068 enim
847 1009 952 1064 dubitat
974 1009 1033 1079 ipse
1057 1011 1121 1080 quin
1135 1011 1209 1080 ejas-

416 1090 490 1150 modi
513 1085 593 1142 ruent
612 1083 723 1140 antistes
737 1081 833 1154 quales
848 1081 900 1152 ipsi
915 1081 1021 1135 sodales
1036 1082 1070 1136 ab
1086 1081 1210 1136 antistite

415 1159 501 1220 asciti.
517 1157 570 1214 Sed
585 1170 666 1225 porro
680 1153 798 1208 viderint
811 1152 854 1206 hio
868 1167 984 1222 quorum
999 1151 1120 1205 interest.

449 1231 504 1298 (17)
540 1227 782 1284 citramarinis
796 1241 814 1278 a
833 1223 906 1277 vebia
931 1224 1089 1293 accipiant.
1119 1221 1211 1276 Exstat

412 1299 508 1356 eadem
532 1298 591 1380 ipsa
618 1295 733 1366 epistola
760 1295 788 1348 in
822 1293 916 1348 codice
948 1309 999 1346 ms.
1036 1292 1211 1362 epistolarum

413 1369 564 1434 bertranni,
579 1381 667 1437 neque
690 1365 725 1422 ab
743 1366 794 1420 beo
807 1364 917 1418 omnino
942 1363 1078 1435 discrepat
1098 1371 1211 1435 prseter-

414 1457 495 1514 quam
511 1439 584 1510 quod
600 1442 714 1494 tantam
729 1451 783 1490 non
799 1440 907 1500 tamen,
924 1433 950 1486 in
965 1451 997 1488 ea
1013 1435 1128 1518 legatur.

450 1513 505 1581 (ta)
524 1510 618 1566 'i'otiiir
633 1509 751 1580 dnptiie,
763 1504 868 1562 Scotiic
882 1508 911 1560 et
925 1503 1082 1568 Hiberinae,
1098 1520 1210 1562 necnon

413 1575 1210 1654 adjacentiuminsularummatremllnespectantepisto

413 1653 448 1710 te
471 1653 542 1708 binae
556 1650 583 1704 in
606 1665 657 1704 ms.
688 1647 828 1704 Lanlranci
850 1645 1026 1716 epistolarum
1050 1646 1142 1700 codice
1164 1661 1210 1700 re-

411 1731 505 1806 pertae,
536 1736 631 1778 uarum
647 1718 732 1774 altera
750 1725 791 1772 est
811 1717 925 1773 Themac
947 1717 1122 1774 Eboraceosis
1137 1715 1210 1772 anti·

412 1795 482 1850 stitis
503 1739 536 1854 nd
553 1792 741 1859 Lenlrancum,
757 1789 842 1846 altere
870 1787 1016 1843 Lantranei
1044 1787 1078 1842 ad
1095 1787 1210 1858 wigor·

412 1867 536 1922 alensem
555 1870 579 1918 et
596 1863 767 1916 Castrensem
783 1859 935 1930 episcopos.
951 1858 1211 1938 Utraqnereroagit

411 1937 446 1992 de
469 1935 557 1992 electe
573 1931 708 1988 Orcadnm
733 1929 862 2058 eglecopo
882 1929 1047 1986 solemnibus
1067 1929 1155 1986 sacris
1182 1945 1210 1987 tn

1268 723 1401 780 Godricne
1415 727 1444 780 et
1459 727 1538 781 tenet
1548 741 1583 781 xx
1598 739 1680 780 aeras
1695 725 1727 778 in
1741 723 1833 781 alodio
1842 727 1943 782 ruald
1953 730 1984 784 in
1997 727 2074 784 Baa-

1265 795 1608 868 rcartadettnqtepitlmar
1617 795 1712 851 tenuit
1723 792 1757 850 de
1765 809 1828 866 repe
1835 795 1979 868 eduardi,
1991 802 2078 857 sicut

1265 867 1391 921 alodiam
1407 866 1483 921 Unde
1494 867 1573 921 etiam
1592 865 1725 922 alodiarit
1739 868 1768 921 et
1783 867 1898 935 alcarii,
1913 869 2071 926 clientelari

1265 938 1317 991 hoo
1329 937 1390 1004 jure
1404 935 1516 1004 fundos,
1532 938 1627 992 alodia
1649 937 1748 1006 dictos,
1767 937 1938 1005 possidentes
1959 958 2075 997 nuncu-

1263 1007 2075 1078 pantanlnSussexiaeoensu.iansenieeGedieinuatenet

1264 1078 1297 1132 de
1317 1081 1421 1134 comite
1435 1081 1492 1146 ilar,
1502 1084 1532 1133 et
1544 1080 1578 1134 de
1591 1095 1621 1134 eo
1632 1078 1803 1134 ainatoarii.
1814 1079 1845 1132 ili
1856 1083 1966 1154 quando
1976 1087 2072 1138 meri-

1265 1153 1315 1204 tur
1327 1149 1484 1205 alodiarius
1493 1153 1533 1216 (ut
1548 1149 1647 1220 legitor
1662 1149 1803 1204 incinitis
1823 1153 1921 1275 censi}
1931 1169 1985 1208 rex
1999 1153 2072 1210 iride

1265 1217 1349 1274 iiaiet
1358 1221 1559 1276 relevationem
1572 1224 1798 1290 ceninensium
1810 1224 1889 1281 terro
1921 1229 1999 1279 antee
2010 1225 2072 1282 Μ-

1264 1291 1376 1346 nitatis.
1389 1291 1423 1349 Et
1437 1291 1465 1346 ia
1479 1307 1561 1349 censu
1575 1291 1767 1346 llanteniensis
1782 1291 1929 1359 provinciae
1946 1309 1952 1346 :
1968 1297 2073 1368 illigo

1265 1359 1300 1415 de
1315 1361 1377 1415 Pori
1392 1369 1465 1416 tenet
1487 1361 1648 1428 (lodeford,
1673 1370 1700 1416 et
1717 1361 1880 1420 willielmus
1895 1365 1930 1419 de
1945 1381 1988 1420 eo.
2008 1367 2072 1423 lino

1264 1431 1343 1484 liberi
1358 1432 1482 1487 bomines
1501 1433 1529 1486 in
1541 1432 1662 1490 alodium
1680 1439 1824 1488 tenuerunt
1857 1449 1886 1490 ro
1902 1449 1922 1488 ιι
1935 1439 2071 1492 maneriis

1264 1501 1300 1556 de
1309 1517 1375 1573 rege
1390 1502 1534 1566 Eduardo,
1547 1511 1610 1558 tunc
1625 1510 1651 1558 et
1661 1449 1937 1576 modogeldaiatpro
1948 1523 1966 1564 ι
1977 1509 2066 1564 liidis.

1263 1571 1347 1627 Terra
1366 1581 1406 1630 est
1419 1589 1448 1627 iv
1461 1583 1656 1629 camentorum.
1681 1575 1711 1628 ln
1733 1574 1859 1631 Dominio
1874 1585 1936 1631 sunt
1950 1593 2069 1634 ricsin-
2174 1595 2175 1614 t

1264 1653 1332 1698 catae
1346 1651 1373 1698 et
1396 1661 1431 1699 ix
1455 1645 1574 1699 bordarii
1603 1654 1630 1700 et
1653 1659 1682 1700 ιι
1696 1645 1767 1700 servi
1795 1661 1858 1700 euin
1873 1661 1882 1701 t
1897 1658 2025 1704 canicata
2038 1660 2069 1705 et

1265 1721 1361 1784 quater
1375 1730 1412 1768 xx
1435 1731 1505 1770 acrae
1526 1716 1619 1791 pratri.
1643 1716 1674 1769 Τ.
1689 1717 1720 1771 ll.
1737 1716 1770 1772 li.
1797 1719 1826 1770 et
1845 1718 1928 1774 modo
1951 1723 2068 1778 intetiv

1264 1785 1325 1840 libr.
1341 1801 1400 1841 cuni
1419 1801 1510 1857 recep,
1526 1803 1551 1840 c.
1572 1786 1624 1845 sot.
1638 1787 1911 1844 lisdemWillietmas
1937 1797 2010 1847 tenet
2032 1793 2070 1846 de
2174 1828 2175 1831 =

1264 1856 1379 1927 liugane
1393 1873 1473 1911 unam
1489 1859 1625 1929 virgatam
1648 1865 1675 1913 et
1700 1857 1842 1914 dimidium
1866 1860 1894 1913 in
1909 1860 2061 1934 Clatiuges.

1264 1927 1325 1980 Duo
1349 1927 1427 1982 liberi
1455 1927 1582 1984 beminen
1600 1935 1742 1984 tenuerunt
1757 1929 1791 1983 de
1813 1930 1929 1998 alirino,
1948 1933 1996 1986 sed
2010 1951 2068 1988 non

412 2007 572 2078 dignitatem
588 1997 749 2063 evehendo,
769 2001 886 2072 adulpho
901 2015 1012 2070 nempe,
1023 1999 1210 2082 cujusnomen
1224 2011 1251 2072 Β
1266 1996 1316 2052 tuit
1338 1997 1468 2054 alodium.
1493 1998 1534 2052 lbi
1548 2014 1569 2054 ιι
1578 1999 1699 2056 bordarii
1720 2007 1747 2054 et
1761 2015 1790 2053 vi
1804 2013 1873 2059 acrae
1889 2004 1968 2072 prati,
1983 2006 2070 2058 naluit

411 2077 484 2149 qnod
500 2075 528 2130 in
545 2077 602 2146 jem
621 2073 704 2131 dictis
719 2073 813 2128 litteris
833 2071 944 2126 minime
966 2081 1092 2135 occurrit,
1108 2069 1210 2126 edisci-

412 2163 473 2202 mus
500 2162 535 2201 ex
559 2145 662 2200 Tbonin
683 2143 821 2210 Stubbaeo,
837 2142 921 2198 reteri
940 2141 1211 2212 archiepiscoporum

411 2215 624 2276 Eboraeensiuni
641 2215 763 2272 vitarum
777 2213 917 2284 scriptore,
933 2212 1053 2268 nondum
1067 2212 1150 2268 edito.

418 2359 527 2414 atoma
545 2357 748 2442 archiepiscopi
765 2354 954 2442 ‚ideracensis
968 2353 1212 2479 adboigrnncum

450 2427 700 2490 cantuariensium
708 2431 868 2485 antistitem
879 2427 1009 2498 epistota,
1020 2423 1055 2480 de
1089 2425 1212 2491 odutplie

449 2501 588 2560 Orcadarn
603 2501 731 2571 episcopo
746 2497 895 2554 saciando.

452 2641 603 2698 uilissima
631 2647 657 2696 ιι
676 2637 845 2696 sanctissimo
869 2637 1080 2694 cantuariorum
1109 2637 1213 2692 archie-

412 2711 536 2839 Frisoope,
558 2712 697 2785 tonusque
720 2711 865 2776 lintanniae
883 2724 993 2764 suiume
1006 2708 1119 2782 pastori,
1137 2710 1212 2768 baa-

440 2799 519 2850 ence,
535 2784 655 2846 Thomas
668 2781 757 2837 tidelis
767 2798 841 2846 snus,
858 2789 910 2838 eto.

450 2878 461 2902 ι
478 2855 538 2908 Nisi
553 2861 805 2929 presumptuosum
819 2851 951 2906 sanctitati
966 2867 1021 2909 sum
1037 2849 1210 2917 rideamne»

414 2933 469 2980 ete.
487 2923 550 2980 Vide
560 2927 591 2980 ia
608 2921 971 3048 Lougeonood'atroleqioe,
984 2929 1006 2977 t.
1018 2921 1069 2980 at.

1265 2083 1285 2123 n
1300 2069 1362 2136 sol,
1378 2069 1460 2125 niodo
1480 2086 1518 2125 rii
1533 2071 1612 2125 solid.
1635 2071 1666 2124 ln
1687 2070 1740 2126 isto
1762 2071 1903 2126 hundredo
1926 2081 1953 2128 et
1971 2072 1999 2128 iii
2015 2075 2070 2130 isto

1265 2139 1388 2194 manerio
1417 2148 1489 2196 tenet
1522 2141 1595 2196 Picot
1619 2155 1663 2208 u„
1678 2142 1801 2213 virgatas
1823 2150 1849 2197 et
1868 2142 2011 2208 dimidium
2032 2147 2070 2201 de

1265 2225 1339 2282 rege.
1356 2211 1470 2266 Pbitelet
1482 2213 1566 2266 tenuit
1580 2212 1607 2265 iu
1623 2211 1715 2267 alodio
1730 2212 1765 2268 de
1778 2213 1854 2284 llege
1866 2213 2005 2274 Eduardo
2015 2232 2069 2286 pre

1265 2281 1399 2352 manerio,
1420 2290 1483 2336 tunc
1506 2289 1532 2338 et
1555 2283 1638 2337 medo
1661 2283 1792 2354 geldnbat
1807 2299 1856 2354 pru
1870 2299 1889 2337 ii
1904 2285 2019 2358 virgatis
2039 2297 2069 2343 et

1266 2351 1390 2407 dimidio.
1406 2351 1490 2410 Terra
1501 2351 1690 2408 estdimidiain
1711 2363 1844 2410 carnaeae
1855 2363 1883 2410 et
1896 2354 1935 2411 ibi
1950 2365 1990 2412 est
2005 2371 2069 2412 onai
2174 2396 2175 2409 ,

1266 2438 1320 2478 tine
1342 2422 1443 2478 sillano
1467 2431 1495 2478 et
1512 2439 1533 2477 ιι
1546 2422 1679 2480 bardanis
1701 2432 1728 2478 et
1751 2441 1769 2478 x
1794 2425 1864 2480 acris
1887 2428 1965 2505 prati.
1982 2428 2071 2482 Istam

1266 2499 1371 2548 terrain
1394 2494 1574 2549 calumniatur
1587 2495 1741 2550 Willelmus
1764 2495 1798 2549 de
1820 2495 1948 2567 Chennet,
1972 2499 2069 2554 dicens

1266 2565 1401 2635 pertinere
1415 2565 1450 2621 ad
1463 2565 1615 2622 manerium
1629 2566 1664 2620 de
1678 2565 1827 2625 Gerdeiord
1841 2566 1953 2623 seudum
1967 2569 2072 2644 llnge-

1267 2635 1307 2688 nis
1321 2635 1356 2690 de
1382 2637 1454 2701 Part,
1479 2652 1528 2708 pei·
1555 2635 1742 2698 hereditatem
1761 2637 1801 2691 sui
1829 2642 2019 2708 antecessoris,
2043 2650 2074 2694 et

1267 2707 1301 2761 de
1315 2706 1368 2764 bac
1381 2723 1461 2762 suuni
1477 2707 1660 2763 testimouium
1683 2707 1796 2763 adduxit
1814 2708 1848 2763 de
1870 2709 2030 2765 melioribus
2043 2721 2073 2766 et

1267 2777 1386 2848 antiquis
1401 2777 1555 2833 bominibus
1570 2778 1652 2834 totins
1673 2778 1816 2834 comitatus
1837 2787 1863 2834 et
1877 2779 2028 2842 Hundredi.
2043 2792 2073 2838 et

1266 2848 1345 2904 Pioet
1359 2849 1529 2904 contraduxit
1548 2865 1627 2903 suum
1653 2848 1838 2904 testimenium
1865 2848 1900 2903 de
1927 2853 2020 2912 villani
2042 2859 2073 2908 et

1266 2918 1312 2974 itti
1322 2919 1404 2989 plebe
1418 2929 1445 2975 et
1465 2921 1500 2977 de
1522 2919 1672 2992 prepositis
1687 2921 1733 2992 qui
1753 2919 1849 2976 volunt
1862 2919 2009 2980 delendere
2021 2939 2075 2999 per

452 2994 653 3066 eoepiscopus
684 3001 869 3049 estreesemel
879 2979 1103 3064 wigorniensem
1118 2991 1216 3048 scribit
1267 2999 1468 3046 sacranientuin
1492 2999 1538 3045 ιιι
1560 2991 1677 3062 perlici
1700 2989 1842 3062 judicium,
1858 2994 1932 3062 quod
1952 2995 2002 3049 ille
2022 2996 2072 3069 qni

415 3063 589 3134 lanfrancus,
618 3073 647 3118 nt
676 3065 811 3134 Radulplii
839 3063 965 3118 antistitis
988 3062 1143 3120 Oroandem
1166 3079 1214 3118 sa·

420 3136 515 3191 orandi
531 3134 633 3192 maneri
648 3135 781 3197 intersint.

1266 3061 1351 3115 tenuit
1366 3071 1462 3116 terrain
1480 3061 1549 3116 liber
1562 3063 1643 3116 borna
1658 3061 1709 3115 tuit
1723 3071 1750 3115 et
1764 3062 1850 3132 potuit
1865 3079 1903 3117 ire
1918 3079 1981 3118 euin
1996 3073 2071 3120 terra

1266 3147 1317 3187 sue
1331 3147 1385 3204 quo
1404 3133 1497 3188 voluit.
1514 3134 1569 3187 Sed
1584 3140 1667 3188 testes
1680 3132 1822 3188 Willielmi
1834 3135 1929 3189 nolunt
1942 3135 2071 3208 accipere

455 3227 465 3254 ι
484 3205 655 3267 ιιιιιιιιιιιι,
673 3209 761 3287 gratia
783 3203 844 3269 Dei,
869 3211 969 3263 sanctas
996 3203 1215 3261 Dorobernensis
1267 3202 1356 3274 legeni
1372 3203 1425 3257 uisi
1442 3204 1515 3277 regis
1530 3202 1655 3258 Edivardi
1675 3219 1761 3274 usquc
1779 3204 1843 3261 darn
1858 3202 2006 3262 diffiniatur
2021 3223 2071 3277 per

417 3273 548 3334 Roelesiar
590 3277 819 3361 archiepiscopus¹
848 3273 1048 3334 venerabilibus
1085 3273 1214 3330 lintribus

416 3345 553 3403 Wllstune
567 3347 764 3421 wigorniensi,
790 3353 816 3402 et
831 3345 908 3403 Petro
923 3345 1060 3402 (lesinensi
1075 3345 1254 3433 episcopisc

415 3419 541 3475 satutem.

451 3487 627 3545 ilnsiniinrit
652 3486 730 3544 nobls
753 3487 918 3544 venerabilis
937 3488 1021 3543 trater
1050 3488 1179 3559 Thomas,
1198 3512 1210 3537 ι

417 3568 470 3618 eto.
493 3558 559 3617 Vide
574 3560 640 3617 idid.

448 3632 488 3687 De
505 3630 593 3701 priseo
601 3631 683 3687 etiarn
691 3630 928 3687 cantuariensium
943 3630 1092 3689 antistitum
1105 3631 1166 3705 jure
1183 3630 1212 3685 iii

409 3699 550 3771 ffiliemia¹
561 3702 683 3759 nendum
700 3702 804 3758 scilicet
814 3702 1084 3775 imperiollnglicano
1095 3701 1210 3773 adjecta,

409 3772 547 3834 luculenta
561 3780 622 3829 siint
636 3773 786 3829 testimonia
800 3774 923 3847 epistolia
940 3773 994 3828 ιιιι,Ι
1009 3770 1152 3827 ιιιιιιιιιι
1176 3771 1210 3827 ad

412 3844 570 3901 Gothricnm
600 3853 626 3899 et
655 3844 851 3899 Terdelvacuni
881 3844 1020 3897 lliberniui
1049 3860 1128 3915 reges
1150 3859 1211 3914 quai

412 3915 544 3970 habentur
558 3915 670 3987 integra
684 3914 711 3968 in
735 3915 806 3969 dieto
826 3914 916 3983 ejusce
938 3912 1113 3983 epistolarum
1129 3914 1209 3978 libro,

412 3995 438 4041 et
457 3986 529 4060 apud
551 3985 694 4039 Baroniam
720 3984 770 4043 ιιι
791 4000 862 4039 anne
885 3984 963 4055 tait,
982 3992 1049 4039 toni.
1062 3985 1097 4052 lt,
1108 3984 1210 4053 publici

407 4055 478 4125 juris
499 4054 585 4125 primo
610 4054 688 4111 fuctae
715 4062 790 4108 sant.
817 4054 877 4108 lliia
896 4055 961 4109 item
977 4062 1119 4110 occurrunt
1134 4055 1210 4123 apud

407 4124 575 4181 Eadmerum
594 4140 654 4195 quae
681 4126 751 4180 lianc
777 4140 833 4179 rom
854 4124 959 4199 plenius
978 4125 1125 4193 explicant.
1143 4124 1210 4181 Vide

411 4196 439 4251 S.
454 4194 622 4251 bernardum
638 4196 665 4248 in
681 4194 906 4251 titillationis.
928 4197 957 4249 ln
971 4194 1110 4251 llainitdae
1128 4210 1209 4267 porro

412 4266 515 4341 reginae
529 4265 677 4321 litteramm
696 4264 731 4321 ad
748 4266 901 4321 dnselmum
924 4266 1109 4335 inscriptione,
1132 4268 1209 4322 saiu-

411 4346 482 4395 tainr
496 4337 750 4411 Anselmusprimai
772 4336 845 4391 sedis
864 4338 1100 4423 archiepiscopus,
1111 4338 1209 4393 iliber-

410 4425 514 4467 iitirnm
533 4410 716 4481 omniumque
739 4407 1019 4481 septentrionalium
1044 4408 1208 4465 institarum

430 4479 768 4545 aedreiqdeidicantiir,
792 4476 1206 4548 rtmor,utibabeturinllnselmi

411 4496 458 4605 itti.
472 4568 511 4619 iii,
531 4550 611 4619 epist.
624 4554 667 4605 iis.
684 4550 723 4609 De
741 4494 869 4605 lliiernia
889 4565 964 4615 rere,
988 4551 1023 4605 ad
1046 4552 1115 4605 bano
1139 4566 1206 4618 rem,

324 4650 329 4660 ·
411 4623 513 4677 videsis
531 4621 665 4680 Camdenl
685 4620 849 4677 Britanniam
876 4636 942 4694 pag,
967 4624 1019 4675 735
1040 4628 1066 4675 et
1087 4622 1149 4674 aaa.
1166 4622 1207 4677 De

1265 3289 1369 3345 regem.
1395 3273 1481 3330 Viilu'it
1506 3291 1540 3328 iii·
1563 3275 1644 3329 solid.
1668 3282 1827 3344 etposivin
1847 3276 1929 3331 solid.
1955 3278 2037 3333 modo
2053 3295 2071 3332 x

1268 3344 1372 3401 solidis.
1391 3369 1402 3393 i
1419 3345 1584 3417 llujnsmodl
1593 3352 1654 3400 sunt
1668 3343 1732 3400 alia.
1748 3343 1900 3415 Quaienain
1911 3362 1976 3405 iero
1987 3348 2072 3404 alodii

1264 3417 1308 3500 jus
1324 3416 1394 3487 apud
1410 3420 1525 3487 majores
1549 3426 1657 3472 nostras
1682 3416 1871 3485 beniamin
1901 3434 1951 3475 usu
1977 3420 2070 3487 sueni,

1266 3496 1398 3543 incertum
1420 3497 1470 3542 esi.
1496 3487 1567 3557 Quid
1586 3487 1646 3542 aliae
1663 3495 1767 3559 gentes,
1790 3489 1912 3544 maxime
1926 3490 2068 3557 Germani,

1265 3557 1360 3613 Franci
1376 3566 1403 3613 et
1420 3557 1480 3613 ltali
1498 3562 1548 3613 boe
1569 3558 1679 3613 nornine
1698 3558 1891 3630 intellexerint,
1908 3561 1979 3617 seire
2002 3562 2021 3620 ii
2041 3572 2072 3617 et

1266 3644 1300 3684 ex
1315 3630 1416 3699 Cujecii
1437 3628 1596 3699 pretatione
1608 3630 1643 3683 ad
1661 3628 1729 3683 libi
1745 3629 1876 3685 Defendis
1891 3632 1964 3691 etad
1978 3632 2025 3686 lib.
2037 3648 2070 3701 ii,

1267 3701 1307 3758 ιιι.
1325 3700 1368 3766 ti,
1382 3705 1482 3772 praeter
1493 3700 1637 3755 llotemani
1652 3698 1737 3754 verba
1755 3700 1884 3768 feudalia,
1897 3708 1924 3757 et
1936 3718 1998 3773 quae
2007 3713 2071 3759 sunt

1265 3770 1295 3825 id
1323 3786 1410 3844 genus
1432 3779 1530 3827 caetera
1545 3771 1616 3841 apud
1630 3769 1836 3841 jurisconsultos
1851 3773 2063 3845 vulgatissima.

1264 3840 1456 3915 Freqiientiam
1484 3857 1563 3913 perro
1581 3842 1711 3897 vocabuli
1738 3842 1950 3914 diligentissime
1964 3860 1999 3900 ei
2019 3862 2069 3901 re·

1264 3912 1367 3967 teribus
1381 3920 1501 3970 notatum
1524 3914 1665 3969 bamemus
1679 3912 1752 3994 apud
1773 3914 1962 3973 doctissimum
1978 3916 2067 3972 einim

1265 3982 1439 4039 Fredericuni
1459 3984 1680 4056 Lundebregium
1696 3999 1723 4037 tn
1742 3983 1884 4040 Glaesaria
1899 4000 1951 4041 suo
1966 3986 2003 4041 ad
2017 4004 2070 4043 oo·

1264 4053 1353 4110 dicem
1369 4055 1459 4125 legum
1477 4055 1659 4127 antiquarum,
1674 4055 1702 4108 in
1719 4054 1803 4111 verbo
1826 4055 1911 4111 atoue
1925 4056 2069 4114 iuriscon-

1264 4126 1342 4181 snltis
1356 4134 1447 4180 antem
1461 4129 1559 4182 exteris
1573 4142 1590 4179 ι
1603 4124 1735 4180 beneficio
1746 4141 1794 4181 seu
1806 4125 1888 4180 teudo
1900 4127 1935 4180 ita
1949 4128 2070 4197 plerum-

1264 4211 1316 4267 que
1330 4196 1513 4269 distinguitur,
1521 4205 1558 4260 ut,
1568 4212 1630 4252 cum
1639 4194 1772 4251 beneficia
1782 4196 1949 4258 solemnibus
1965 4200 2024 4254 sire
2034 4216 2070 4256 ax

1264 4268 1335 4341 lege,
1351 4268 1408 4322 sire
1434 4282 1467 4321 ex
1482 4276 1560 4339 paeto
1574 4268 1793 4337 praestationibus
1812 4276 1839 4322 et
1861 4269 2069 4327 conditionibus

1263 4339 1316 4391 siut
1340 4337 1467 4401 obnoxia,
1499 4337 1604 4405 alodia,
1626 4338 1700 4393 reiut
1721 4338 1845 4418 κτήματα
1859 4339 2068 4425 ἰδιιπιριόριιτα

1262 4416 1308 4486 (ita
1324 4417 1480 4476 Graecoruni
1496 4416 1577 4478 elicui
1592 4433 1625 4473 ea
1639 4417 1693 4478 diei
1708 4419 1829 4489 memini)
1846 4423 1904 4476 sire
1923 4422 1982 4492 agri
2001 4440 2067 4495 pre-

1261 4487 1352 4562 prium
1373 4488 1506 4542 duntaxat
1528 4488 1723 4560 possidentium
1739 4490 1785 4560 jus
1799 4504 1978 4563 agnoscentes
1992 4496 2068 4549 omni

1261 4558 1394 4627 ejusmodi
1424 4556 1487 4612 fidei
1513 4574 1574 4629 que
1596 4562 1751 4627 juramento
1775 4567 1895 4633 praestito
1917 4561 1975 4617 lieri
1997 4565 2067 4621 solet
2174 4559 2175 4620 Ϊ

1261 4626 1439 4697 professione,
1456 4630 1529 4684 onini
1560 4631 1746 4702 undequaque
1773 4634 1884 4690 servitio
1913 4634 2066 4700 habeantur

411 4692 512 4765 Soulia,
529 4690 649 4761 coiisuie,
664 4691 685 4746 si
700 4688 776 4762 plura
790 4691 866 4755 velis,
882 4690 1007 4747 cumdem
1024 4706 1089 4765 pag.
1101 4692 1164 4761 itia,
1180 4699 1207 4747 et
1220 4722 1246 4782 D
1261 4698 1410 4755 liberrima.
1428 4701 1508 4823 tingui
1524 4700 1553 4753 in
1571 4702 1696 4755 nostratis
1713 4700 1782 4774 juris
1804 4718 1858 4773 quo
1878 4704 1980 4759 utimur
1994 4722 2070 4762 corn·

410 4764 574 4835 Polydorum
599 4762 667 4822 illst.
699 4760 807 4833 itnglio.
838 4758 885 4815 lib.
909 4776 988 4829 xxii,
1014 4762 1042 4815 ιι
1069 4760 1207 4817 Eduardo

411 4844 516 4907 quarto,
533 4848 603 4903 anno
617 4836 696 4901 llll,
714 4840 805 4959 gruter
818 4832 954 4907 Reginum
969 4830 1146 4887 lloredenum
1157 4834 1207 4887 snb

411 4906 488 4962 anais
516 4908 583 4965 itta
608 4912 634 4959 ot
662 4904 740 4971 ιιι,
764 4903 840 4971 cujus
863 4902 948 4959 rerba
968 4902 1025 4959 iere
1051 4904 1208 4959 transcribit

405 4972 537 5032 ltironius
549 4984 614 5032 tore.
629 4974 679 5029 xlt
694 4975 723 5029 iii
733 4973 835 5034 eisdem
851 4976 940 5029 annis.

445 5050 1208 5129 (iillnaiediumela,transireatiaalodiumtruirsire

409 5125 457 5191 llln
468 5124 767 5187 eradicabitur-eitam
786 5141 822 5187 ea
839 5124 928 5185 aalide
942 5124 1067 5185 concedi.
1085 5124 1205 5184 Gailliel.

411 5195 655 5259 liaiaicsburlensis
681 5194 729 5252 lib.
753 5211 762 5249 t
784 5196 823 5255 De
848 5194 1107 5269 gestispoutiiicum,
1125 5196 1208 5251 rerba

409 5266 513 5333 inciens
527 5267 562 5323 de
583 5266 642 5325 uun
663 5264 856 5329 munificientia
878 5264 906 5329 in
927 5264 1093 5335 dussimuin,
1110 5267 1207 5331 iirlmm

408 5334 505 5408 inquit,
519 5338 684 5401 cantuariae
696 5352 778 5415 quam
793 5336 1017 5409 archiepiscopus
1028 5338 1207 5463 dnnlrancua

411 5396 547 5471 habuerat
562 5423 599 5473 eu
613 5406 744 5475 beneflcio
764 5408 814 5475 isti
827 5409 1011 5471 concessitis
1023 5409 1075 5468 siti
1095 5424 1119 5465 o.
1130 5408 1206 5463 ldem

410 5478 609 5551 penetrabatur
626 5494 660 5539 ιι
683 5448 820 5537 tabiiiariis
834 5479 991 5539 monasterii
1016 5478 1045 5535 S.
1062 5478 1205 5607 degustati

410 5548 481 5621 apud
515 5548 547 5612 V.
581 5548 619 5631 C..
641 5546 825 5629 Gaillielnrum
852 5548 1017 5633 Cnmdonum
1044 5548 1070 5615 in
1126 5550 1209 5618 antio,

410 5618 1210 5775 ιιιιιιιιιιιιι,ιιιιιιι

411 5780 492 5848 ieosq
508 5778 565 5829 arii
581 5760 756 5845 ttiiionniii
775 5761 926 5845 :territe
945 5764 1024 5843 torret
1038 5776 1101 5829 rix,
1122 5762 1209 5887 mrim

412 5808 802 5915 teriqitdirtosttainiitaaed
815 5832 1084 5916 nonsatidlodtttm.
1104 5830 1144 5887 lbi
1167 5848 1211 5889 em

413 5902 1211 5973 ctiamtttarriliuttitinetrendiidncinittriatinuit

410 5974 444 6039 de
463 5974 591 6057 dotrina
612 5972 712 6045 contii
726 5974 757 6035 ta
772 5974 944 6050 tietmari
967 5972 1117 6057 initiavit
1129 5990 1211 6045 arei

412 6041 500 6118 lltdir,
514 6044 596 6105 inodo
615 6060 666 6123 pre
687 6058 706 6099 u
723 6042 801 6100 lltdir
823 6046 852 6101 et
875 6040 936 6098 dim
967 6056 996 6097 ia
1022 6042 1105 6098 Terra
1128 6046 1171 6099 eet
1194 6059 1211 6098 x

1262 4772 1402 4825 nientariis
1417 4770 1472 4824 nitri
1496 4771 1606 4827 omnino
1618 4773 1748 4827 babemus
1758 4774 1786 4827 in
1801 4790 1852 4843 qua
1863 4775 1945 4845 liujus
1953 4776 2069 4837 dominii

1262 4840 1540 4913 lormutaerestigium
1554 4849 1594 4896 est
1621 4850 1698 4898 extra
1713 4845 1819 4899 unicam
1836 4843 1972 4901 torteeam
2005 4865 2068 4903 uani

1261 4883 1988 4987 Franclalmoigneseutiderameleemorpaamiocita
2007 4936 2069 4987 ιι,

1264 4998 1325 5057 quai
1341 4983 1376 5037 ad
1390 4984 1513 5037 ordinem
1522 4999 1628 5042 sacrum
1644 4988 1831 5044 tautummodo
1846 4996 1960 5061 spectat.
1973 4999 2001 5051 et
2015 5007 2067 5053 ne-

1263 5069 1315 5125 que
1329 5069 1440 5110 censum
1456 5071 1544 5129 neque
1559 5054 1622 5110 fidei
1637 5070 1718 5127 quani
1726 5057 1846 5118 diximus
1854 5060 2066 5129 professionem,

1262 5125 1311 5179 sed
1326 5140 1439 5196 presure
1454 5126 1627 5184 selummodo
1642 5131 1670 5189 in
1685 5137 1859 5199 patronorum
1883 5146 1931 5189 seii
1946 5132 2071 5187 domino·

1261 5210 1323 5249 ram
1351 5196 1466 5251 salutern
1494 5194 1717 5253 effundendamm
1745 5197 1863 5255 officium
1884 5216 1901 5257 ι
1922 5202 2068 5260 clientibus

1262 5266 1366 5339 exigit:
1389 5267 1427 5321 ita
1452 5275 1542 5323 tamen
1557 5275 1585 5322 ut
1599 5269 1671 5322 civili
1687 5269 1745 5328 soto
1766 5269 1851 5333 eliens
1870 5271 1904 5327 de
1922 5286 1956 5335 ea
1980 5275 2068 5331 resisti
2174 5311 2175 5322 ι

1261 5352 1316 5397 non
1344 5337 1448 5417 possit.
1468 5340 1498 5391 ln
1513 5339 1621 5393 certeris
1636 5339 1769 5408 termolis,
1784 5349 1915 5413 quotquot
1928 5345 2003 5415 apud
2018 5360 2068 5405 nos

1260 5416 1305 5463 aut
1320 5417 1467 5468 etiamnum
1482 5418 1588 5464 exstant
1601 5410 1655 5465 inte
1677 5428 1713 5468 rie
1727 5418 1772 5467 aut
1795 5412 1912 5485 vestigia
1933 5430 1984 5469 sua
1998 5416 2066 5476 reii-

1263 5495 1358 5550 quere,
1377 5480 1508 5541 solemnis
1523 5478 1585 5534 fidei
1603 5427 1744 5550 prodesse,
1761 5492 1931 5541 sacramento
1946 5483 2065 5550 firmata.

1264 5551 1325 5625 jere
1339 5550 1467 5622 eiigitur,
1483 5560 1563 5623 atque
1578 5552 1647 5607 adeo
1662 5562 1691 5609 ut
1709 5556 1743 5608 ad
1767 5571 1849 5617 unuin
1873 5570 1968 5611 ornnes
1993 5574 2008 5614 a
2030 5558 2066 5619 ud

1265 5635 1316 5675 nos
1330 5619 1430 5701 giebae,
1459 5621 1540 5677 ιιιιιι
1566 5622 1697 5680 beneficia
1719 5640 1767 5686 sea
1791 5624 1883 5692 feuda,
1912 5574 2064 5693 oilenniam

1265 5689 1380 5761 alicujus
1395 5692 1497 5749 domini
1521 5694 1618 5756 merito
1637 5710 1671 5754 ac
1686 5695 1843 5765 planissime
1857 5703 1902 5757 aut
1916 5708 2066 5770 agnoscant

1265 5770 1342 5827 aute
1365 5778 1477 5822 nascere
1495 5764 1624 5829 debeant,
1644 5766 1778 5831 Caeterum
1806 5768 1849 5835 ad
1865 5772 2000 5832 vetustum
2019 5785 2065 5830 at·-

1265 5778 1500 5905 qbiepisooporuin
1515 5835 1543 5901 ia
1557 5836 1705 5917 §aulearia
1716 5837 1763 5915 ιιι
1773 5839 1846 5908 quod
1862 5839 1914 5903 troo
1927 5839 1989 5905 loco
2003 5856 2063 5903 nie·

1264 5913 1388 5971 moratur
1412 5913 1517 5977 spectat
1544 5914 1625 5971 etiam
1654 5908 1749 5972 tersia
1776 5908 1895 5979 paruum
1932 5913 2066 5975 numisma

1265 5974 1342 6042 cidus.
1364 5978 1431 6047 part
1456 5977 1540 6043 etuti
1563 5976 1725 6059 sternendi
1753 5978 2067 6057 arcitenentum

1265 6044 1408 6101 Elamaudl
1422 6045 1532 6104 (lusoris
1550 6062 1660 6105 nomine
1685 6050 1721 6105 ad
1741 6050 1812 6107 buna
1826 6050 1938 6110 modum
1959 6052 2065 6130 signata

2022 537 2080 590 aas
2174 616 2175 619 Ν
