4750 6725
304 590 357 647 aab
1082 587 1171 642 tttt.
1896 592 1947 645 aaa

302 709 443 785 applicare
469 710 594 769 valerent
619 712 663 769 vel
690 711 840 785 constringi
863 711 999 783 possenti
1020 709 1145 777 hliudA
1196 713 1242 766 ts.
1260 710 1414 785 Aliquando
1439 726 1504 769 sane
1530 710 1670 783 judicabat
1690 710 1812 769 ciborum
1841 713 1961 785 coptam

300 800 392 874 itaque
402 799 509 871 jubete,
520 806 548 855 et
560 799 692 859 sustinete
714 803 767 859 boe
779 800 928 873 patienter,
942 798 966 855 si
979 816 1034 857 non
1048 816 1103 871 po·
1158 798 1307 870 aliquando
1321 799 1473 859 mirabatur
1486 800 1557 857 banc
1577 799 1763 871 ieiunantibus
1784 800 1880 858 deesse
1894 818 1961 876 gra-

301 896 353 946 tast
377 888 436 945 fieri
456 904 520 945 cnm
551 887 638 945 salute
661 889 744 947 amici
768 888 861 958 vestri,
885 889 959 962 quod
986 888 1103 960 petistis.
1156 888 1237 957 tiam,
1267 888 1430 959 quantillus
1458 889 1559 945 habere
1587 889 1707 947 videbat.
1727 890 1912 947 verumtatem
1937 906 1961 963 si

300 977 408 1034 valete.
425 977 484 1034 ilco
505 977 644 1048 rescripsit
664 977 729 1050 pins
750 979 830 1035 Peter
857 978 915 1052 regi
936 976 977 1035 illi
991 976 1103 1035 eximio.
1157 975 1218 1033 lieri
1231 985 1331 1049 posset,
1348 977 1418 1035 sicut
1432 977 1493 1049 ipse
1507 977 1627 1048 dicebat,
1642 978 1885 1049 ututraquevirtus
1897 980 1961 1037 obe-

300 1064 357 1137 Qni
380 1066 468 1139 primo
503 1066 679 1125 vehementer
704 1067 862 1141 indignatus
888 1082 940 1139 pro
968 1082 1004 1123 co
1031 1068 1105 1139 quod
1158 1062 1269 1121 dientiae
1284 1074 1311 1123 et
1336 1065 1506 1123 abstinentie
1528 1066 1678 1124 sociaretur
1698 1066 1727 1123 in
1754 1067 1803 1137 eis,
1819 1074 1875 1123 tum
1895 1085 1962 1140 pro-

301 1159 377 1212 esset
398 1154 557 1225 repudiatus
580 1154 608 1211 in
630 1171 711 1227 prece
729 1171 780 1211 sua
800 1170 863 1211 cum
885 1163 959 1213 tanto
982 1172 1104 1227 munere,
1158 1152 1232 1211 fecto
1248 1154 1314 1209 nihil
1339 1155 1500 1226 apostolicas
1523 1154 1678 1211 delaturum
1699 1156 1886 1226 perlectionia.
1903 1157 1964 1227 Qua

301 1252 363 1315 post
376 1244 497 1301 furorem
520 1244 603 1301 rediit
623 1243 658 1300 ad
687 1251 818 1311 mentem,
833 1245 1017 1319 cognovitque
1032 1246 1106 1302 hunc
1159 1241 1196 1299 de
1209 1258 1239 1299 rc
1253 1244 1420 1301 conveniens
1440 1244 1569 1300 domnum
1593 1245 1723 1301 abbatem
1748 1246 1919 1315 obsecrabat,
1934 1255 1964 1303 ut

299 1332 441 1391 bominem
454 1332 503 1388 liei
518 1348 584 1389 vere
598 1333 707 1389 cuncus
720 1333 938 1405 praeterendum:
953 1334 998 1391 cui
1011 1334 1104 1392 nullus
1159 1346 1178 1385 a
1192 1330 1328 1403 sagimine
1342 1331 1450 1389 duabus
1464 1333 1554 1389 saltim
1568 1333 1643 1389 seriis
1657 1350 1686 1389 sa
1699 1334 1906 1405 suspenderent,
1917 1336 1962 1406 qni

301 1422 440 1494 appetitus
461 1437 553 1478 rerum
576 1421 766 1494 temporalium
787 1421 992 1494 dominabatur,
1006 1423 1107 1497 quique
1159 1419 1188 1475 in
1202 1418 1308 1476 ceteris
1322 1428 1376 1477 um
1395 1419 1510 1491 perlecti
1531 1430 1631 1493 essent,
1655 1430 1684 1478 ut
1704 1424 1873 1479 anachoretis
1894 1423 1962 1479 nibil

301 1512 457 1569 annuarum
471 1509 585 1567 salutern
603 1511 678 1569 omni
691 1527 758 1569 auro
772 1511 1016 1583 incomparabilem
1039 1528 1107 1569 ren·
1160 1506 1300 1565 deberent.
1317 1507 1549 1567 Cuivenerandus
1569 1510 1662 1583 lingo,
1684 1510 1854 1567 discretionis
1870 1520 1963 1569 castos

299 1599 389 1667 sebat,
402 1598 521 1671 ideoque
535 1598 624 1670 ipsum
643 1599 711 1655 nulli
728 1600 840 1657 omnino
861 1600 1003 1672 potestatis
1018 1601 1106 1657 alicn-
1161 1596 1289 1668 egregius
1319 1615 1326 1653 ι
1358 1620 1369 1645 u
1393 1597 1432 1664 Sl,
1456 1597 1552 1669 inquit,
1579 1599 1657 1655 Pater
1681 1599 1852 1669 charissime,
1880 1599 1963 1657 vultis

299 1687 346 1761 jus
359 1703 483 1760 persone
497 1689 724 1759 comparabilem,
741 1688 806 1761 qnia
829 1689 905 1745 nulla
927 1689 1108 1761 cupiditates
1161 1699 1265 1757 augam
1282 1684 1361 1741 nobis
1375 1701 1508 1743 coronam
1522 1688 1657 1743 mercedis
1675 1703 1726 1759 per
1747 1687 1964 1745 additamentum

298 1783 374 1833 racto
388 1775 459 1833 calle
473 1776 622 1834 flexibilem
647 1793 677 1835 sc
700 1785 748 1833 aut
771 1777 931 1835 mutabilem
954 1777 1107 1849 prebebat.
1158 1773 1266 1844 iejunii,
1283 1781 1385 1831 estate
1405 1774 1481 1845 prius
1504 1774 1647 1833 nobiscnm
1667 1776 1776 1847 pondus
1795 1776 1896 1833 laboris
1919 1778 1963 1835 ael

299 1864 437 1923 Convertit
448 1881 516 1938 ergo
530 1882 559 1923 se
582 1865 618 1922 ab
632 1866 819 1940 indignatione
831 1867 867 1923 ad
881 1867 1105 1937 admirationem,
1160 1878 1213 1934 per
1226 1869 1287 1919 octo
1310 1864 1418 1919 diarum
1440 1864 1566 1935 spatium,
1589 1872 1617 1921 et
1639 1864 1769 1936 deinceps
1795 1866 1965 1923 estimabitis

299 1953 435 2026 repulsam
449 1953 576 2011 videlieet
589 1971 666 2010 suam
691 1955 806 2026 majoris
830 1955 945 2023 taciens,
961 1973 1043 2028 quam
1057 1973 1108 2013 su·
1162 1950 1230 2025 qnid
1243 1951 1427 2021 adjiciendum
1455 1968 1567 2009 censere
1593 1952 1729 2009 debeatis.
1748 1955 1817 2011 Nam
1846 1954 1965 2027 quandiu

300 2037 466 2109 saeptionem
479 2038 611 2109 lenissset,
626 2040 651 2094 si
671 2040 816 2096 exauditus
831 2040 938 2096 luisset.
955 2040 1107 2113 Repressit
1121 2069 1149 2131 B
1162 2057 1218 2099 non
1231 2040 1405 2113 gustavmitm
1424 2042 1603 2114 pulmentum,
1625 2043 1732 2099 nescire
1755 2043 1879 2114 poteritis
1893 2043 1966 2115 quod

302 2127 387 2199 igitur
399 2126 468 2183 iram
484 2144 545 2199 qnae
558 2128 687 2196 irruerat,
699 2128 889 2200 acquievitque
903 2128 1014 2199 rationi,
1024 2145 1107 2202 quam
1162 2129 1255 2201 exigat
1268 2129 1469 2185 condimentum
1484 2128 1562 2199 salis,
1577 2138 1603 2186 et
1617 2131 1639 2185 si
1653 2146 1708 2186 non
1724 2130 1902 2188 adhibueritis
1916 2131 1968 2188 sal·

303 2214 433 2287 cogitavit
455 2224 600 2289 postquam
616 2216 728 2273 recessit
741 2216 910 2287 perturbatio
924 2217 1031 2274 mentis.
1162 2225 1219 2275 tem
1232 2218 1375 2273 minimum
1391 2217 1506 2290 digitum
1515 2226 1646 2284 vestrum,
1656 2234 1830 2291 nequaqnam
1839 2220 1967 2290 judicare

340 2305 384 2360 tt.
401 2304 539 2376 Tempore
566 2304 687 2376 quodam
708 2306 781 2377 (136)
806 2321 917 2363 necmse
941 2306 993 2362 luit
1015 2314 1108 2362 sancto
1163 2307 1199 2363 de
1212 2322 1297 2364 onere
1311 2307 1429 2363 iratemo
1445 2306 1564 2365 discrete
1577 2323 1609 2365 ac
1622 2307 1707 2381 digne
1722 2307 1859 2364 valebitis.
1872 2330 1884 2357 ι
1899 2307 1964 2377 Qui-

306 2392 366 2449 viro
380 2409 429 2465 pro
445 2393 551 2449 tuendis
564 2392 629 2449 filiis
647 2394 683 2449 ad
705 2394 857 2453 Ecclesiam
881 2401 993 2452 matrem
1015 2410 1108 2451 recur-
1162 2394 1215 2451 hus
1228 2394 1277 2452 illc
1286 2394 1393 2464 andus,
1405 2395 1527 2453 sentiens
1542 2394 1625 2453 lascis
1635 2396 1791 2467 hujusmodi
1804 2396 1967 2469 gravitatem

306 2497 376 2549 rare,
392 2486 420 2537 et
433 2482 563 2539 Romane
576 2481 651 2539 sedis
672 2483 856 2555 patrocinium
869 2483 1015 2539 advocare.
1032 2482 1109 2552 Qua·
1163 2483 1221 2541 anis
1235 2482 1337 2541 viribus
1351 2483 1565 2555 importabilem,
1577 2484 1721 2541 cessavita
1735 2485 1867 2556 petitione
1875 2485 1968 2557 ingra-

306 2576 418 2642 propter
431 2569 506 2625 urhis
520 2569 593 2626 illius
606 2570 745 2643 refugium
766 2580 873 2642 petens,
889 2586 991 2645 magno
1014 2571 1110 2628 labora
1162 2571 1247 2629 vendi
1263 2572 1402 2643 ponderis,
1419 2581 1445 2628 et
1465 2572 1640 2645 semetipsum
1668 2572 1751 2645 coepit
1777 2580 1964 2645 repercutere,

308 2667 335 2715 et
346 2658 506 2716 difficultate
520 2676 537 2715 a
550 2660 635 2716 latere
656 2675 735 2732 papae
756 2660 881 2715 avulsum
903 2660 1034 2717 domnum
1056 2660 1110 2723 Pe-
1163 2662 1237 2719 unde
1252 2661 1320 2717 alios
1337 2659 1417 2717 ferire
1437 2660 1533 2729 voluit,
1550 2660 1612 2731 quia
1634 2660 1760 2734 sagittam
1783 2663 1820 2718 ad
1842 2677 1890 2719 eos
1903 2662 1962 2721 sine

306 2746 572 2816 trum,ilostiensem
592 2748 720 2805 videlicet
741 2749 912 2821 episcopum,
926 2757 1110 2822 cognomento
1164 2765 1215 2806 suo
1232 2750 1344 2807 vulnere
1364 2748 1488 2823 nequivit
1513 2748 1640 2823 dirigere,
1657 2748 1811 2823 intelligens
1833 2766 1963 2824 magnum

305 2836 480 2903 Damianum,
508 2835 636 2905 obtinuit,
657 2844 686 2893 ut
712 2836 765 2892 sibi
790 2838 901 2894 daretur
931 2854 984 2909 pro
1007 2852 1108 2909 magno
1164 2854 1350 2911 essepensum
1364 2836 1441 2909 illud,
1457 2852 1489 2895 ac
1509 2838 1610 2895 dehere
1631 2837 1752 2895 sufficere
1773 2840 1846 2912 quod
1861 2854 1964 2913 appre-

306 2924 386 2980 Petro
405 2925 585 2997 preliatums,
600 2933 627 2981 et
649 2925 825 2982 adversarios
846 2934 1027 2998 prostratums
1049 2926 1116 2999 miff
1164 2927 1283 2985 bendere
1294 2928 1353 2999 ipse
1365 2942 1420 2985 non
1434 2935 1537 3001 posset,
1552 2927 1598 2998 qui
1612 2927 1640 2982 in
1651 2934 1724 2983 tanto
1731 2926 1876 2985 videbatur
1888 2936 1964 2987 stare

305 3012 385 3069 robili
399 3028 446 3067 sna
459 3012 604 3084 prudentia
618 3021 700 3084 atque
712 3013 839 3071 facundia
852 3014 937 3087 (ast).
948 3016 1014 3071 Erat
1025 3030 1107 3071 nam-
1164 3016 1293 3073 virtutum
1314 3012 1441 3073 catlmine.
1471 3014 1599 3073 Ervuiitns
1621 3015 1714 3087 itaqua
1737 3016 1849 3087 presul,
1877 3017 1963 3075 multo

306 3116 361 3174 quc
374 3100 418 3157 vir
432 3101 479 3158 ille
493 3102 665 3159 abstinentie
679 3102 825 3177 singularis
837 3120 896 3175 usu,
916 3111 944 3160 et
957 3104 1108 3160 ferreorum
1163 3104 1297 3162 eruditior
1308 3104 1389 3161 rediit
1404 3120 1486 3178 quam
1499 3105 1582 3174 venit,
1598 3119 1782 3177 magnumqae
1805 3107 1963 3161 thesaurum

305 3189 475 3248 vinculorum
498 3206 570 3248 nexu
590 3192 712 3263 undique
727 3192 767 3249 sie
780 3192 898 3261 attritus,
912 3201 942 3249 ut
954 3193 1000 3248 vin
1012 3201 1108 3265 posset
1162 3193 1303 3267 fugiende
1317 3194 1404 3249 inanis
1426 3192 1523 3267 gloriae
1539 3201 1567 3249 et
1580 3192 1753 3265 capessendae
1767 3208 1839 3251 verae
1853 3192 1961 3251 humili·

306 3278 421 3335 inveniri
435 3281 544 3349 modus,
561 3295 615 3352 quo
630 3280 692 3352 ejus
705 3281 827 3351 corporis
841 3281 1014 3338 imbecillitas
1027 3282 1106 3339 love·
1163 3282 1226 3337 tatis
1240 3296 1332 3338 secum
1347 3281 1506 3352 reportavit.

305 3375 391 3438 retur,
415 3369 450 3424 ad
474 3369 614 3442 equitandi
634 3386 702 3426 onus
725 3386 810 3443 grave
827 3380 974 3442 utcumque
988 3371 1107 3428 tolerau·
1199 3373 1243 3428 lb.
1260 3370 1428 3428 Venerabilis
1450 3371 1540 3443 lingo,
1563 3371 1645 3442 hujus
1668 3371 1754 3428 sancti
1777 3369 1966 3428 cluniacensis
2078 3379 2082 3386 ·

307 3458 372 3514 dum
386 3459 474 3529 (138).
490 3459 523 3513 lit
537 3459 602 3530 quia
617 3458 670 3515 levi
684 3458 845 3531 plerumque
859 3459 988 3516 scandalo
1007 3459 1108 3517 ollandi
1123 3434 1147 3495 ⁰
1161 3459 1279 3516 coenobii
1293 3458 1390 3527 abbas,
1407 3475 1462 3514 non
1486 3459 1569 3514 modo
1599 3458 1628 3514 in
1650 3457 1799 3515 monastiea
1819 3457 1962 3532 religione,

305 3555 423 3619 poterat,
439 3562 550 3603 necessa
567 3546 687 3604 habebat
714 3564 788 3619 saepe
812 3547 903 3620 aliqua
918 3547 1108 3605 satisfactione
1160 3548 1354 3604 verumetiam
1369 3547 1399 3602 in
1414 3544 1635 3615 divinisolliciis,
1658 3561 1709 3618 per
1730 3545 1779 3602 Dei
1793 3546 1910 3618 gratiam
1929 3544 1964 3601 ad

304 3635 422 3706 placari.
437 3637 484 3691 Ad
499 3652 580 3707 quam
594 3653 652 3692 rem
667 3637 831 3693 venerabilis
844 3638 925 3710 liugn
940 3637 978 3693 ita
991 3636 1108 3693 seincli·
1161 3635 1278 3692 meliora
1299 3635 1490 3706 provehendis,
1506 3641 1562 3691 tota
1586 3633 1671 3689 animi
1695 3633 1828 3690 industria
1850 3635 1965 3691 solerter
1999 3689 2003 3699 ,

305 3724 398 3794 nabat,
419 3732 449 3781 ut
475 3725 534 3796 ejus
557 3725 681 3781 animum
695 3725 854 3781 reformaret
868 3726 905 3781 ad
920 3723 1107 3796 tranquillita-
1161 3721 1320 3796 invigilans,
1350 3723 1472 3779 decrevit
1498 3737 1559 3779 cum
1589 3721 1727 3778 communi
1754 3721 1867 3778 fratrum
1894 3737 1964 3778 cou-

307 3821 372 3883 tem,
391 3813 466 3869 acsi
489 3813 558 3869 alter
577 3813 711 3869 Martinus
734 3821 813 3880 esset,
838 3813 884 3884 qui
910 3813 980 3868 nihil
1003 3820 1109 3884 putaret
1162 3811 1234 3880 silio,
1256 3820 1285 3868 ut
1308 3812 1336 3867 in
1357 3809 1402 3868 die
1420 3819 1515 3869 sancto
1539 3813 1724 3880 pentecostes,
1738 3812 1865 3884 hymnus,
1893 3809 1964 3870 Veni

306 3899 461 3974 indignum,
478 3901 552 3974 quod
576 3901 716 3958 humilitas
730 3903 868 3975 agendum
883 3902 1017 3958 suaderet.
1040 3901 1109 3957 Cum
1165 3903 1285 3959 Creator
1300 3898 1429 3974 Spiritus
1443 3899 1528 3972 (¹89),
1545 3900 1572 3954 in
1587 3900 1654 3957 hora
1669 3901 1747 3956 tertia
1766 3899 1964 3970 decantaretur,

308 4004 376 4062 ergo
402 3990 522 4046 venisset
544 3990 702 4047 Cluuianum
726 3990 794 4046 alter
816 3989 862 4046 ille
885 3989 1045 4063 Gregorius,
1061 4006 1111 4060 per
1163 3989 1210 4064 qui
1233 3989 1360 4046 videlicet
1374 3988 1485 4045 minime
1509 3996 1591 4045 antea
1614 3989 1772 4060 canebatur,
1787 4005 1842 4063 quo
1863 3989 1967 4048 scilicet

308 4078 472 4149 eloquentie
499 4078 663 4150 ubertatem,
681 4095 737 4136 non
764 4086 855 4135 tamen
883 4093 932 4150 per
953 4078 1110 4151 apostolice
1164 4079 1286 4149 eiusdem
1316 4078 1459 4148 varadati,
1474 4077 1503 4134 id
1532 4086 1583 4149 est,
1599 4079 1788 4137 consolatoria
1813 4079 1967 4138 visitatione

307 4166 372 4224 vile
384 4166 580 4239 equalitatem,
595 4165 763 4238 vidissetque
775 4169 972 4224 humanitatem
986 4168 1011 4224 ei
1024 4167 1111 4223 disei-
1164 4168 1324 4242 compungi,
1339 4182 1433 4224 amore
1448 4165 1614 4224 inflammari
1641 4175 1668 4223 et
1700 4167 1786 4242 gratia
1812 4185 1967 4225 mereamur

306 4253 420 4326 plicam,
441 4254 604 4329 virgamque
633 4260 661 4312 et
686 4255 814 4314 baculum
839 4255 1006 4328 contulisset,
1030 4255 1114 4328 cepit
1162 4256 1304 4314 illustrari.
1324 4257 1412 4330 litque
1426 4255 1489 4312 huic
1511 4265 1564 4311 tem
1582 4255 1769 4313 saluberrimas
1783 4258 1896 4314 orationi
1910 4257 1965 4312 ho-

306 4345 411 4401 haercre
424 4360 457 4402 ac
467 4353 586 4417 stupere,
600 4345 716 4417 qualiter
734 4346 821 4402 sancti
842 4361 916 4415 esse,
938 4353 985 4402 aut
1000 4353 1113 4402 sanctos
1165 4361 1231 4401 num
1245 4344 1427 4415 eleemosyne
1437 4343 1645 4418 suffragaretur,
1655 4343 1803 4411 constituit,
1814 4344 1965 4416 utipsodle

305 4433 472 4492 institutores
498 4434 600 4491 babere
622 4443 744 4506 possent,
760 4435 807 4509 qui
833 4433 916 4490 tantis
939 4435 1113 4491 abundarent
1164 4433 1307 4491 abundans
1321 4433 1433 4489 relectio
1446 4447 1462 4488 a
1474 4431 1609 4504 magistro
1627 4431 1747 4489 ecclesie
1762 4431 1875 4490 custode
1892 4448 1965 4505 pau·

305 4523 402 4586 bouis:
418 4530 446 4580 et
458 4538 565 4578 rursum
581 4524 720 4594 quomodo
738 4539 794 4580 non
813 4523 899 4580 macti
923 4539 984 4580 esse
999 4531 1112 4596 possent
1164 4521 1277 4594 peribus
1292 4520 1473 4589 exhiberetur,
1488 4520 1523 4576 de
1533 4534 1616 4592 pane,
1630 4519 1694 4577 vino
1708 4527 1735 4576 et
1752 4535 1843 4588 omne,
1859 4519 1904 4576 tali
1918 4535 1965 4575 ra-

306 4617 355 4668 aut
369 4611 470 4684 perire,
494 4612 541 4684 qui
564 4619 619 4667 mm
640 4612 738 4669 devote
761 4612 924 4668 sustinerent
948 4619 1004 4668 tarn
1027 4627 1113 4686 grave
1164 4611 1240 4668 tione
1254 4619 1283 4666 ut
1303 4618 1421 4682 quantus
1440 4609 1467 4666 in
1491 4608 1635 4666 festivitate
1655 4608 1736 4665 luerit
1758 4623 1886 4666 nummus
1906 4607 1966 4664 lra-

305 4701 417 4773 pondus
445 4699 547 4759 laboris
580 4709 607 4757 et
642 4700 793 4759 custodiam
835 4700 994 4759 monastice
1026 4701 1112 4758 disai-
1164 4709 1246 4769 trum,
1263 4707 1301 4757 tot
1316 4701 1399 4758 etiam
1413 4713 1548 4771 pauperes
1560 4697 1744 4754 reficerentur.
1761 4695 1809 4754 Sin
1828 4712 1896 4754 vero
1910 4713 1964 4752 nu-

302 4790 401 4863 plinae.
1120 4788 1268 4854 Dmeruru
1283 4788 1395 4846 fratrum
1420 4804 1469 4862 per
1489 4804 1519 4844 se
1538 4787 1607 4844 seire
1622 4785 1785 4860 nequiverit,
1810 4785 1966 4843 aministro

342 4996 417 5064 (136)
426 4995 468 5052 td
482 5011 582 5052 mum
595 4995 666 5052 tosa
679 4994 740 5052 beo
756 4994 840 5054 refert
850 4994 990 5064 baronius,
1005 5002 1031 5052 et
1044 5010 1107 5052 eau-
1200 4995 1274 5068 (tsi)
1289 4995 1373 5052 llulta
1387 4993 1421 5050 de
1434 4994 1486 5048 hac
1500 4991 1530 5048 S.
1546 4989 1617 5047 Petri
1635 4989 1772 5070 legatione
1792 4988 1906 5046 dicanda
1920 4988 1966 5046 hic

306 5083 366 5123 sam
382 5075 463 5124 motae
486 5075 580 5124 contra
594 5065 786 5122 cluniacenses
804 5065 996 5124 controversias
1011 5067 1111 5122 latetur
1164 5066 1262 5136 forent,
1278 5064 1331 5122 nisi
1359 5064 1386 5120 id
1414 5071 1505 5122 actum
1525 5071 1596 5118 esset
1616 5071 1678 5118 ante
1701 5063 1788 5134 ipsias
1806 5061 1906 5130 Vitam,
1930 5064 1964 5118 23

303 5141 312 5195 i
337 5153 448 5202 uorare;
465 5139 600 5210 conjectat
621 5145 712 5193 autem
727 5136 893 5193 Gauiredum
908 5136 1037 5193 comitem
1052 5139 1109 5191 hn-
1165 5137 1255 5208 veta
1269 5141 1300 5192 5.

327 5225 490 5266 cavensem
508 5209 646 5265 turbarum
661 5216 800 5264 auctorem
816 5207 907 5275 fuisse,
923 5208 1010 5264 citans
1024 5207 1109 5262 vitam
1267 5263 1270 5272 κ
1385 5259 1390 5269 ,
1447 5256 1453 5269 .
1601 5256 1607 5266 .
1654 5255 1659 5264 .
1695 5255 1701 5264 .
1734 5253 1741 5266 .
1870 5255 1875 5265 .

303 5281 336 5336 5,
376 5280 489 5353 mnis·
505 5279 560 5338 Sed
580 5279 645 5336 huic
669 5279 737 5334 „jhu
752 5279 856 5352 negotii
870 5294 932 5335 „um
945 5277 1109 5334 munim.
1202 5261 1275 5331 (l38)
1291 5261 1392 5330 Quanta
1410 5257 1510 5315 derude
1524 5258 1621 5314 lacerti
1634 5253 1786 5326 dtsotpltttae
1800 5254 1964 5314 Cluntactu·

304 5351 383 5407 stans
410 5351 462 5408 furt
486 5369 493 5408 ;
521 5351 551 5408 s.
580 5349 686 5407 uarum
715 5349 887 5406 sumans
915 5350 1109 5407 normanum
1163 5332 1201 5388 aa·
1214 5330 1408 5414 presentiae·
1424 5329 1514 5386 esuri
1536 5334 1661 5399 volarunt
1685 5327 1744 5406 ,eius
1760 5326 1965 5399 aristotelios

304 5421 424 5495 petebat.
449 5423 516 5477 llem
543 5429 627 5478 totam
656 5420 775 5491 explicat
799 5419 967 5476 bibliotheca
987 5420 1109 5482 Cluniae.
1163 5403 1278 5488 &duum
1294 5419 1321 5456 ¹¹¹
1331 5401 1445 5467 stillam,
1462 5400 1497 5456 td
1510 5406 1671 5455 ⁰⁰¹1V⁶¹¹²⁰ffl
1685 5413 1827 5482 tpsumque
1837 5396 1965 5480 8ῧῖξὸῑὲῐῦ

303 5494 360 5550 col.
376 5495 439 5561 309,
459 5507 589 5549 ennmans
617 5491 842 5556 controversiam,
858 5491 929 5546 inter
956 5491 1109 5548 Droconem
1164 5491 1222 5545 ⁰1⁰⁸
1236 5475 1277 5529 ¹¹¹¹
1299 5487 1379 5530 ⁰¹¹⁰ffl
1395 5473 1476 5540 ‘¹⁸²2’
1492 5485 1553 5542 (lllae
1566 5475 1710 5542 Pfflpleoel
1723 5475 1803 5526 0¹¹⁸OE
1817 5483 1846 5524 ¹¹¹
1866 5467 1964 5524 blhlffl·

303 5564 532 5621 matisconensem
556 5572 585 5619 et
612 5564 756 5636 hugonem
780 5562 988 5618 cluniacensem
1018 5576 1109 5618 coram
1163 5489 1564 5602 iht⁰²⁰0510⁶lae0¹l¹lbfflluh

304 5637 386 5691 P²²¹⁰
401 5635 536 5693 ”mim
556 5633 697 5707 ‘bum‘
727 5648 760 5689 ⁰⁰
786 5649 922 5700 ‘'mm'’
950 5643 981 5689 ¹¹²
1007 5633 1110 5701 Μ’
1202 5667 1275 5750 (tilii)
1290 5667 1368 5722 Hune
1391 5665 1474 5722 ritum
1500 5665 1623 5724 itomana
1646 5663 1768 5723 Ecclesia
1791 5659 1964 5735 postmodum

304 5705 1110 5849 {32ctffluffiffijgaffigffffiffivffiffifflj
1165 5746 1293 5809 snseeprt,
1318 5745 1344 5794 et
1359 5737 1431 5810 apud
1452 5753 1548 5796 omnes
1563 5739 1683 5797 itomanc
1705 5733 1838 5796 breviario
1856 5737 1963 5796 utentes

305 5847 429 5905 stolicam
465 5861 538 5904 anno
567 5847 648 5916 tobi,
677 5861 770 5904 coram
795 5845 911 5905 concilio
930 5845 1109 5915 catilouensi,
1163 5817 1335 5882 ΜΘΝ·

304 5919 343 5979 ob
357 5934 422 5979 earn
436 5933 547 5979 mnsam
558 5925 720 5978 convocato.
