4750 6725
403 591 456 645 ult
952 577 981 633 S.
994 572 1152 633 HUGONIS
1166 570 1311 627 etttttTts
1326 566 1490 625 ctuttttc.
2002 561 2057 617 968

433 732 547 789 Noverit
559 730 690 788 eharitas'
706 733 807 793 vestra,
837 719 1004 779 dilectissimi
1035 719 1095 788 lllii,
1122 717 1196 791 quod
1211 697 1240 759 Α
1253 721 1375 785 repetere
1391 711 1540 780 abbatiam,
1555 724 1588 766 ea
1599 708 1703 767 scillcet
1712 704 1859 763 intentione
1873 709 1903 758 ut
1916 702 1945 757 in
1960 706 2056 758 newa

402 823 519 877 domnus
537 818 694 875 lambertus
714 814 799 871 abbas
825 811 855 869 S.
879 809 978 865 bertini
1002 807 1114 865 veniens
1135 808 1199 861 ante
1253 800 1417 869 obedientia,
1434 799 1553 873 quandiu
1574 797 1682 859 vixerit,
1709 796 1808 853 devote
1831 797 1998 863 pameneat,
2028 796 2057 845 et
2157 800 2158 811 ¹

400 908 572 983 praesentiam
591 904 748 962 humilitatis
774 908 882 968 nostrae,
909 899 980 953 inter
1007 897 1061 953 alia
1091 910 1199 967 magnae
1253 900 1281 949 ut
1295 890 1445 953 monachus
1459 897 1548 945 noster
1562 903 1593 945 ae
1610 886 1749 958 professus
1763 883 1798 937 ab
1825 880 1899 937 omni
1931 892 2054 977 congre·

402 1015 459 1055 suae
473 996 625 1053 devotionis
639 1008 763 1057 munera,
779 990 852 1061 quod
867 989 947 1045 etiam
959 985 1133 1043 commissam
1144 984 1199 1041 sibi
1252 980 1363 1055 galiena
1377 985 1482 1035 amatur
1496 984 1522 1033 et
1533 976 1679 1033 excolatur.
1693 974 1763 1030 Cum
1773 986 1838 1027 vero
1848 968 1957 1040 expleto
1968 967 2052 1037 hujus

402 1086 541 1144 abbatiam
570 1099 627 1139 non
647 1080 780 1137 dubitarit
806 1077 971 1148 relinquere,
1001 1074 1133 1145 nobisque
1164 1071 1199 1129 ad
1254 1070 1317 1126 vitat
1331 1065 1598 1123 curriculodebitum
1613 1062 1716 1121 eunetis
1734 1057 1894 1115 mortalibus
1921 1053 2052 1111 exsolve-

401 1152 699 1236 erdinandamollerre,
732 1174 826 1223 nester
854 1180 962 1237 queque
987 1163 1138 1219 monachus
1165 1175 1200 1217 ac
1253 1158 1290 1215 rit
1310 1157 1403 1225 linem,
1425 1154 1584 1211 tricenarius
1597 1152 1625 1207 in
1640 1150 1765 1208 hocloco
1783 1163 1832 1219 pro
1846 1146 1892 1201 illo
1924 1141 2052 1240 celebre-

399 1263 544 1333 professus
558 1258 686 1315 existere.
701 1257 769 1313 Cum
788 1255 823 1311 ad
837 1270 870 1310 aa
884 1269 945 1326 quas
959 1253 1058 1309 devote
1079 1248 1199 1322 postula·
1254 1256 1306 1317 tur,
1326 1247 1439 1317 ejusque
1463 1242 1651 1301 anniversaria
1678 1239 1738 1297 dies
1760 1235 1879 1294 anasum
1908 1230 2054 1289 celebriter

399 1352 449 1407 bat
462 1357 561 1407 nostre
574 1346 723 1405 veluntatis
736 1358 876 1401 assensum
888 1342 963 1398 nullo
978 1349 1056 1415 pecto
1076 1346 1202 1396 cerneret
1255 1344 1362 1411 agatur.

399 1437 534 1507 inclinari,
549 1444 663 1511 rogatus
677 1452 694 1491 a
707 1434 787 1491 nobis
807 1430 945 1505 propriam
973 1429 1132 1501 compulsus
1160 1434 1204 1483 est

1746 1622 2031 1637 m

821 1730 1162 1855 sanans
1194 1724 1630 1847 HUGONIS

1027 1952 1410 2052 EXHORTATIO

721 2168 771 2236 ild
786 2164 1054 2235 sanctimoniales
1069 2161 1160 2246 apud
1173 2159 1414 2227 Marciniacum
1432 2158 1505 2224 Deo
1521 2157 1718 2224 servientes.

973 2342 1159 2417 (bibliothece
1173 2340 1323 2411 cluniac,
1336 2355 1365 2412 p.
1382 2340 1431 2395 tat
1440 2340 1463 2411 .)

429 2682 600 2742 Dulcissimis
635 2680 743 2738 filiabus
782 2677 972 2749 sororibusque
999 2673 1193 2731 amantissimis
1207 2658 1234 2719 Β
1248 2688 1306 2731 esse
1320 2688 1431 2741 secura,
1447 2670 1495 2727 sed
1511 2670 1556 2727 die
1571 2677 1705 2743 nectarque
1720 2681 1864 2743 suspectat,
1880 2678 1907 2727 et
1921 2672 1956 2726 de
1988 2670 2054 2727 uni·

393 2773 489 2831 sacnti
504 2787 606 2845 pompa
619 2770 716 2840 exutis,
732 2778 759 2826 et
776 2766 930 2825 ldareiniaci
953 2765 989 2821 ed
1010 2766 1144 2820 honorem
1170 2770 1196 2818 et
1249 2777 1355 2819 marum
1370 2762 1524 2816 vestrarum
1539 2758 1627 2815 saluta
1643 2758 1756 2814 sollicita
1780 2766 1933 2831 praeparate
1962 2760 2052 2815 thale·

393 2860 502 2917 laudem
516 2868 617 2917 sancta
632 2859 816 2915 etindividuoe
829 2854 967 2913 Trinitatis
981 2850 1195 2925 subpatroriuio
1250 2866 1310 2906 mos
1324 2850 1448 2905 cordium
1464 2854 1613 2903 vestromm
1629 2847 1663 2902 ad
1678 2846 1819 2917 amplexus
1834 2846 1927 2918 sponsi
1956 2848 2051 2921 vestri,

392 2950 426 3007 a.
447 2940 1195 3020 blariaesemperllirginis,eteanctorumapostolorum
1249 2936 1323 2993 illius
1337 2938 1441 2993 scilicet
1455 2938 1548 3009 magni
1578 2936 1663 3007 regis,
1691 2935 1735 2991 cui
1763 2934 1845 2991 fidem
1871 2934 2047 3007 promisistis,

394 3038 467 3094 Petri
481 3045 508 3093 et
521 3036 597 3093 Pauli
607 3036 793 3108 congregatis,
807 3034 893 3090 frater
906 3034 986 3089 lluso
1016 3030 1102 3087 abbas
1129 3029 1196 3086 Clu·
1249 3033 1427 3099 procurantes
1447 3024 1572 3081 attentius
1599 3038 1634 3079 ne
1666 3023 1734 3097 quid
1762 3022 1788 3079 in
1814 3022 1894 3080 vobis
1931 3026 2053 3095 reperiat

394 3120 540 3187 nitrensis,
574 3119 700 3188 salutern,
727 3119 846 3192 gratiam
875 3127 902 3173 et
927 3114 1145 3173 benedictionem
1169 3122 1196 3169 et
1250 3114 1326 3189 qaod
1340 3130 1397 3170 sum
1412 3112 1557 3183 displiceat
1571 3112 1715 3183 majestati.
1731 3111 1960 3185 Cogitateitaque
1984 3112 2052 3185 quid

395 3215 508 3264 nuncet
522 3208 734 3278 inperpetuum.
1250 3202 1368 3268 fecistis,
1384 3201 1533 3275 recogitate
1548 3200 1614 3272 quid
1623 3200 1735 3256 vovistis
1751 3217 1759 3269 3
1774 3208 1811 3269 et,
1827 3199 1850 3256 si
1861 3200 1981 3271 aliquam
1997 3216 2050 3257 ve·

430 3296 493 3353 Non
508 3294 600 3363 lateat,
616 3294 717 3366 utilia,
733 3293 941 3366 pracordialem
956 3294 1115 3350 charitatem
1144 3308 1195 3350 ve·
1249 3298 1334 3347 strum
1349 3292 1458 3363 propria
1473 3289 1611 3346 remordet
1624 3288 1792 3345 conscientie
1805 3288 1832 3344 in
1847 3288 1940 3362 aliquo
1954 3304 2052 3347 exces-

394 3393 490 3454 stram,
507 3385 570 3456 quia
583 3402 617 3441 ex
630 3400 684 3456 quo
696 3384 774 3440 illum
790 3383 879 3440 locum
892 3381 985 3441 divina
997 3390 1151 3454 praeuncta
1170 3390 1197 3438 et
1249 3381 1328 3449 sisse,
1345 3379 1492 3453 cogitando
1507 3377 1642 3446 videlicet,
1654 3377 1801 3450 loquendo,
1824 3379 1974 3452 operando,
2004 3396 2052 3436 seu

396 3482 561 3548 cooperante
585 3473 736 3530 clementia
768 3471 949 3540 fundavimus,
991 3471 1196 3528 evidentissime
1250 3469 1374 3526 fortassis
1389 3467 1508 3524 indebite
1521 3466 1612 3523 dando
1628 3475 1678 3522 aut*
1700 3467 1871 3538 accipiendo,
1902 3468 1944 3524 val
1972 3466 2053 3524 alind

393 3563 447 3634 ,Dei
475 3562 668 3635 omnipotentis
691 3561 914 3636 propitiationem
942 3561 1070 3634 piumque
1101 3577 1197 3631 respa·
1250 3553 1417 3628 professioni
1432 3560 1530 3610 vestra
1554 3553 1721 3608 contrarium
1743 3551 1864 3625 agendo,
1894 3551 1989 3609 redeat
2017 3550 2053 3607 ad

396 3661 470 3710 ctum
485 3651 523 3707 ibi
538 3652 636 3708 adesse
650 3651 784 3708 sensimus
798 3658 825 3707 et
839 3649 948 3723 experti
961 3667 1063 3718 sumus,
1079 3649 1125 3721 qui
1147 3665 1197 3705 sua
1250 3658 1309 3712 cor,
1325 3648 1448 3698 recurrat
1466 3640 1500 3696 ad
1515 3639 1629 3730 fontem,
1644 3655 1747 3712 suoque
1763 3641 1845 3713 priori
1873 3639 1932 3698 vice
1960 3649 2053 3697 nostm

393 3741 484 3814 gratia
497 3740 589 3798 locum
603 3741 693 3812 ipsum
708 3749 735 3796 et
748 3739 933 3811 spiritualibus
946 3739 1082 3811 promovit
1102 3739 1196 3796 inere·
1250 3746 1307 3786 reru
1329 3730 1466 3786 humiliter
1491 3729 1654 3798 manifestet,
1684 3737 1712 3785 et
1725 3729 1859 3786 veraciter
1881 3729 2052 3797 confiteatur,

397 3829 503 3895 mentis,
520 3834 549 3885 et
564 3828 759 3901 temporalibus
768 3828 907 3884 beneficiis
917 3826 1112 3899 aliquantisper
1133 3844 1197 3883 am·
1250 3819 1352 3890 ὃῑθίιῦθι
1369 3826 1496 3891 qllllssfflffl
1511 3817 1632 3873 hurum
1670 3817 1802 3890 ΡθΜῑῑῑῑῑ
1829 3817 1974 3892 fmullilfst
1990 3833 2053 3874 oum

398 3917 507 3989 pliavit.
523 3917 592 3973 Cum
606 3917 679 3972 enim
698 3916 822 3987 primitus
850 3917 918 3983 Deo,
947 3916 1017 3973 sieut
1048 3915 1196 3986 credimus,
1250 3907 1300 3964 Dei
1316 3906 1450 3978 adjutorio
1465 3907 1499 3962 de
1513 3914 1611 3963 catere
1625 3906 1661 3962 ab
1676 3905 1829 3977 huiusmodi
1840 3915 1946 3962 caveat.
1967 3905 2050 3975 Quid·

401 4003 747 4075 ordinanlc,paucasinibi
762 4003 950 4075 posuissemus
965 4020 1082 4074 sorores,
1098 4006 1195 4062 etillae
1211 4014 1235 4080 C
1251 3995 1315 4068 quid
1344 4009 1411 4068 01'80
1439 3995 1515 4060 boni,
1544 3993 1676 4068 quidquid
1702 3993 1849 4064 oblitust&
1879 3994 2054 4060 humilitatis,

400 4092 541 4149 charitatis
555 4108 588 4146 ac
601 4091 741 4164 religionis
767 4092 874 4148 fervore
898 4091 1078 4165 vitiorumque
1102 4093 1199 4150 morti-
1253 4083 1400 4154 patientiae,
1430 4081 1606 4154 obedientie,
1632 4091 1733 4140 sancta
1768 4083 1994 4156 compunctionis,
2026 4091 2055 4138 et

402 4179 528 4236 llcotioue
555 4177 659 4250 pollere
682 4177 837 4248 coepissent,
872 4178 1006 4252 benignus
1047 4181 1199 4237 ammarum
1254 4171 1432 4230 confessionis
1444 4186 1528 4239 verae,
1545 4171 1585 4227 vel
1601 4172 1683 4228 etiarn
1698 4171 1848 4244 corporalis
1858 4172 1993 4239 exercitii,
2003 4187 2054 4227 seu

402 4263 516 4320 Creator
529 4270 556 4320 et
569 4271 674 4319 amator
685 4263 753 4318 alias
766 4262 896 4335 paulatim
919 4271 1000 4336 atque
1025 4266 1093 4322 alies
1120 4267 1203 4323 unde
1255 4269 1318 4318 ante
1332 4259 1383 4316 Dei
1397 4259 1481 4316 solius
1493 4258 1595 4326 oculos,
1612 4259 1670 4316 sive
1684 4261 1719 4316 ad
1733 4276 1782 4316 nos
1802 4261 1919 4318 invicem
1934 4261 2054 4334 egeritis,

403 4347 556 4420 conqueibi
570 4364 733 4421 aggregare,
750 4364 887 4420 unumque
902 4349 973 4405 ovile
997 4350 1150 4422 speciosum
1175 4358 1203 4408 et
1257 4355 1344 4405 lotum
1360 4348 1439 4405 vobis
1453 4357 1575 4419 exparte
1590 4349 1638 4406 Dei
1663 4348 1831 4421 injungimus
1858 4349 1887 4405 in
1914 4349 2054 4405 remissio·

404 4439 484 4509 quasi
510 4436 648 4508 quoddam
676 4436 856 4493 candidarum
880 4437 1069 4494 columborum
1102 4455 1204 4512 agmen
1258 4453 1320 4493 uem
1337 4445 1511 4508 peccatorum
1526 4446 1689 4495 vestrorum.
1715 4438 1750 4492 llt
1777 4453 1849 4494 nunc
1878 4438 1941 4509 quis
1968 4445 2055 4493 vestra

406 4528 556 4582 instaruere
583 4525 711 4598 dignatus
738 4532 792 4580 ast.
822 4526 942 4594 Quarum
970 4527 1112 4582 nonnullas
1145 4530 1203 4600 jam
1258 4531 1352 4582 saneta
1367 4526 1574 4598 poscitdevotio
1589 4533 1627 4594 ut,
1644 4526 1771 4596 quoniam
1793 4526 1934 4582 etraetatis
1960 4525 2056 4599 gravi·

407 4614 442 4670 de
456 4613 646 4670 tentationibus
660 4612 740 4684 bujus
754 4614 845 4670 saeculi
868 4615 988 4687 glorioso
1016 4614 1070 4671 line
1098 4615 1203 4684 eduxit,
1259 4623 1322 4680 tute,
1353 4613 1516 4670 infirmitatis
1544 4614 1726 4671 imbecillitate
1753 4614 1918 4686 impediente
1956 4629 2056 4686 corpu-

409 4711 436 4759 et
464 4703 499 4758 ad
523 4702 610 4758 beata
638 4703 869 4758 remunerationis
896 4701 998 4775 gaudio
1024 4703 1150 4774 feliciter,
1177 4713 1206 4760 ut
1260 4703 1343 4758 ralem
1360 4703 1528 4774 praesentiam
1551 4710 1671 4758 nostram
1698 4703 1754 4771 iem
1787 4719 1836 4759 vos
1864 4705 1972 4758 visuras
1999 4719 2055 4758 uon

406 4806 557 4863 speramus,
573 4791 671 4847 evexit.
687 4791 926 4860 Nonnullastero,
952 4807 1003 4847 vos
1017 4793 1129 4861 scilicet,
1145 4811 1205 4864 qum
1259 4792 1382 4864 speratis,
1399 4791 1535 4847 tradamus
1549 4791 1627 4849 vobis
1641 4791 1751 4864 aliquod
1766 4791 1931 4860 memoriale,
1946 4793 1974 4848 in
2003 4807 2056 4864 quo

406 4896 478 4936 nunc
491 4879 648 4951 superestis,
675 4881 764 4936 adhuc
782 4879 924 4936 miseratus
950 4889 1099 4952 exspectat,
1119 4881 1207 4938 donec
1260 4890 1286 4938 et
1299 4889 1417 4936 vestram
1432 4881 1655 4950 consolationem,
1667 4889 1694 4936 et
1708 4890 1807 4937 nostrae
1839 4881 1978 4937 meritoria
2004 4881 2056 4936 bs-

408 4985 465 5024 suae
479 4969 649 5040 complaceat
664 4969 825 5041 dignationi,
840 4975 872 5026 ut
886 4969 922 5024 ab
932 4970 1011 5040 hujus
1021 4970 1112 5025 exsilii
1129 4970 1207 5026 mise
1261 4970 1347 5025 beatis
1361 4969 1629 5040 representatiouem,
1648 4977 1766 5025 restrum
1794 4969 1978 5040 approbantes
2004 4971 2057 5024 de-

409 5056 490 5113 rabili
505 5074 626 5113 aerumna
637 5057 771 5128 propitius
785 5073 834 5113 vos
850 5058 956 5128 eripiat,
977 5064 1005 5114 et
1030 5059 1063 5114 ad
1096 5058 1205 5114 illarum
1260 5057 1401 5127 siderium,
1432 5072 1481 5128 per
1508 5065 1667 5128 praesentem
1693 5057 1836 5128 epistolam
1861 5058 2059 5129 quod-optatis

408 5145 471 5202 felix
487 5146 615 5218 perducat
628 5146 807 5203 consortium.
823 5145 864 5201 ld
878 5161 927 5202 vos
942 5145 1145 5220 igitur,efiliae,
1160 5147 1206 5204 irie
1261 5146 1414 5216 implemus,
1438 5146 1560 5202 volentes
1585 5153 1613 5201 ut
1641 5161 1724 5216 penes
1750 5161 1800 5202 res
1820 5155 1982 5212 reservatur,
2010 5161 2057 5201 us-

408 5233 561 5306 specialiter
575 5242 667 5290 noster
678 5251 769 5292 sermo
784 5235 921 5308 dirigitur,
928 5252 977 5307 per
991 5251 1071 5309 quern
1086 5242 1206 5292 vestram
1260 5235 1356 5305 bisque
1370 5235 1399 5290 in
1414 5233 1533 5306 quinqua
1548 5234 1693 5304 praecipuis
1708 5233 1898 5290 festivitatibus
1907 5234 2058 5304 incapitulo

409 5331 525 5396 patemo
540 5322 639 5378 ellectu
666 5323 874 5380 unanimitatem
902 5326 1088 5392 convenimus,
1119 5324 1203 5380 obse·
1262 5323 1398 5379 recitetur.
1419 5321 1538 5394 Supplex
1554 5338 1619 5393 erpo
1638 5324 1764 5378 etcorde
1788 5331 1939 5394 prostratus
1962 5323 2059 5378 Domi-

408 5419 515 5468 crantes
530 5411 558 5466 in
572 5411 699 5480 Domino,
722 5419 750 5468 et
774 5421 887 5483 propter
913 5414 1072 5482 Dominum,
1086 5419 1115 5468 ut
1141 5413 1206 5469 illuc
1261 5427 1326 5468 num
1341 5411 1564 5482 omnipotentem,
1583 5413 1686 5468 Patrem
1703 5417 1730 5467 et
1743 5411 1842 5466 Filium
1871 5419 1898 5467 et
1925 5411 2055 5483 Spiritum

407 5499 555 5572 suspiretis,
570 5499 635 5555 illuc
661 5507 746 5556 tetam
772 5500 855 5556 animi
882 5501 1061 5558 intentionem
1088 5501 1206 5557 transfe·
1256 5501 1285 5557 S.
1302 5500 1409 5566 invoco,
1425 5508 1453 5556 ut
1468 5500 1569 5556 meritis
1582 5501 1747 5570 elpreeibus
1760 5500 1848 5556 beatoe
1867 5499 1963 5556 llariaa
1983 5515 2060 5557 sem·

403 5590 478 5657 ratis,
494 5588 625 5662 quidquid
639 5589 668 5643 in
688 5590 790 5646 saeculo
804 5590 931 5656 cernitur,
947 5599 1074 5664 tanquam
1089 5589 1203 5645 nibilum
1258 5605 1308 5660 per
1321 5588 1448 5661 Virginis,
1464 5597 1492 5644 et
1504 5588 1557 5644 SS.
1574 5589 1760 5661 apostolorum
1776 5588 1845 5646 Petri
1858 5594 1885 5645 at
1913 5589 1999 5654 Pauli,
2032 5597 2060 5644 ct

405 5686 434 5734 et
447 5678 536 5748 inane,
552 5685 579 5734 et
592 5677 673 5750 quasi
686 5677 815 5734 nebulam
833 5688 1087 5750 pertranseeuntem
1116 5695 1204 5750 repu-
1257 5679 1296 5734 ll.
1314 5677 1464 5745 Benedicti,
1479 5677 1713 5748 omniumqueSS.
1729 5692 1779 5734 vos
1794 5676 1948 5743 benedicat.
1964 5685 1991 5733 et
2022 5677 2059 5732 ab

403 5774 467 5824 tate.
484 5766 518 5822 llt
533 5767 597 5838 quia
611 5783 699 5840 nequa
714 5766 784 5822 diern
801 5783 890 5840 neque
904 5767 1010 5837 beram,
1026 5785 1080 5840 qua
1094 5768 1130 5824 ad
1152 5783 1203 5824 ve·
1256 5766 1383 5824 omnibus
1395 5765 1515 5836 peccatis
1530 5781 1705 5838 quacunque
1722 5765 1749 5822 in
1775 5766 1865 5822 anima
1893 5771 1921 5822 et
1946 5779 2059 5840 corpere

403 5863 486 5911 stram
508 5856 678 5914 vemdonem
706 5855 836 5913 Dominus
863 5856 964 5924 veniat,
994 5857 1089 5926 nesus,
1116 5855 1203 5916 nolite
1259 5853 1434 5916 commisistis
1448 5854 1584 5922 absolvat,
1600 5855 1627 5912 in
1642 5863 1735 5914 sancto
1750 5853 1896 5914 confirmet
1908 5853 2059 5930 proposito,
