4750 6725
712 556 741 621 s.
762 560 916 621 mantin
933 518 1298 622 (immutabantur.
1319 562 1398 624 nee.
1415 564 1502 623 eins
1520 570 1824 635 rn.-ur1srone.
2061 580 2097 639 re

636 687 811 744 aristote.
834 687 968 744 XXXVII
990 685 1033 744 ²¹¹.
1251 691 1350 753 Auiti
1364 692 1466 765 aliquid
1490 710 1572 768 agera
1592 698 1716 771 uidebar,
1733 702 1759 755 in
1775 701 1885 758 sublimi
1900 704 2004 776 positus
2023 724 2096 778 prte-
2181 710 2182 717 ’

671 828 709 868 ΑΒ
731 828 866 869 ,mm
887 827 991 869 um·
1290 782 1387 853 grandi
1410 797 1493 838 unere
1511 801 1623 856 pressus
1636 805 1688 845 nec
1714 790 1781 845 mibi
1796 791 1912 849 tructam
1935 794 2014 862 lucio,
2040 812 2094 853 nec

476 917 1236 993 durbuctcnuspopcmnonodierit,qumquefuctoatt

581 1023 650 1081 oper
663 1008 697 1064 ob
711 1009 806 1063 eodem
819 1008 931 1064 morteri
938 1010 1096 1081 supplicat.

1290 868 1362 924 utilis
1385 870 1465 926 alicui
1481 873 1580 931 existo.
1605 874 1688 934 Oueri
1704 879 1814 949 quidem
1842 884 1998 952 succumbo,
2026 886 2093 957 qnia

1290 958 1400 1027 virium,
1421 959 1558 1031 virtutum,
1579 965 1730 1035 industriae,
1746 969 1877 1037 scientiae,
1893 979 1968 1028 tanto
1995 972 2093 1031 officio

1290 1049 1500 1119 competentium
1511 1051 1642 1124 inopiam,
1658 1054 1719 1127 plus
1734 1074 1817 1129 quam
1832 1060 1965 1117 credibile
1990 1062 2092 1120 ridea-

473 1131 634 1187 lierereudo
659 1144 691 1186 ac
713 1140 869 1189 reverenter
895 1131 1069 1203 suscipiendo
1095 1134 1235 1192 catholica
1290 1142 1340 1204 tur,
1356 1136 1458 1207 patior.
1478 1138 1577 1196 Curam
1588 1144 1787 1214 importabilem
1803 1148 1884 1219 cupio
1899 1148 2004 1221 ingere,
2021 1167 2090 1221 pon-

436 1220 569 1277 Ecclesiae
582 1235 689 1275 mino
710 1218 833 1292 pontilici
849 1221 977 1287 Uareno,
1002 1224 1163 1289 desanaus,
1179 1240 1234 1280 nou
1289 1222 1339 1279 dus
1360 1225 1514 1297 relinquere
1527 1247 1534 1283 :
1549 1230 1636 1287 Deum
1652 1250 1667 1288 e
1683 1234 1820 1291 contrario
1835 1237 1916 1293 timeo
1929 1236 2084 1298 ollendere.

402 1354 407 1364 .
436 1309 493 1365 suis
518 1308 632 1379 meritis,
655 1308 704 1365 sed
727 1318 792 1365 nutu
814 1310 918 1376 dirinc,
947 1310 1100 1368 Centaurica
1122 1321 1237 1369 vocatus
1289 1313 1381 1369 Timor
1395 1312 1446 1370 Dei
1461 1316 1527 1371 illud
1543 1335 1586 1375 me
1606 1323 1743 1394 suscipere
1758 1324 1900 1396 compulit,
1911 1326 1995 1383 timor
2014 1328 2089 1387 idem

435 1396 661 1469 metropolitanus
692 1397 847 1469 episcopus,
881 1398 1003 1455 debitam
1036 1399 1235 1472 subjectionem
1289 1402 1442 1457 onusidem
1460 1420 1503 1461 me
1529 1408 1646 1464 retinere
1661 1411 1812 1482 compellit.
1835 1413 1946 1470 Siinter
1960 1417 2017 1474 haec
2034 1436 2089 1475 ro-

435 1502 501 1545 cutu
509 1485 615 1543 servitii
630 1487 786 1543 deuotione.
1286 1487 1417 1545 luntetem
1440 1493 1489 1547 [lei
1504 1509 1690 1566 agnoscerem,
1708 1500 1803 1569 procul
1818 1501 1900 1558 dubio
1918 1505 2085 1564 voluntatem

468 1575 639 1642 Gratiusauo
651 1583 752 1632 sanctae
765 1574 961 1633 munificentie
984 1581 1085 1635 restra
1099 1579 1173 1651 quod
1188 1579 1233 1635 di-
1287 1594 1375 1634 meam
1390 1588 1417 1635 et
1432 1590 1511 1637 actus
1522 1599 1598 1639 meos
1620 1602 1671 1656 pro
1687 1588 1865 1656 possibilitate
1879 1592 1913 1647 ad
1925 1592 1998 1649 illam
2013 1612 2085 1652 con-

432 1665 668 1738 gnosapcstolicar
681 1664 755 1719 sedis
769 1664 1233 1739 legatosaduosdirexistis3quod
1286 1665 1400 1725 serrem.
1417 1670 1499 1726 Nunc
1523 1673 1585 1745 quia
1606 1674 1732 1731 voluntas
1755 1677 1807 1733 Dei
1822 1695 1865 1735 me
1885 1679 1961 1750 latet,
1975 1690 2002 1739 et
2019 1686 2087 1757 quid

433 1753 512 1825 pallii
537 1750 713 1823 benelioium,
751 1753 811 1809 sola
837 1753 933 1827 gratier
962 1764 1060 1813 restrae
1092 1756 1231 1829 largitate,
1286 1771 1366 1828 agam
1382 1759 1482 1823 nescio,
1499 1760 1670 1819 errabundus
1680 1765 1799 1837 suspiro,
1810 1775 1836 1823 et
1851 1785 1932 1839 quern
1946 1774 1984 1828 rei
1999 1770 2084 1831 finem

432 1841 499 1897 mibi
541 1842 645 1913 porrigi
673 1842 838 1913 precepttis.
869 1842 963 1899 Nostri
992 1844 1104 1916 quippe,
1133 1844 1231 1913 fateor,
1285 1843 1428 1915 imponere
1448 1848 1564 1905 debeam
1588 1850 1699 1925 ignaro.
1718 1854 1827 1912 Postulo
1846 1856 1938 1931 itaque
1959 1870 2084 1919 sanctam

431 1930 536 1988 ordinis
558 1939 586 1987 et
603 1928 687 1987 cilicii
714 1932 841 1988 intererat
858 1939 886 1989 et
915 1934 1089 2002 presentiam
1116 1942 1230 1991 vestram
1284 1932 1457 1991 clementiam
1483 1946 1510 1993 et
1532 1938 1693 1997 clementem
1714 1944 1882 2002 sanctitatem
1908 1958 2029 2007 vestram
2053 1961 2084 2009 ut

432 2036 469 2077 ex
481 2035 558 2075 ruore
582 2018 705 2085 visitare,
720 2027 749 2075 et
775 2036 835 2077 earu
852 2028 881 2076 ut
908 2020 970 2076 lieri
983 2022 1062 2078 decet
1089 2024 1229 2096 condigne
1243 2048 1270 2109 Β
1284 2030 1397 2093 propter
1414 2024 1512 2091 Deum,
1537 2036 1649 2100 propter
1665 2045 1725 2086 eam
1741 2033 1899 2090 charitatem
1915 2053 1969 2108 qua
1984 2038 2082 2097 Eccle-

432 2108 586 2167 rererentia
602 2108 749 2164 bonorare.
768 2108 804 2164 tn
818 2108 846 2163 id
862 2108 972 2179 quidem
987 2127 1019 2165 er
1035 2126 1089 2182 qno
1113 2112 1228 2182 gradum
1283 2110 1352 2165 siam
1368 2112 1418 2167 Dei
1441 2115 1605 2171 contenditis
1625 2118 1766 2191 adjurare,
1795 2124 1936 2193 penuriam
1955 2129 2081 2185 consilii

428 2196 612 2269 episcopalem
625 2199 732 2268 suscepi
746 2213 854 2254 summo
869 2198 1006 2255 desiderio
1020 2198 1110 2257 iacere
1124 2216 1228 2257 concu-
1286 2199 1370 2254 nostri
1387 2204 1540 2258 vestrarum
1553 2220 1635 2261 mauu
1648 2212 1802 2264 sanctarum
1817 2212 1969 2269 orationum
1982 2232 2081 2287 pasca-

427 2286 494 2359 piri,
517 2292 577 2341 tum
597 2285 662 2359 quia
683 2286 752 2342 ratic
773 2286 801 2340 id
816 2286 877 2342 lieri
898 2286 1063 2358 postulabat,
1085 2295 1142 2345 turn
1166 2290 1229 2361 quia
1282 2288 1326 2355 tis,
1345 2306 1379 2345 ue
1395 2292 1587 2363 cogitationem
1605 2294 1699 2351 talium
1725 2296 1853 2356 fluctibus
1879 2303 2006 2373 agitatus,
2029 2312 2079 2364 aut

427 2375 543 2432 oonsilio
558 2382 584 2431 et
597 2374 719 2448 alloquio
734 2378 827 2432 vestro
841 2375 892 2431 lrui
910 2375 1112 2444 desiderabam,
1131 2388 1159 2433 ut
1183 2394 1229 2433 ma
1282 2378 1375 2433 omnio
1393 2395 1480 2450 ruam,
1504 2390 1550 2436 aut
1575 2382 1651 2439 mihil
1665 2388 1878 2458 apprehendam.
1894 2391 1971 2465 lingo
1986 2395 2079 2462 etiam,

427 2463 463 2520 de
491 2463 576 2519 rebus
603 2462 768 2519 necessariis
789 2471 843 2518 tarn
870 2462 986 2534 publicis
1003 2480 1084 2537 quarn
1112 2466 1228 2535 priuatis
1282 2473 1309 2521 at
1321 2466 1462 2523 submissis
1477 2470 1578 2526 mentis
1590 2473 1738 2545 gemitibus
1751 2477 1897 2535 humibiter
1907 2482 2032 2553 supplico
2049 2484 2082 2514 '¹'

427 2553 645 2625 interrogantem
666 2561 760 2609 restra
776 2552 922 2623 prudentia
944 2554 1063 2621 doceret,
1079 2563 1107 2611 et
1129 2564 1228 2612 aucto·
1281 2554 1382 2611 celsam
1397 2558 1500 2629 atpium
1516 2562 1705 2631 paternitatem
1723 2573 1847 2634 umnam,
1858 2577 1888 2624 ut
1899 2568 1926 2625 in
1937 2572 2082 2647 naufragio

427 2641 494 2698 ritas
516 2643 670 2696 roboraret.
696 2639 777 2709 Quod
800 2657 846 2697 me
869 2657 924 2697 nou
945 2641 1070 2715 exegisse
1095 2659 1166 2716 rogo
1192 2660 1226 2700 ne
1280 2643 1395 2714 positus,
1415 2646 1440 2699 si
1470 2647 1579 2719 quando
1608 2652 1735 2722 procellis
1760 2654 1926 2715 irruentibus
1950 2661 2082 2731 adjutorii

427 2746 501 2803 egre
515 2736 610 2785 sancta
629 2729 777 2785 eminentia
790 2734 881 2786 vestra
894 2746 946 2787 uec
967 2747 1038 2787 meae
1052 2732 1226 2805 negligentiae
1280 2732 1364 2788 uestri
1375 2733 1502 2807 indigens
1517 2737 1552 2791 ad
1562 2736 1651 2794 sinum
1662 2742 1755 2797 matris
1771 2742 1902 2803 Ecclesiae
1917 2748 2078 2823 confugero,

425 2822 475 2875 ant
488 2816 652 2891 arrogantie
666 2818 793 2874 ascribat.
809 2818 899 2874 Testis
916 2820 990 2876 euim
1004 2820 1070 2876 milti
1086 2831 1128 2876 est
1155 2837 1225 2877 con·
1279 2828 1391 2893 propter
1412 2838 1474 2879 eum
1496 2825 1542 2897 qui
1557 2828 1717 2898 sanguinem
1741 2848 1818 2888 suum
1834 2834 1909 2891 dedit
1923 2852 1973 2908 pru
1988 2841 2078 2907 nobis,

425 2907 541 2964 amentia
569 2922 631 2962 mea
654 2907 722 2978 quia
741 2914 883 2978 postquam
906 2908 934 2962 in
955 2909 1095 2966 mcumine
1123 2918 1226 2966 senctae
1279 2912 1352 2979 pium
1368 2918 1394 2967 et
1409 2917 1739 2986 promptnmadjutorium
1755 2930 1781 2977 at
1803 2923 1925 2981 solamen
1940 2927 2078 2985 inveniam

423 2995 555 3052 Ecclesia
567 2993 730 3051 sublimatos
742 3010 793 3052 ras
809 3011 870 3051 esse
884 2997 1011 3069 cognovi,
1028 2998 1222 3071 gavisussnm,
1278 2996 1306 3053 iu
1321 2998 1410 3055 vobis.
1427 3002 1479 3057 Pro
1494 3002 1606 3062 domiuo
1629 3006 1806 3067 Belvauceusi
1820 3011 1939 3070 Falcone
1962 3016 2078 3089 supplex

424 3092 452 3141 at
470 3085 627 3139 reverenter
646 3081 730 3138 dilexi
744 3091 770 3138 et
785 3083 880 3155 diligo,
899 3089 928 3140 at
938 3085 1128 3156 quotidianum
1156 3103 1222 3159 pro-
1278 3101 1328 3143 oro
1341 3088 1506 3146 dementiam
1522 3102 1653 3162 restrum,
1669 3106 1746 3166 prout
1762 3108 1853 3155 restra
1861 3102 1993 3172 judicabit
2009 3122 2077 3177 prn-

422 3170 847 3244 rectumrestrumtierioptaei
870 3173 1149 3245 etop10,ettactum
1174 3193 1224 3233 au·
1276 3174 1381 3231 dantia.
1423 3178 1453 3233 lu
1481 3184 1644 3239 munusculo
1671 3196 1763 3243 nostro
1788 3191 1949 3262 magnitudo
1975 3203 2076 3263 restra,

424 3262 503 3318 diens
525 3260 641 3316 exsulto.
660 3260 715 3315 Sed
739 3264 805 3333 quia
824 3262 905 3319 bellis
928 3261 1050 3335 nudique
1077 3264 1222 3335 quatimur,
1276 3280 1354 3337 rego,
1370 3268 1526 3324 nouaclum
1542 3280 1643 3342 penset
1659 3274 1851 3345 quantitatem.
1873 3279 1922 3335 aed
1935 3289 1961 3337 et
1977 3283 2076 3340 bonurn

423 3349 537 3408 hostiles
559 3347 677 3420 impetus
691 3348 876 3407 indesinenter
889 3358 917 3407 et
930 3350 1043 3408 iusidias
1070 3352 1223 3410 adrerssn-
1278 3369 1332 3424 qua
1353 3354 1467 3412 missum
1486 3367 1513 3414 et
1528 3358 1705 3422 voluntatem.
1735 3363 1913 3439 Omnipotens
1927 3371 2000 3428 Deus
2028 3374 2076 3430 diu

423 3440 492 3496 tium
504 3438 658 3505 metuimus,
673 3438 804 3495 domium
818 3445 911 3496 noster
929 3455 975 3496 rex
1002 3449 1079 3497 extra
1106 3459 1221 3515 regnum
1237 3406 1262 3473 C
1276 3441 1356 3498 nobis
1385 3445 1574 3516 paternitatem
1589 3461 1708 3508 restrum
1735 3453 1765 3508 in
1777 3457 1866 3528 gratia
1888 3473 1938 3515 sna
1959 3470 1987 3518 et
2007 3478 2075 3536 pace

421 3545 468 3586 me
492 3528 640 3600 procedere
663 3528 792 3584 uacuum
814 3545 870 3584 non
897 3528 1030 3601 permisit,
1054 3547 1105 3587 nec
1128 3532 1222 3589 adhuc
1275 3530 1426 3589 custodiet.
1446 3535 1550 3594 Arnen.

419 3617 570 3691 procedere
597 3631 680 3688 posse
715 3616 850 3675 adalanus
883 3619 1011 3675 assensit.
1041 3620 1173 3677 Preterea
1198 3621 1220 3677 si
1423 3633 1690 3704 381EP1sT0Lp
1712 3649 1857 3710 xxxvffl
1881 3652 1922 3711 m,

418 3706 501 3763 nulle
514 3705 574 3764 aliae
585 3721 672 3762 causte
684 3716 875 3763 connumerant
897 3723 959 3778 quar
980 3707 1142 3765 malaciam
1168 3725 1220 3767 vc-

393 3840 397 3848 ,
418 3805 505 3854 stram
519 3797 571 3853 boc
585 3803 708 3866 tempore
727 3795 799 3868 quod
813 3796 892 3852 ualde
906 3798 1019 3853 moleste
1034 3796 1101 3866 lero,
1124 3799 1219 3856 videre

416 3886 604 3960 prohiberent,
632 3883 732 3940 suflicit
759 3884 832 3956 quod
859 3894 938 3951 atas,
968 3887 1041 3958 quod
1070 3887 1215 3959 aegritudo,
1312 3897 1345 3954 llt
1360 3899 1512 3972 proserpunt
1527 3904 1698 3963 monacbnm
1713 3911 1835 3986 reciptet
1847 3915 2050 3987 penitentem.

364 4002 369 4010 .
417 3972 629 4047 quoddebilitas
641 3973 764 4043 corporis
778 3971 833 4029 mei
862 3973 1047 4045 impatientem
1067 3982 1217 4050 mergunt
1309 3985 1478 4057 desanaus,
1496 3990 1546 4046 Dei
1561 3991 1738 4065 dispositione
1758 4009 1867 4058 tamtus
1880 4005 2071 4078 archiepisco·

415 4071 442 4120 et
469 4061 570 4134 prolixi
583 4059 689 4116 itineris
702 4069 730 4116 et
744 4061 886 4118 immense
908 4064 1015 4118 riarum
1042 4066 1209 4134 asperitatis.
1269 4089 1322 4144 pus
1350 4075 1515 4147 cantuariae,
1540 4081 1653 4140 domino
1677 4094 1704 4143 et
1717 4085 1791 4144 fratri
1818 4089 1845 4146 in
1872 4092 1931 4149 Deo
1958 4094 2068 4166 delicto,

415 4150 471 4208 sed
492 4150 564 4206 inter
581 4151 651 4217 heo,
667 4165 722 4222 quc
736 4149 841 4216 labore,
868 4167 975 4224 quaque
997 4153 1214 4227 anxietategre-
1267 4162 1358 4218 abbati
1374 4164 1534 4235 Lnuaamo,
1558 4171 1775 4232 misericordiam
1795 4178 1983 4251 impendendo
1998 4193 2071 4242 tern-

412 4248 505 4308 vntua,
533 4240 585 4296 tter
605 4238 726 4310 arripere
753 4253 875 4307 conarer,
896 4244 919 4295 si
939 4241 1112 4312 omnipotens
1139 4242 1214 4300 Deua
1267 4251 1401 4324 poralem,
1417 4255 1633 4316 misericordiam
1649 4265 1749 4320 mereri
1764 4269 1971 4340 sempiternam.

413 4338 441 4386 et
463 4328 491 4384 iu
505 4343 594 4401 regno
607 4326 759 4401 ungrorum
781 4327 856 4384 bella
875 4329 996 4397 sedaret,
1027 4343 1054 4388 et
1066 4331 1094 4386 iu
1118 4333 1214 4405 regnis
1302 4339 1398 4398 Frater
1421 4344 1471 4400 iste
1495 4349 1645 4406 comedens
1659 4351 1694 4408 de
1720 4353 1797 4427 ligno
1811 4357 1932 4415 scientiae
1954 4361 2070 4420 boniet

412 4427 441 4476 et
454 4433 601 4492 regnorum
613 4416 776 4487 provinciis,
791 4433 842 4488 per
865 4434 933 4490 quas
952 4421 986 4474 ad
1002 4435 1051 4476 vos
1075 4429 1117 4478 eat
1142 4438 1212 4478 euu-
1267 4430 1330 4484 mali
1343 4433 1529 4502 experimento
1543 4438 1637 4495 didicit
1652 4452 1752 4511 quanta
1770 4455 1807 4502 art
1830 4445 1983 4506 differentia
1995 4451 2069 4509 iuter

411 4507 677 4578 dum,illampacem
688 4506 827 4574 tribueret,
844 4515 874 4562 nt
885 4508 1114 4580 quemadmodum
1125 4526 1211 4582 opor·
1265 4517 1501 4592 deliciasparadisi
1516 4525 1672 4586 claustralis
1687 4540 1715 4588 et
1728 4534 1853 4592 exsilium
1870 4539 1933 4596 vitre
1947 4542 2066 4598 moula-

412 4606 483 4656 teret
497 4604 525 4653 et
539 4596 690 4668 expediret,
713 4595 767 4652 iter
780 4594 872 4667 ipsum
891 4597 1003 4668 expiere
1021 4596 1125 4656 liceret.
1156 4599 1211 4656 Sed
1265 4608 1310 4663 ris.
1338 4610 1476 4668 Poenitens
1496 4611 1579 4686 igitur
1600 4623 1627 4672 et
1649 4619 1754 4691 dolens,
1780 4623 1849 4680 sicut
1870 4627 1997 4700 lacrymae
2020 4639 2066 4688 te-

411 4687 531 4760 quanatu
545 4683 614 4740 id''⁸
639 4684 696 4741 lieri
715 4699 769 4740 uon
783 4693 885 4756 potest,
900 4685 993 4743 nudie
1014 4686 1211 4757 inpossibilitas
1262 4704 1375 4767 suatur,
1393 4699 1537 4760 confitetur
1550 4721 1580 4760 se
1604 4707 1686 4765 nimis
1700 4723 1843 4786 peccasse,
1858 4725 1885 4772 et
1902 4720 2065 4790 promittens

410 4792 456 4833 me
479 4775 588 4832 retinet.
616 4773 715 4832 ntrim
737 4773 881 4830 clementia
906 4774 1027 4845 jurmte,
1054 4776 1209 4850 ubieunque
1222 4773 1249 4835 D
1264 4801 1294 4841 se
1308 4786 1442 4860 deinceps
1459 4806 1549 4848 mores
1564 4809 1628 4851 suos
1646 4807 1841 4870 correcturum,
1865 4787 1893 4860 et
1913 4810 2062 4865 secundum

409 4867 485 4922 fuero
507 4863 550 4931 ¹⁸,
565 4863 643 4921 robis
662 4863 778 4920 obedire
792 4879 825 4920 ac
839 4863 951 4931 servire,
972 4870 1000 4920 et
1021 4865 1208 4923 celsitudinem
1262 4881 1379 4930 restrum
1409 4876 1615 4950 dispositionem
1643 4885 1803 4946 obedienter
1821 4891 1964 4963 victurum,
1989 4907 2061 4966 ortt,

408 4962 530 5013 vestram
552 4953 689 5010 bonorare
707 4960 818 5024 perstas
839 4967 898 5010 ero.
916 4953 951 5008 Et
978 4951 1052 5024 quia,
1072 4953 1142 5011 sicut
1159 4956 1208 5012 de-
1261 4967 1363 5036 qnanto
1377 4964 1473 5022 affectu
1489 4977 1587 5040 potest,
1603 4976 1633 5028 nt
1653 4973 1724 5031 intra
1751 4979 1821 5036 urile
1835 4979 1870 5038 de
1885 5000 1938 5056 quo
1960 4992 2061 5058 sponte

409 5044 511 5111 sidero,
534 5041 705 5114 quotidianas
719 5041 837 5098 miserita
859 5040 890 5070 ¹¹³
904 5058 974 5099 meae
995 5044 1123 5114 querelas
1151 5061 1207 5102 nou
1259 5053 1448 5112 misembiliter
1462 5057 1577 5132 aufugit,
1599 5061 1765 5124 admittatur.
1781 5069 1816 5125 Et
1838 5071 1901 5142 quia
1917 5065 2059 5147 supplica-

409 5133 474 5190 tiuet
493 5129 560 5186 mihi
582 5143 711 5185 coronam
733 5129 819 5200 posito
849 5129 989 5186 effundere
1010 5130 1038 5186 iu
1058 5141 1205 5205 conspectu
1257 5138 1360 5196 tionem
1374 5158 1449 5198 suam
1465 5160 1515 5216 pro
1538 5149 1829 5219 magnitudinemetus
1851 5159 1980 5223 sufficere
2003 5180 2059 5221 non

408 5229 512 5287 ωηο,
528 5225 636 5276 „netes
647 5218 802 5274 serenitatis
815 5226 913 5275 nestrae
932 5234 1012 5276 aurea
1025 5220 1118 5292 paucis
1140 5237 1206 5292 que-
1258 5235 1344 5299 pntat,
1360 5232 1459 5286 uostris
1485 5235 1612 5304 precibus
1627 5253 1691 5295 aues
1705 5243 1778 5314 apud
1798 5253 1915 5310 vestram
1933 5251 2057 5309 clemen-

409 5311 496 5367 Ἀίδῃ,
508 5307 663 5379 antipam
676 5305 984 5378 iuquietarepraasumo.
996 5309 1098 5368 Sancte
1112 5309 1202 5382 Pater,
1259 5316 1323 5372 tiam
1348 5319 1470 5388 adjrrvari
1484 5327 1623 5394 precatur.
1647 5327 1778 5394 Quamvis
1794 5333 1876 5408 igitur
1889 5355 1942 5412 ego
1957 5339 1991 5397 da
2005 5359 2057 5400 re-

407 5399 489 5456 doleo
502 5412 547 5453 ma
556 5412 617 5453 asae
630 5395 705 5469 quod
718 5410 790 5463 sum,
805 5394 885 5452 doleo
906 5413 951 5454 ma
971 5413 1027 5455 nou
1043 5415 1107 5456 esse
1129 5400 1203 5472 quod
1256 5413 1312 5462 sna
1327 5408 1471 5466 sanctitate
1484 5411 1561 5468 mibil
1575 5419 1780 5487 promeruerim,
1801 5431 1890 5480 umen
1904 5427 1968 5501 quiu
1982 5429 2056 5488 invi·

406 5488 456 5546 sui,
476 5487 562 5544 Doleo
589 5500 712 5541 maesse
735 5483 983 5557 episcopumque
1001 5489 1121 5558 peccatis
1133 5490 1203 5545 mais
1255 5509 1315 5550 cam
1335 5499 1454 5568 compati
1469 5507 1496 5554 et
1510 5517 1559 5572 pru
1582 5503 1702 5562 invicem
1719 5523 1800 5566 orara
1820 5511 1964 5588 jubemur,
1978 5535 2055 5591 prte-

404 5577 577 5646 lacieutibus,
592 5589 648 5631 non
662 5588 716 5647 ago
730 5571 854 5646 episcopi
873 5573 1004 5632 cilicium.
1030 5577 1061 5632 lu
1076 5578 1137 5634 loco
1151 5579 1202 5634 bu·
1255 5597 1334 5640 sumo
1347 5585 1500 5658 supplicare
1524 5598 1657 5664 quatenus
1670 5597 1715 5654 ovi
1729 5615 1811 5671 quam
1835 5601 1960 5663 Christus
1973 5625 2053 5681 qnas-

1064 5727 1181 5784 leilAE
1197 5729 1408 5792 Lectiones.

1485 3772 1523 3812 ab
1539 3773 1708 3820 metuerunt
1721 3781 1858 3826 tantun.

443 5852 548 5912 meum
562 5849 658 5909 eodem
672 5864 726 5906 mr.
741 5849 860 5908 colluto.
887 5846 976 5904 ”Sed
990 5849 1084 5906 tandiu
1098 5851 1154 5908 id..
1164 5855 1284 5924 uitandiu
1297 5875 1351 5915 mr.
1368 5860 1417 5917 aad
1432 5864 1553 5934 qnandiu
1566 5865 1616 5924 id..
1628 5868 1730 5928 nudie.
1757 5873 1880 5939 'uliaere
1894 5897 1948 5942 mr.
1972 5885 2051 5948 tuero

402 5925 553 5983 rumpas
567 5938 621 5980 mr.
635 5921 752 5978 miseriae
765 5935 846 5978 mete.
862 5917 1024 5993 ¹¹‘supplico
1038 5938 1096 5979 mr.
1115 5924 1254 5986 humiliter
1266 5931 1405 6004 supplico.
1423 5932 1531 5994 ”wem
1545 5939 1641 5997 eodem
1654 5955 1708 6000 mr.
1724 5947 1838 6008 mttnta.
