4750 6725
300 603 352 659 ⁸⁸¹³
1080 607 1171 665 666.
1903 606 1955 663 000

297 743 347 815 lie,
360 744 502 818 quoddam
516 746 764 805 deambulatorium
777 746 854 807 dicas
873 747 1042 823 angelornm.
1072 734 1295 809 tudertinum
1316 736 1467 823 quassatum
1503 753 1668 817 6666666666,
1711 749 1784 805 iacto
1821 750 1955 805 monacho

298 837 352 892 irae
372 835 446 893 velut
473 835 586 893 eductas
610 838 780 895 decernere
808 836 969 906 monaedes.
996 839 1103 897 6666666
1156 841 1280 897 mollium
1312 838 1531 896 indumentorum
1556 854 1621 895 usus
1644 847 1685 894 est
1713 838 1870 909 permissus,
1910 837 1959 906 qui

298 924 387 980 libera
400 925 526 995 quaedam
537 925 673 997 planities,
688 925 929 983 itasemoaasticis
939 934 1101 983 66666666ό
1155 931 1271 1000 desuper
1288 928 1381 985 babitu
1395 928 1514 1000 regulari
1528 926 1684 1000 tegebatur.
1717 928 1819 985 Sanum
1833 924 1955 997 proiecto

300 1012 524 1077 6666666666
539 1020 569 1068 ut
595 1014 723 1087 6666666
749 1014 825 1071 ebori
847 1029 963 1073 neeesse
991 1028 1046 1071 666
1067 1014 1103 1069 stt
1155 1018 1309 1086 66666666,
1325 1027 1379 1089 quo
1395 1017 1556 1089 previderat
1580 1016 1690 1086 sepiens
1723 1014 1810 1069 abbas
1838 1014 1953 1069 tironem

302 1100 463 1175 permisceri
476 1100 595 1171 ordinas,
610 1102 809 1159 mactationes
820 1102 1103 1171 malambestiam
1156 1106 1265 1175 Christi,
1294 1104 1401 1177 pudore
1430 1106 1531 1162 cultum
1558 1104 1711 1160 molliorem
1738 1103 1899 1174 positumm‚
1931 1108 1958 1157 et

302 1189 482 1264 quandolibet
502 1190 624 1261 evagari.
656 1190 809 1263 Supersunt
833 1192 963 1262 plurime,
1002 1190 1101 1264 quibus
1154 1195 1358 1269 aegrelaturam
1373 1194 1538 1265 quandoque
1552 1192 1640 1249 solum
1656 1192 1682 1247 iu
1696 1188 1830 1263 spirituali
1851 1189 1955 1245 milities

300 1278 425 1337 dicendis
437 1292 641 1351 occuparemus,
657 1279 709 1335 uisi
723 1278 784 1337 1666
810 1280 909 1337 divinis
926 1280 1102 1353 ascriptaob·
1154 1284 1259 1339 inertie
1274 1283 1363 1355 argui,
1382 1283 1427 1353 qui
1443 1282 1471 1337 in
1485 1282 1606 1337 saeculari
1626 1294 1735 1351 semper
1749 1292 1810 1335 oum
1832 1277 1955 1334 meliori-

299 1367 410 1438 sequiis,
425 1366 486 1439 plus
498 1366 589 1425 laudis
601 1380 637 1424 ax
648 1368 826 1425 habitantium
843 1370 939 1427 merito
959 1385 1041 1439 quam
1066 1384 1101 1425 66
1154 1372 1207 1427 666
1219 1376 1342 1429 certasse
1355 1370 1508 1427 dicebatur.
1528 1370 1607 1439 Queri
1624 1370 1660 1424 ita
1673 1368 1832 1441 contigisse,
1848 1366 1957 1423 comitis

298 1472 382 1513 mano
391 1454 525 1513 artificum
533 1456 702 1513 metirentur.
716 1456 796 1525 Qeod
815 1458 937 1528 protecto
964 1458 1038 1523 baie,
1065 1455 1101 1512 66
1155 1461 1324 1519 conversatio
1345 1459 1484 1527 indicavit,
1501 1468 1610 1530 repente
1624 1472 1744 1529 namque
1772 1465 1889 1513 mutatus
1908 1454 1956 1511 ab·

300 1560 355 1616 (1⁰⁸
368 1544 514 1627 loquimur,
528 1553 669 1603 6661666666
682 1546 797 1603 smil
813 1566 820 1603 t
846 1562 907 1617 6666
930 1560 993 1601 eum
1006 1546 1101 1617 splen·
1150 1550 1225 1623 jeeto
1240 1549 1452 1621 dispensatiouit
1465 1548 1634 1612 indumento,
1652 1560 1738 1602 ncvrrs
1763 1546 1838 1601 oarni
1860 1558 1953 1601 666666

297 1631 443 1689 didissima
456 1632 491 1689 sit
504 1634 617 1705 ingenio
630 1633 750 1706 opificis,
767 1635 852 1693 multo
867 1642 907 1691 est
916 1642 950 1691 66
961 1650 1010 1691 666
1020 1634 1100 1690 6666-
1154 1638 1265 1707 indixit,
1281 1646 1440 1707 certansque
1453 1637 1554 1693 bonum
1570 1644 1721 1705 certamen,
1736 1635 1815 1690 beato
1830 1632 1884 1689 line
1899 1634 1954 1689 666-

299 1729 387 1777 666666
397 1719 568 1791 splendidior
581 1740 590 1778 e
605 1723 746 1797 utriusque
758 1733 849 1780 atatem
869 1724 981 1796 glorias,
1007 1722 1102 1796 gregis
1153 1728 1276 1784 uetitum
1291 1727 1388 1783 meruit
1403 1726 1598 1797 sempiternum
1614 1725 1684 1795 (66).

298 1807 520 1877 scilicetetioci,
536 1812 566 1865 Β.
590 1812 670 1886 litigo
693 1814 826 1869 sollicitas
847 1814 943 1870 institit
970 1826 1101 1885 procura·
1191 1820 1235 1874 tt.
1251 1817 1334 1873 Porro
1356 1830 1496 1889 emergere
1524 1813 1693 1885 cupientibus
1709 1828 1743 1869 ex
1772 1811 1825 1867 666
1857 1825 1958 1883 magno

298 1907 352 1967 tor,
367 1912 460 1955 aeram
475 1898 533 1956 lieo
545 1905 573 1956 et
587 1900 648 1970 ejas
661 1900 767 1975 augelis
790 1917 860 1973 pura
886 1903 1008 1959 dictams
1031 1914 1100 1957 oon-
1155 1905 1223 1961 mari
1243 1912 1270 1960 et
1284 1904 1413 1975 spatioso,
1426 1910 1553 1973 qnantum
1565 1908 1636 1959 essct
1651 1902 1701 1956 sub
1713 1902 1743 1955 tt.
1768 1900 1883 1971 lingone
1909 1914 1954 1953 rc-

299 1986 552 2057 misericoraiae,
560 1987 654 2047 666666
660 1989 1101 2059 decorastdortrastaoe,etiocsm
1154 1993 1271 2066 fugium,
1288 1994 1382 2049 divina
1392 1993 1475 2049 etiarn
1485 1991 1588 2047 indicia
1597 1990 1758 2047 docuerunt.
1774 1987 1891 2054 Quidam
1903 1986 1960 2059 (66)

299 2074 590 2141 antestiontrrtorto
603 2080 760 2148 itireffsal.
787 2094 855 2147 666,
881 2083 918 2150 6).
938 2082 1005 2151 Ejus
1026 2082 1100 2137 6666
1115 2088 1141 2149 Β
1155 2098 1274 2155 namque
1288 2081 1395 2139 Rontan
1408 2097 1442 2137 ex
1462 2090 1525 2135 roto
1540 2080 1688 2151 proiectus,
1714 2086 1775 2135 ante
1802 2076 1961 2147 sepulcrum

302 2162 476 2223 6666666666
489 2167 599 2234 durata,
614 2182 725 2241 egream
738 2167 774 2224 de
794 2168 910 2241 digppto
938 2170 1024 2225 multa
1050 2170 1107 2225 sni·
1161 2180 1311 2244 prostratos
1326 2171 1520 2241 apostolorum,
1536 2183 1590 2239 qua
1600 2168 1634 2223 ad
1649 2169 1736 2223 Deum
1751 2166 1888 2221 incederet
1906 2165 1962 2219 ria.

305 2268 413 2311 marum
426 2252 523 2318 millia.
547 2254 712 2313 saorissoium
735 2258 906 2315 6666666166
934 2260 1055 2329 spiritus,
1081 2264 1109 2315 66
1161 2260 1287 2331 iacrymis
1301 2258 1471 2315 uberioribus
1484 2257 1577 2314 doceri
1591 2256 1760 2328 precabatur.
1776 2256 1852 2309 Hunc
1872 2253 1965 2325 egenti

308 2340 425 2399 6666666
439 2340 531 2398 laudis
543 2344 603 2403 Dea
616 2346 784 2403 exercituum
798 2348 828 2403 in
842 2347 896 2403 666
911 2347 1035 2403 66661666
1063 2349 1111 2404 de·
1163 2364 1256 2406 euram
1268 2348 1330 2405 curli
1345 2348 1467 2419 claviger
1481 2346 1572 2401 Petrus
1591 2345 1723 2416 appamit,
1754 2343 1876 2415 suggerit
1903 2342 1966 2397 Clu·

311 2437 394 2500 serto,
411 2428 475 2487 lacti
489 2431 666 2491 6666666666
681 2433 798 2503 Domini,
809 2443 837 2491 et
857 2436 991 2492 funiculus
1018 2436 1110 2492 baire-
1164 2439 1272 2495 niseum
1288 2436 1439 2507 proficisci;
1456 2434 1577 2489 Cluniaci
1610 2434 1748 2489 lavacrum
1767 2448 1829 2487 6666
1857 2431 1963 2485 anima-

310 2518 402 2573 ditstis
414 2519 485 2589 eius.
501 2518 620 2591 Quippe,
635 2521 742 2578 sieutin
769 2527 885 2595 captura
912 2524 1038 2595 piscium,
1066 2525 1112 2595 pi·
1165 2543 1237 2595 rum,
1251 2526 1306 2581 iilic
1319 2525 1435 2581 salutem
1465 2522 1590 2589 inveniri,
1618 2523 1640 2576 si
1670 2521 1795 2575 abbatem
1817 2518 1870 2575 loci
1894 2518 1967 2575 illius

311 2615 402 2663 666666
413 2607 533 2663 dirersis
546 2609 840 2677 usitariostnrmentis,
865 2612 906 2668 sio
933 2613 970 2668 ad
997 2612 1113 2669 66666666
1166 2615 1313 2687 propitium
1328 2621 1471 2669 mereatur.
1501 2612 1545 2669 Sic
1573 2618 1664 2667 orator
1692 2610 1813 2677 edoctus,
1842 2607 1966 2679 gaudens

313 2695 467 2751 animarum
482 2694 555 2753 6666
576 2697 730 2767 prudentiae
752 2699 868 2756 dirersis
894 2701 1023 2757 incedens
1052 2702 1113 2769 rtis,
1167 2703 1320 2767 revertitur,
1339 2701 1494 2757 Cluuianum
1528 2700 1646 2765 festinat,
1669 2698 1794 2753 abbatem
1823 2696 1912 2752 verbis
1942 2702 1969 2751 st

313 2783 441 2839 omnibtts
460 2786 554 2841 omnia
581 2784 667 2841 [66666
693 2796 744 2858 eet,
767 2796 796 2843 ut
818 2792 917 2845 666666
941 2789 1115 2846 lucrifaceret
1169 2808 1237 2849 roca
1252 2790 1376 2862 requirit,
1393 2789 1503 2845 invento
1528 2804 1638 2845 sacrum
1667 2786 1763 2857 pandit
1790 2785 1965 2851 desiderium,

314 2874 413 2945 (1666.
429 2892 467 2943 rx,
481 2880 542 2948 66).
559 2876 825 2949 Bisenrparbamus
839 2880 983 2949 pependit,
1006 2894 1116 2951 semper
1169 2882 1268 2937 dirime
1290 2879 1400 2935 visionis
1432 2877 1571 2933 historiam
1595 2876 1690 2946 aperit,
1719 2873 1814 2931 ordine
1838 2880 1967 2927 retexens

310 2962 395 3019 missa
408 2965 436 3021 io
450 2966 521 3021 mari
531 2966 610 3032 retia,
625 2982 735 3037 semper
745 2967 781 3022 ad
794 2967 871 3022 littus
884 2967 983 3039 quietis
997 2976 1025 3023 66
1040 2968 1115 3030 vite.
1170 2967 1306 3043 quidquid,
1317 2967 1369 3022 sibi
1385 2966 1419 3023 ab
1434 2964 1558 3036 apostola
1574 2963 1662 3019 iuerat
1684 2962 1874 3031 imperantem.
1905 2960 1967 3015 rte-

311 3053 391 3125 parri
406 3052 496 3123 pisces
505 3062 533 3111 et
546 3056 641 3129 magni
655 3055 740 3110 eracti
748 3060 822 3110 sunt.
837 3056 958 3126 Semper·
971 3057 1046 3111 enim
1065 3056 1117 3111 666
1170 3058 1250 3113 66666
1260 3055 1355 3125 abbas,
1379 3071 1434 3110 uon
1461 3060 1602 3109 cunctatus
1629 3050 1784 3107 salisiaoere
1812 3048 1970 3119 postulanti.

311 3158 355 3209 66,
370 3151 399 3199 66
413 3152 541 3214 pretam,
553 3144 636 3214 idaia
648 3144 716 3200 iilud
731 3144 806 3201 isaim
821 3162 827 3208 ς
855 3144 957 3217 Lepas
975 3144 1116 3201 6666666666
1172 3146 1244 3201 Hice
1258 3145 1303 3199 ille
1319 3152 1455 3215 receptos,
1471 3158 1504 3199 eo
1514 3140 1659 3197 studiosius
1668 3138 1840 3195 ascensiones
1851 3140 1878 3191 in
1888 3136 1971 3191 corde
2026 3203 2029 3212 ¹

312 3240 467 3303 samagam
483 3236 511 3289 66
524 3233 785 3304 perdurantem
795 3234 972 3303 6666666666
980 3230 1118 3291 maisit
1172 3250 1223 3289 666
1238 3232 1380 3303 disposuit,
1396 3246 1449 3303 quo
1462 3229 1557 3285 dirius
1579 3216 1745 3284 revelatione
1773 3225 1906 3281 didicerat
1934 3238 1971 3281 ex

314 3319 388 3389 (lani.
401 3320 750 3392 xr.6).Cumlrisnimirum
766 3322 812 3394 qni
825 3322 861 3379 de
891 3323 993 3396 populo
1021 3336 1119 3380 acces·
1173 3324 1224 3380 666
1240 3321 1377 3379 bominem
1391 3319 1537 3388 consortio,
1553 3318 1588 3375 ed
1603 3316 1770 3374 consortium
1785 3313 1898 3386 provebi
1921 3328 1971 3370 66-

312 3417 414 3474 serant,
427 3417 482 3466 tam
494 3410 734 3483 pauenterjttgom
763 3412 872 3468 Domini
899 3411 1032 3468 sublimes
1052 3415 1115 3483 pei·
1130 3443 1156 3509 G
1172 3413 1308 3486 gelorurrr.

311 3499 399 3556 tulere
413 3505 563 3570 potestates
575 3508 606 3555 ut
618 3512 732 3557 cosnec
745 3500 817 3556 iustu
830 3502 949 3573 generis,
962 3515 1014 3556 neo
1036 3501 1114 3556 imo-
1206 3505 1253 3559 66.
1271 3496 1680 3558 Didicemtetirocmonachus
1705 3493 1750 3548 iiie
1779 3490 1967 3554 Goderannus,

311 3587 394 3644 lentie
407 3596 565 3660 premerent
586 3589 748 3660 6666666666
774 3597 875 3660 quanto
888 3590 1005 3660 quisque
1029 3589 1115 3658 maior
1169 3593 1215 3662 qui
1232 3592 1324 3648 relicto
1340 3591 1372 3644 ti.
1390 3586 1505 3658 ilemigii
1521 3582 1685 3640 monasterio
1700 3581 1767 3653 (di),
1783 3595 1844 3634 oum
1873 3576 1972 3633 arctio·

311 3675 411 3745 666666,
427 3685 503 3733 tanto
517 3676 546 3732 in
574 3676 703 3734 omnibus
730 3677 867 3733 humilior.
896 3677 1054 3733 6666666666
1068 3677 1114 3748 qui
1168 3677 1207 3730 ris
1221 3675 1357 3744 diciplina
1370 3672 1459 3744 gratia
1478 3669 1636 3725 Cluuianum
1664 3665 1852 3736 demigrasset,
1883 3659 1970 3716 meri-

311 3764 408 3822 timora
434 3764 559 3824 deiectus
585 3767 750 3823 monachum
772 3763 895 3836 pmfitari
937 3765 1111 3831 serebantur,
1167 3773 1256 3819 torum
1287 3761 1369 3818 66666
1396 3769 1423 3815 66
1440 3757 1621 3830 proerogatira
1655 3753 1767 3810 scentiae
1795 3768 1811 3806 6
1854 3749 1972 3806 Domino

309 3852 442 3925 providus
464 3855 544 3912 Pater
562 3856 601 3910 ita
627 3855 804 3911 monasticam
827 3855 997 3924 tempombat
1029 3853 1113 3909 disci·
1168 3854 1264 3910 audire
1280 3851 1397 3906 meruit:
1423 3839 1899 3916 Amice,oaceaderrrper·iar(Lac.
1915 3853 1972 3903 arv,

311 3942 415 4014 plicam
429 3952 459 4001 ut
473 3943 672 4000 etiamdeiicirs
697 3942 797 4002 666666
824 3956 884 3998 eam
913 3941 972 3998 stne
998 3941 1113 4019 queiela
1168 3946 1223 4012 16).
1239 3942 1314 3996 Prius
1333 3937 1405 3996 enim
1433 3931 1611 3993 itatttacensts
1637 3936 1695 4003 (68)
1726 3931 1811 3988 abbas
1847 3927 1968 3996 effectus,

309 4032 479 4090 sustinerent.
1167 4039 1261 4099 postea
1276 4026 1454 4086 Santoneusis
1469 4024 1597 4082 Ecclesiae
1616 4022 1732 4093 adeptus
1745 4029 1786 4078 est
1793 4018 1970 4092 dignitatem,

345 4122 391 4178 te.
407 4120 656 4195 HrrjasrsiGuign
685 4136 778 4180 cemes
804 4122 881 4178 testis
907 4129 935 4178 et
957 4119 1111 4192 exemplum
1165 4119 1460 4178 deciditautemuteo
1475 4121 1619 4185 praesente,
1653 4111 1761 4182 leproso
1788 4107 1895 4164 cuidam
1922 4120 1971 4176 per

310 4209 370 4276 fuit,
385 4210 427 4266 vir
439 4210 543 4268 seilicet
556 4211 743 4284 indulgentius
762 4226 778 4268 a
804 4220 891 4283 pasto
915 4212 1055 4278 66666666,
1084 4216 1111 4266 66
1165 4209 1300 4268 manuali.
1316 4205 1440 4278 itugonis
1454 4201 1621 4260 Eucharistia
1646 4201 1804 4256 traderetur.
1821 4197 1875 4268 Qui
1906 4195 1972 4250 dum

310 4298 496 4372 frequentatas
522 4315 539 4356 6
565 4301 643 4356 cunis
667 4301 780 4360 delicias
806 4301 938 4357 indocilis
963 4300 1105 4358 abdicere.
1165 4305 1290 4368 suscepte
1304 4294 1373 4351 sacri
1386 4293 1467 4364 penis
1482 4292 1608 4362 portione
1622 4288 1662 4344 uti
1677 4303 1731 4346 non
1746 4293 1845 4358 posset,
1872 4283 1973 4356 diuque

310 4387 399 4457 Quem
412 4404 474 4446 sum
487 4389 571 4446 etiam
584 4397 674 4446 666666
686 4391 796 4463 agninae
804 4390 967 4462 ulcerarent,
988 4385 1111 4461 nihilque
1164 4387 1284 4444 luctatus
1310 4383 1339 4440 in
1366 4397 1479 4442 saeuum
1508 4381 1649 4444 niteretur,
1684 4381 1863 4442 sacramento,
1908 4387 1970 4425 cum

309 4484 408 4548 prester
421 4478 589 4534 advenarum
607 4479 725 4534 murium
752 4479 903 4552 pelliculas,
933 4487 979 4534 aut
1005 4478 1110 4533 6666666
1163 4475 1258 4531 salivis
1272 4482 1298 4530 et
1312 4470 1478 4528 saereatibus
1500 4467 1643 4524 horrendis
1664 4465 1733 4532 visu,
1747 4477 1830 4518 exere
1851 4461 1969 4516 lacerato

309 4565 397 4626 cultris
410 4567 446 4623 ad
460 4568 562 4624 666666
585 4575 731 4641 pateretur,
759 4568 796 4625 ad
820 4567 991 4624 rotertndum
1019 4575 1110 4622 666666
1163 4561 1308 4630 decidenti,
1324 4559 1493 4618 Godemmus
1506 4564 1667 4626 utranmquo
1695 4566 1805 4608 manum
1818 4546 1970 4621 supposuit,

309 4656 652 4726 quemmiiltet‘amiotunm
666 4657 828 4729 asperitates
842 4657 871 4712 ii.
887 4653 968 4728 llugo
989 4657 1108 4713 6666666-
1163 4657 1192 4709 ct
1205 4650 1352 4726 gloriosius
1366 4649 1400 4704 de
1415 4664 1445 4704 66
1459 4661 1540 4718 quam
1555 4645 1590 4700 de
1609 4641 1731 4714 quolibet
1758 4641 1834 4696 hoste
1870 4637 1967 4692 trium-

306 4743 408 4816 speatis
421 4752 485 4802 6666
499 4745 748 4816 dispensationibus
762 4743 930 4802 informarit.
946 4743 1056 4817 Quippe
1068 4758 1140 4860 nen
1163 4744 1259 4816 pbaus,
1275 4739 1428 4796 adhibitum
1441 4736 1481 4794 ori
1503 4741 1588 4791 totum
1616 4729 1768 4788 absorbuit.
1803 4726 1865 4796 Quo
1878 4779 1882 4794 ,
1893 4724 1963 4792 riso,

352 4869 409 4942 (65)
423 4867 571 4944 subjungit
581 4869 639 4942 (666
654 4869 745 4926 dicius
759 4885 830 4926 anon
849 4874 911 4926 inus
928 4869 1046 4942 primum
1074 4864 1109 4926 66
1163 4870 1267 4924 iactate
1278 4867 1362 4922 sancti
1378 4863 1468 4919 Patris
1491 4857 1583 4916 domni
1609 4855 1740 4935 iiugonis·
1751 4853 1901 4918 absolutos,
1928 4851 1964 4904 66

309 4949 428 5016 liuguae
444 4942 600 5014 burgando,
623 4934 775 4996 rl'idimns
796 4947 824 4996 et
861 4950 990 5022 ugonem,
1011 4937 1109 4995 ducem
1163 4941 1308 4996 claustrum
1324 4935 1403 4992 rediit
1428 4951 1436 4988 s
1465 4933 1557 5003 ibique
1586 4932 1646 4999 post
1665 4929 1818 4999 legitimum
1848 4934 1961 5005 cursum

331 5020 388 5073 rius
401 5013 578 5096 burgundie,
593 5017 700 5138 egnfcst
721 5011 825 5068 militias
849 5012 999 5083 spiritualis
1023 5012 1109 5082 signi·
1162 5010 1320 5082 religiosam
1339 5008 1424 5065 uitam
1439 5003 1551 5060 mutarit
1565 4999 1745 5080 potiusquam
1764 5002 1953 5077 ,terminum

309 5035 465 5158 ferumque
483 5083 588 5140 solebat
645 5097 826 5153 ceoaoogere
840 5083 1110 5151 benumsoqueita
1161 5081 1224 5151 quia
1239 5081 1267 5136 in
1280 5077 1333 5134 666
1348 5079 1420 5134 6666
1434 5073 1576 5136 recedens,
1593 5085 1691 5124 summi
1708 5069 1770 5122 bom
1787 5074 1959 5138 participium

311 5157 453 5232 despicere
467 5162 494 5211 et
507 5144 663 5219 humiliare,
678 5160 708 5210 66
721 5168 816 5210 omnes
829 5153 896 5210 viles
910 5167 1036 5222 persone
1048 5161 1109 5208 stu·
1161 5148 1332 5222 adeptusesi‚
1348 5147 1418 5203 siout
1433 5137 1560 5200 romilde
1574 5140 1719 5196 credimus.
1739 5152 1749 5184 r
1930 5207 1935 5218 ι

311 5223 560 5301 perent,cumsub
587 5238 616 5279 se
644 5223 766 5280 riderent
793 5221 943 5294 principem
969 5223 1050 5278 talem
1080 5239 1110 5278 se
1197 5223 1255 5292 (66)
1271 5213 1650 5279 666666666666666666666,
1666 5210 1701 5266 de
1730 5223 1785 5281 quo
1806 5215 1895 5265 actum
1929 5222 1957 5260 rn

313 5307 446 5356 sternere.
458 5296 508 5352 iiie
560 5298 585 5351 66
599 5301 737 5351 certamen
751 5294 826 5365 qdod
840 5293 935 5365 gessit,
950 5294 1107 5349 6666666666
1161 5292 1359 5350 commentario
1373 5290 1492 5359 praerio.
1933 5347 1938 5358 Ι

310 5372 393 5426 etiam
405 5379 575 5440 acrpomem
584 5364 745 5428 caecitalem.
761 5365 869 5420 taudem
889 5364 1004 5419 obtinuit
1029 5369 1107 5420 66666-
1197 5363 1294 5432 (diis.
1314 5359 1429 5434 Remigii
1461 5353 1667 5421 monasterium,
1696 5352 1852 5418 simpliciter
1866 5365 1956 5404 6666-

311 5458 374 5497 uam
403 5455 484 5515 quem
517 5436 617 5494 meruit
643 5434 731 5492 iucem
775 5444 802 5492 et
828 5433 1011 5491 suaveolentia
1031 5435 1110 5492 nobis
1160 5442 1263 5502 uatum,
1280 5423 1795 5506 ilemcnsecredoinieliigi:estatias
1819 5423 1901 5476 etiem
1929 5419 1956 5473 io

309 5516 435 5582 exempta
450 5497 585 5580 reliquit.»
600 5497 707 5576 instem
732 5476 767 5564 66
794 5505 936 5578 predicto,
966 5508 995 5560 tit
1027 5506 1103 5562 arbi·
1161 5503 1312 5561 Senone‘nsi
1327 5501 1458 5557 suburbio
1469 5495 1714 5564 alterumeJusdenr
1725 5493 1850 5561 nominis,
1867 5489 1957 5544 lamo·

307 5590 376 5638 trcr.
396 5579 523 5637 Gdiddne
537 5570 596 5632 litet
610 5572 702 5638 addtt;
715 5571 817 5632 «Porro
826 5575 993 5631 venerabilis
1006 5575 1105 5645 Guido,
1160 5591 1220 5630 surn
1235 5583 1261 5630 et
1271 5574 1421 5643 antiquum.

307 5669 342 5709 ex
382 5652 481 5710 comite
505 5646 695 5705 6666666666
724 5645 812 5702 iactos
836 5662 853 5701 a
880 5647 975 5701 radice
1001 5661 1106 5727 pauper
1196 5646 1253 5714 (66)
1268 5643 1429 5699 Coenobium
1445 5640 1631 5704 iialleaoense,
1647 5639 1674 5692 in
1701 5634 1835 5692 territorio
1863 5631 1957 5686 Picta-

307 5723 418 5792 Christi,
430 5721 527 5777 obtulit
539 5720 597 5774 beo
611 5726 665 5772 tam
679 5717 813 5787 perfectae
840 5717 1025 5773 conversionis
1052 5719 1106 5774 bo·
1159 5715 1338 5772 riensisitum
1352 5723 1404 5780 est,
1432 5719 1527 5784 postea
1553 5726 1570 5766 6
1595 5713 1700 5766 manns
1728 5707 1805 5762 xxti
1832 5709 1956 5758 ornatum

308 5796 469 5858 incaustum.
484 5799 638 5846 utuxorem
649 5801 712 5842 cum
726 5786 918 5844 filiistrabaret
936 5792 996 5858 post
1020 5801 1050 5844 sa
1076 5789 1106 5842 in
1158 5787 1236 5842 tituto
1256 5785 1414 5856 episcopati.
1443 5784 1512 5840 Huic
1539 5781 1683 5853 praelectus
1705 5786 1745 5834 est
1775 5774 1953 5830 Goderannus

307 5865 418 5922 odorem
433 5860 587 5920 6661666666
600 5859 736 5914 virentum.
766 5857 896 5926 Quicum
924 5858 1052 5915 tenuisset
1069 5857 1106 5914 ari
1158 5871 1232 5914 anno
1246 5857 1326 5925 iiiiii,
1341 5855 1428 5910 666666
1452 5855 1599 5927 episeopus
1618 5850 1700 5924 penio
1725 5853 1797 5918 post,
1816 5850 1853 5898 66
1880 5855 1954 5898 6666

308 5942 417 6008 tempus
430 5926 580 6006 regendum
594 5925 748 5986 cenobium
761 5927 972 5999 Sriranieoense,
988 5942 1025 5984 ex
1051 5942 1105 5986 ro-
1159 5919 1229 5983 tora
1240 5935 1371 5984 mortuus.
