4750 6725
397 556 451 614 839
907 552 952 608 ab
972 549 1107 606 OPERAS
1126 549 1154 605 S.
1175 546 1327 606 aNsEtm
1344 548 1531 604 areanum.
2000 545 2063 600 340

398 701 479 742 versa
493 699 575 740 manu
590 683 690 738 ferrum
705 679 798 747 erexit,
814 679 925 748 ejusque
940 677 1074 744 acumine,
1091 692 1121 732 se
1135 675 1197 747 inji-
1210 673 1240 736 A
1253 671 1818 744 dextraquelaevaqueejusoonsideutibns.
1830 670 1979 742 Quamcgo
1988 685 2061 726 enm

398 774 483 842 deus,
499 781 619 830 ventrem
633 769 763 827 confodit.
778 767 846 822 Cum
867 772 956 820 autem
982 765 1093 836 sangnis
1107 763 1197 820 efflue·
1251 779 1353 836 magno
1365 763 1456 818 cordis
1470 761 1571 819 afiectu
1597 762 1775 820 considerare
1802 761 1884 831 coepi,
1909 775 2059 831 nunquam

398 871 451 931 ret,
468 871 495 918 et
509 862 555 916 ille
563 859 719 931 palpitando
748 854 962 921 tumultuaretur,
982 853 1130 924 experrecti
1155 869 1198 909 so·
1251 851 1324 908 enim
1339 853 1369 906 in
1382 851 1435 908 vita
1449 866 1513 907 mee
1527 859 1583 908 mm
1606 852 1751 922 pulchram
1776 859 1928 906 creaturum
1942 848 2059 919 uspiam

401 951 437 1007 cii
452 956 614 1008 avocaverunt
627 947 702 1002 illurn
724 944 890 1000 sciscitantes
917 942 964 1015 qui
993 943 1115 998 baberet.
1144 941 1197 1010 Qui
1251 939 1308 996 vidi
1323 957 1330 994 ε
1345 956 1401 996 uon
1415 940 1586 1013 magnaesed
1600 941 1746 998 mediocris
1765 948 1885 1008 statura,
1914 946 1972 994 crat
1986 937 2058 1009 pnl-

400 1055 462 1094 eum
478 1037 532 1092 illis
543 1051 699 1106 responsum
708 1048 763 1089 non
778 1033 864 1100 daret,
880 1031 1035 1088 sedanrius
1046 1040 1197 1088 extremum
1250 1030 1386 1086 cherrima
1400 1029 1481 1096 facia,
1496 1029 1654 1085 desirabilis
1660 1038 1782 1101 aspectu.
1793 1031 1863 1084 aute
1876 1028 1972 1083 beatus
1984 1041 2059 1097 apo-

397 1126 524 1197 spiritum
538 1125 665 1192 traheret,
681 1121 832 1178 conturbati
844 1121 950 1177 concite
962 1127 1084 1192 surgunt,
1113 1119 1198 1174 lunii·-
1250 1117 1335 1173 stofns
1349 1134 1426 1175 meus
1436 1117 1818 1188 advocatuspiiaimuscoram
1828 1115 2059 1185 omnihusproti-

396 1215 473 1272 narie
486 1213 644 1280 accendunt,
661 1211 819 1282 sociumque
847 1210 1010 1264 semivivum
1023 1224 1074 1263 nec
1086 1207 1197 1278 jamela
1250 1223 1302 1262 nus
1316 1205 1430 1275 exstitit,
1445 1207 1522 1262 etde
1536 1206 1759 1264 Satauaefallaoiu
1765 1206 1883 1279 qualiter
1889 1204 2058 1261 mederico-

396 1301 562 1374 respondere
575 1301 710 1357 violentem
724 1298 871 1368 reperiunt.
887 1299 929 1353 Ex
944 1313 997 1367 quo
1011 1296 1151 1368 stupefacti
1162 1296 1198 1350 si-
1250 1303 1294 1350 rat
1306 1294 1456 1351 clamorem
1471 1296 1545 1353 feeit.
1559 1297 1627 1364 Quae
1634 1295 1889 1352 moneddaemoncs
1898 1308 2055 1350 converse:

396 1392 454 1448 mul
469 1400 495 1447 et
509 1406 609 1464 magno
624 1389 721 1445 timore
735 1387 865 1457 percussi,
891 1401 927 1442 ne
955 1401 1028 1440 mors
1047 1385 1119 1440 illius
1144 1385 1197 1441 sibi
1253 1383 1315 1452 «Ο,
1330 1385 1427 1457 inquit,
1443 1385 1547 1450 miseri,
1571 1385 1638 1457 quid
1659 1384 1826 1457 quaerebatis
1847 1383 1876 1438 in
1902 1382 2057 1454 peregrino

396 1481 582 1550 imponeretur
595 1478 617 1533 si
633 1492 711 1532 mane
726 1477 753 1530 in
768 1475 865 1531 eodem
881 1475 940 1530 loeo
951 1472 1168 1542 invenirentur,f
1185 1504 1197 1515 -
1250 1473 1360 1528 Domini
1374 1472 1463 1528 attilii
1478 1474 1542 1541 mei,
1557 1483 1585 1530 et
1597 1474 1692 1530 Jacobi
1706 1473 1794 1528 tidelis
1804 1472 1873 1528 sni‘.l
1888 1470 1959 1528 Satis
1972 1470 2058 1527 vobis

397 1585 463 1642 gam
478 1569 580 1636 ineunt,
597 1567 687 1636 ipsum
700 1580 764 1620 vero
778 1565 806 1619 in
820 1563 1194 1634 suosangnincvolutantem,
1250 1571 1342 1633 posset
1352 1562 1477 1618 sufficere
1492 1578 1575 1632 poena
1590 1573 1691 1630 vestra,
1706 1578 1763 1618 non
1773 1571 1848 1617 esset
1861 1577 1931 1632 opus
1942 1569 1972 1615 ut
1986 1575 2057 1617 eam

397 1657 505 1712 asinum
519 1671 584 1712 vero
599 1662 625 1711 et
640 1670 757 1726 egenum
772 1669 853 1723 quem
867 1652 941 1708 elerc
955 1659 1102 1723 ooeperant,
1114 1651 1195 1708 dere·
1250 1652 1388 1722 augeretis
1402 1651 1505 1708 malitie
1519 1661 1619 1709 vestra.
1635 1677 1647 1702 a
1661 1653 1814 1724 Postquam
1842 1651 1933 1706 locuta
1948 1658 1990 1706 est
2003 1645 2056 1704 itta

396 1746 532 1818 linquunt.
1248 1739 1415 1810 beatissima,
1431 1740 1582 1797 clementer
1604 1758 1685 1812 super
1699 1758 1743 1796 me
1757 1757 1805 1795 sua
1832 1739 1935 1795 lumina
1950 1738 2026 1792 flexit
2045 1754 2054 1792 ε

431 1835 509 1891 ltlane
524 1842 613 1889 autern
624 1849 685 1888 cum
696 1830 798 1888 familia
812 1831 910 1886 domus
928 1829 1101 1898 surrexisset,
1119 1829 1196 1884 occi·
1251 1829 1443 1884 «daemonibus
1452 1838 1544 1885 entem
1556 1845 1658 1902 magno
1671 1830 1771 1886 timore
1785 1828 1946 1895 conterritis,
1958 1827 2057 1882 omni-

395 1939 509 1994 sumquc
523 1924 677 1994 reperisset,
694 1936 748 1976 non
763 1921 867 1975 liabens
880 1918 1068 1975 certitudinem
1080 1919 1194 1988 quicum
1248 1915 1300 1972 bus
1313 1920 1360 1987 qui
1374 1917 1402 1972 in
1415 1919 1533 1974 concilio
1547 1926 1623 1974 erant
1638 1919 1795 1975 dicentibus
1803 1934 1852 1973 eos
1867 1924 1966 1973 contre
1979 1931 2055 1986 apo-

395 2012 549 2077 occidisset,
565 2009 992 2066 advocatricinosetdefunctum
1007 2007 1194 2063 adccclesiam
1208 2035 1235 2094 B
1250 2007 1358 2073 stolum,
1387 2023 1432 2062 me
1459 2006 1592 2076 fallendo,
1606 2007 1706 2078 injuste
1721 2007 1829 2071 fecisse,
1843 2004 1986 2078 imperavit
1996 2005 2057 2060 do-

395 2099 718 2172 sepelicndumdeferunt
739 2107 826 2163 ;antc
840 2097 917 2166 cnjus
945 2096 1018 2152 fores
1042 2097 1106 2152 dum
1122 2095 1195 2150 fossa
1248 2096 1324 2151 mine
1335 2112 1379 2151 rna
1390 2095 1424 2150 ad
1438 2111 1536 2168 corpus
1555 2097 1658 2154 reduci.
1688 2098 1805 2153 Sanctus
1830 2093 1913 2168 igitur
1932 2093 2055 2150 lacobus

394 2197 549 2260 pararetur,
561 2195 672 2258 propter
684 2185 948 2258 sanguinislluorcm
958 2184 1032 2240 illum
1044 2185 1193 2254 deponunt.
1246 2202 1291 2239 mc
1318 2185 1469 2256 suscipiens
1496 2185 1639 2242 confestim
1666 2185 1694 2240 in
1710 2187 1782 2241 huno
1801 2184 1892 2241 locum
1921 2183 2053 2239 restituit.

392 2280 450 2334 Neo
464 2278 548 2333 multa
562 2277 762 2332 interveniente
776 2273 956 2344 morailleqni
965 2273 1194 2332 mortunsluerat.
1247 2273 1350 2329 Taliter
1378 2281 1499 2328 mortuns
1513 2281 1541 2330 et
1554 2273 1732 2330 resuscitatus
1746 2290 1816 2328 sum.
1835 2298 1846 2323 a
1863 2271 2053 2341 Quodincolae

392 2367 482 2436 rediit,
507 2372 534 2421 ct
561 2365 589 2420 in
618 2373 702 2420 stratu
723 2365 834 2418 funereo
853 2362 963 2418 resedit.
980 2361 1059 2430 Quod
1074 2361 1120 2433 qui
1141 2359 1194 2416 ad·
1247 2361 1397 2434 ipsinslooi
1412 2361 1569 2429 audientes,
1598 2364 1778 2419 veliementer
1806 2361 1902 2430 laetati,
1925 2360 2051 2433 protinus

392 2462 468 2511 erant
482 2451 773 2524 intuentes,pcrterriti
784 2453 892 2524 fugiunt
905 2458 932 2507 ct
941 2451 1108 2516 exclamant;
1126 2467 1193 2520 qno·
1247 2451 1373 2507 eumdem
1388 2450 1415 2504 in
1430 2451 1542 2506 domum
1554 2465 1629 2506 suam
1644 2451 1770 2519 tulerunt,
1779 2467 1812 2506 ac
1821 2467 1871 2521 per
1880 2451 2052 2505 tridunmse-

393 2560 455 2598 rum
471 2544 590 2600 elamore
605 2542 697 2614 populi
713 2541 840 2598 concitati
853 2548 1008 2606 accurrunt,
1035 2539 1100 2611 quid
1115 2539 1191 2594 acci·
1246 2556 1307 2596 cum
1323 2547 1459 2608 tenerunt,
1475 2539 1648 2612 divulgantes
1676 2550 1703 2596 et
1728 2541 1947 2596 demonstrantes
1971 2540 2052 2594 illurn

391 2631 463 2687 derit
471 2631 618 2702 inquirunt,
635 2638 661 2686 et
676 2637 815 2685 mortuum
827 2628 891 2684 vitae
906 2627 1189 2683 restitutumeudiuut.
1247 2629 1275 2684 in
1290 2645 1343 2702 quo
1358 2629 1431 2684 Dens
1445 2629 1621 2700 peruentum
1636 2629 1786 2700 apostolum
1801 2629 1996 2684 lacobumtnm
2012 2630 2055 2684 in-

388 2720 512 2790 Quicum
523 2719 635 2790 propius
651 2718 837 2789 accessissent,
854 2725 951 2773 etcum
972 2716 1073 2788 ulloqui
1088 2716 1191 2786 coepis-
1246 2718 1354 2774 solitam
1368 2733 1428 2773 rem
1438 2726 1564 2789 operatus
1571 2725 1700 2790 astatque
1714 2718 1951 2774 mirabilemNam
1959 2719 2053 2789 plagae

389 2817 467 2866 sent:
485 2825 601 2882 qumque
616 2807 690 2864 circa
705 2823 767 2862 cum
782 2815 843 2864 acta
857 2808 964 2862 fuerant
979 2805 1193 2860 libcravooeeo·
1245 2807 1318 2862 illius
1332 2807 1391 2862 sine
1405 2823 1484 2862 more
1500 2816 1604 2863 sauatae
1619 2815 1690 2877 sunt,
1702 2808 1767 2862 solis
1790 2807 1964 2863 cicatricibus
1987 2807 2052 2862 loco

385 2914 445 2954 ram
460 2895 588 2954 omnibus
602 2896 748 2952 enarravit.
768 2918 779 2944 a
796 2897 866 2968 Ego,
879 2895 979 2967 inquit,
990 2901 1191 2966 qnemnmorte
1244 2896 1387 2952 vulnerum
1404 2895 1581 2951 manentibus
1597 2915 1603 2950 :
1620 2895 1682 2952 loco
1696 2912 1763 2952 vero
1786 2896 1948 2968 genitalium
1964 2896 2053 2951 eterit

385 2987 575 3043 resuscitatum
592 2985 700 3054 videtis,
717 2984 752 3039 ab
767 2983 881 3040 infantie
896 2991 1019 3038 sunctum
1035 2983 1117 3038 dilexi
1141 2984 1188 3038 Ja—
1245 2999 1310 3039 caro
1318 2985 1394 3055 quasi
1402 3001 1535 3049 verruca,
1548 3001 1596 3055 per
1606 2983 2052 3056 qnammittebaturnrina.Exple-

388 3073 499 3144 nobum,
515 3074 603 3147 eique,
617 3073 645 3128 in
660 3082 791 3147 quantum
816 3073 901 3144 potui,
926 3071 1031 3128 servire
1045 3071 1186 3127 consuevi.
1244 3073 1279 3127 tis
1293 3071 1390 3127 dicbus
1405 3073 1502 3145 quibus
1516 3073 1681 3129 habitatores
1709 3073 1785 3128 illum
1800 3090 1892 3129 secum
1913 3089 1963 3144 pro
1975 3090 2051 3145 gan-

386 3163 573 3220 blodoautcm
589 3161 779 3218 dumadeum
795 3177 910 3234 pergere
935 3160 1132 3227 decrevissem,
1162 3167 1190 3215 et
1244 3160 1290 3216 dio
1302 3168 1454 3230 tenuerant,
1469 3162 1575 3232 paravit
1590 3162 1694 3217 asinum
1710 3181 1803 3232 suum,
1834 3171 1861 3217 et
1889 3179 1951 3218 cum
1973 3161 2052 3218 socio

387 3267 476 3325 usque
491 3253 519 3308 in
532 3253 602 3308 banc
616 3252 709 3308 vitlem
722 3251 871 3319 venissem,
885 3249 1034 3306 adveniens
1063 3247 1188 3305 diabolus
1243 3266 1364 3321 paupere
1374 3266 1454 3322 quem
1466 3250 1493 3306 iu
1508 3252 1553 3306 via
1559 3252 1686 3322 junxerat
1697 3252 1759 3319 sibi,
1769 3253 1821 3306 iter
1828 3267 1980 3324 aggressus
1994 3259 2050 3306 est.

387 3341 483 3401 fefellit
498 3357 554 3410 me,
564 3339 656 3397 dicens
669 3357 700 3399 se
715 3338 1077 3408 essesonctumlacobum,n
1091 3347 1188 3395 totum·
1245 3339 1301 3395 Sed
1312 3354 1374 3396 cunr
1385 3339 1630 3412 appropinquasset
1645 3339 1859 3397 edbentilacobi
1873 3339 2050 3411 limina,ecoc

387 3448 442 3505 que
457 3432 591 3501 ordinem,
607 3438 731 3503 utsupra
747 3430 914 3494 dictumest,
931 3429 1067 3485 enarravit
1082 3448 1089 3495 ;
1106 3438 1188 3500 atque
1204 3387 1230 3450 C
1244 3427 1309 3484 socii
1323 3428 1370 3501 qui
1385 3445 1450 3483 erim
1466 3428 1631 3499 reliquerant
1655 3430 1842 3502 regredientes
1868 3430 2052 3487 obviaverunt

387 3520 550 3577 subintulit:
569 3522 736 3591 «Postquam
746 3518 1190 3575 mihimetvitamudcmictanime
1244 3516 1284 3572 illi
1302 3535 1308 3583 ;
1325 3516 1446 3587 quicum
1462 3518 1551 3573 adbuc
1565 3518 1661 3588 procul
1675 3526 1768 3573 esseut
1780 3527 1805 3574 et
1820 3519 1890 3574 duos
1908 3518 1970 3575 illos
1989 3520 2052 3574 asi·

387 3618 571 3668 coarctaretur
585 3609 618 3664 de
633 3625 756 3680 corpore,
768 3607 841 3665 venit
854 3608 890 3663 ad
906 3624 948 3663 me
962 3606 1035 3663 idem
1050 3607 1190 3680 malignus
1245 3619 1310 3660 uum
1325 3605 1470 3661 incitantes
1485 3606 1575 3661 intuiti
1602 3604 1726 3676 luissent,
1738 3606 1822 3662 locuti
1836 3616 1898 3662 sunt
1924 3608 1958 3662 ad
1972 3608 2052 3663 insi-

389 3698 501 3771 spiritus
514 3698 560 3769 qui
575 3714 619 3753 me
633 3698 788 3769 deceperat,
814 3696 919 3752 ducens
946 3712 1043 3753 secum
1059 3712 1191 3769 magnam

390 3788 498 3844 turbam
513 3786 677 3857 demonum,
694 3787 741 3859 qni
757 3786 899 3843 confestim
916 3786 1017 3857 absque
1032 3786 1191 3842 misericor-

388 3877 437 3933 dia
447 3892 491 3931 me
505 3880 664 3946 rapuerunt,
685 3883 765 3946 atque
786 3874 938 3945 plorantem
962 3889 994 3930 ec
1020 3874 1192 3931 miserabiles

1246 3708 1307 3750 cem
1324 3709 1330 3749 :
1349 3714 1360 3741 a
1379 3693 1497 3765 Similae,
1508 3695 1592 3765 aiunt,
1604 3696 1731 3753 homines
1747 3696 2052 3753 illisuntsooiisnostris

1246 3799 1316 3855 quos
1330 3782 1503 3855 reliquimus,
1517 3784 1633 3839 alterurn
1648 3792 1794 3851 mortuum,
1811 3786 1927 3842 alterum
1942 3786 2049 3857 rimam,

1246 3888 1297 3927 uec
1312 3871 1413 3926 animal
1428 3872 1501 3943 quod
1515 3874 1619 3928 minant
1633 3872 1725 3928 differt
1739 3874 1773 3927 ab
1788 3874 1844 3939 illo,
1860 3875 1888 3929 in
1915 3880 2051 3947 quantum

388 3980 471 4021 voces
484 3964 650 4019 omittentem
667 3962 784 4017 tulerunt
798 3962 832 4017 ad
847 3969 989 4018 tormenta.
1010 3964 1110 4017 Enalos
1126 3978 1192 4035 ergo
1247 3960 1362 4027 videtur,
1377 3961 1451 4031 quod
1462 3961 1517 4016 illis
1532 3961 1689 4017 derelictum
1706 3970 1757 4017 est.
1788 3964 1936 4033 Postquam
1956 3968 2051 4018 autem

388 4051 611 4108 varsusliomam
627 4048 810 4105 tetenderunt.
828 4049 927 4106 Verum
943 4066 1005 4106 cum
1031 4050 1066 4105 ad
1094 4050 1192 4106 silvam
1247 4050 1544 4121 appropinquaverant,
1575 4058 1602 4105 et
1629 4052 1728 4106 mutuis
1742 4052 1926 4123 agnitionibus
1949 4068 1977 4106 so
1997 4068 2051 4109 co-

390 4156 452 4212 qum
471 4137 650 4194 interurbem
679 4145 705 4193 et
728 4138 821 4193 villam
849 4154 909 4208 quoe
933 4146 1046 4195 vocatur
1064 4138 1191 4211 Labieno,
1224 4144 1548 4209 'gnoscerecmperuut,
1563 4148 1744 4210 agnoscentes
1759 4140 1830 4211 quod
1846 4140 2051 4209 uotumfucrat,

390 4228 441 4284 sita
459 4234 510 4297 est,
535 4226 715 4295 venissemus,
744 4235 852 4283 sanctus
866 4227 984 4283 lacobus
994 4226 1130 4283 insecutus
1144 4244 1195 4285 nos
1248 4228 1423 4284 vehementer
1437 4227 1650 4297 exsultaverunt,
1666 4238 1692 4284 ct
1705 4229 1818 4285 domurn
1839 4231 1977 4286 venientes
1988 4248 2052 4285 rem

392 4315 1194 4390 posttergumnostrumadvolarit,comprehensisquedae-
1249 4333 1299 4386 pier
1321 4316 1445 4372 ordinem
1474 4326 1665 4376 assernerunt.
1708 4318 1763 4374 Sed
1796 4320 1842 4391 qni
1869 4321 2052 4376 resuscitatus

393 4406 519 4462 monibus
535 4408 573 4461 ait
583 4424 611 4460 :s
626 4406 704 4461 Unde
719 4405 834 4460 venistis
845 4414 930 4475 atquo
942 4404 1078 4461 tenditis‘i
1091 4408 1194 4465 »Aiunt
1249 4404 1337 4460 fuerat
1352 4415 1494 4476 postquam
1510 4422 1525 4461 a
1540 4416 1632 4461 sancto
1656 4408 1758 4463 Jacobo
1774 4409 1865 4477 rediit,
1894 4410 1946 4465 hoc
1973 4410 2053 4481 quod

392 4494 431 4550 illi
448 4510 454 4550 ε
474 4518 484 4546 a
502 4494 638 4552 OJacobe
654 4503 756 4565 sancte,
771 4494 805 4549 ed
818 4502 845 4551 te
858 4495 925 4549 nillil
939 4494 1075 4565 pertinet,
1092 4512 1155 4550 nam
1166 4496 1195 4551 in
1249 4493 1408 4565 sociiprius
1437 4502 1610 4551 narraverant
1629 4497 1731 4569 reipsa
1750 4498 1917 4554 corilirmavit
1947 4516 1954 4552 ε
1984 4515 2052 4553 narra

395 4592 501 4641 tantum
517 4584 596 4640 nobis
619 4582 745 4653 credidit,
761 4592 789 4639 ut
812 4584 989 4654 semetipsum
1017 4584 1194 4642 interficeret.
1250 4591 1279 4637 ut
1292 4600 1336 4638 res
1352 4591 1428 4657 gesta
1442 4594 1481 4639 cst
1496 4586 1597 4655 passim
1609 4586 1769 4657 divulgavit,
1791 4574 1931 4643 cicatrices
1956 4597 2052 4643 osteu-

393 4675 450 4729 Nos
463 4673 608 4741 suasimus,
621 4688 670 4727 uos
679 4672 841 4741 fefellimus,
854 4688 906 4726 nos
915 4672 1017 4727 bebere
1026 4674 1169 4729 debemus.
1182 4700 1193 4725 a
1251 4672 1299 4741 dit,
1315 4682 1342 4727 et
1356 4672 1436 4728 etlam
1453 4675 1525 4743 qnod
1537 4674 1564 4729 in
1580 4675 1719 4730 secretiori
1744 4676 1814 4745 loco,
1835 4677 1926 4731 multis
1955 4678 2052 4733 viatere

395 4760 500 4831 Quibus
515 4763 578 4817 ille:
598 4784 609 4811 a
626 4762 665 4817 De
675 4762 737 4829 hoo,
749 4761 796 4829 eit,
813 4762 885 4831 quod
901 4777 992 4832 quaero
1007 4761 1073 4816 nibil
1083 4780 1192 4834 respon·
1208 4746 1236 4807 D
1251 4762 1422 4831 cupientibus
1436 4762 1641 4819 demonstravit.
1656 4764 1734 4820 flunc
1751 4764 1890 4821 hominem
1919 4774 1943 4821 et
1958 4768 2052 4821 omnia

395 4851 476 4917 detis,
491 4850 537 4906 sed
553 4850 733 4907 Christianum
748 4849 889 4920 decepisse
907 4850 1039 4920 jactando
1053 4852 1192 4923 gaudetis.

396 4939 474 4995 Unde
487 4938 575 4994 males
590 4938 712 4993 trabeatis
726 4938 828 5011 gratias
841 4956 847 5003 ;
865 4940 1021 4995 mensenim
1032 4940 1195 5012 peregrinus

395 5034 437 5083 est
452 5043 533 5097 quem
548 5042 597 5082 vos
612 5026 713 5083 habere
726 5027 846 5097 jactatis,
863 5027 956 5097 ulique
977 5044 1029 5083 nos
1057 5045 1106 5084 vos
1135 5031 1194 5085 sino

395 5130 488 5187 pugne
502 5114 603 5171 feretis.
623 5134 634 5166 r
654 5115 805 5171 Videbatur
819 5115 885 5170 milri
900 5116 1020 5172 lacobus
1030 5117 1149 5185 juvenis,
1166 5126 1196 5173 et

395 5201 816 5273 venustiaspectnsanacitcnrns,
831 5204 912 5258 medii
928 5205 1037 5273 solerie,
1050 5206 1096 5277 qui
1111 5207 1194 5279 vulgo

394 5290 614 5347 brunusdioitur.
629 5290 766 5363 llloigitnr
775 5300 890 5363 cogente
900 5294 1012 5348 Roaiam
1022 5294 1193 5363 divertimus,

393 5380 440 5435 ubi
456 5394 540 5451 prope
556 5378 635 5449 justa
655 5379 799 5435 eeclesiam
820 5380 892 5435 beati
909 5382 978 5436 fetri
994 5382 1111 5452 apostoli
1137 5393 1195 5443 erat

395 5468 472 5524 locus
484 5467 577 5523 viridis
592 5476 619 5524 et
633 5467 773 5543 spaciosus
795 5468 822 5522 in
844 5470 955 5539 planitie
981 5470 1063 5538 neris,
1086 5472 1113 5526 iu
1140 5490 1194 5545 qno

396 5564 551 5611 sanctorum
567 5556 647 5613 turba
661 5556 847 5613 inenarrabilis
862 5559 896 5614 od
911 5559 1057 5614 concilium
1073 5570 1193 5629 venerat,

396 5644 439 5702 cui
452 5644 618 5716 praesidebat
632 5645 743 5701 domina
754 5646 922 5701 transnatatis
946 5648 995 5702 Dei
1011 5649 1138 5705 Genitrin
1167 5658 1194 5705 et

394 5742 525 5808 perpetuu
538 5734 623 5807 Virgo
637 5734 733 5803 Maria,
747 5733 873 5791 multiset
885 5736 1023 5807 preclaris
1031 5738 1192 5807 proceribus

1248 4850 1328 4923 aigne
1353 4851 1447 4905 mortis
1474 4851 1533 4922 ejus
1559 4852 1801 4909 reverendissimus
1830 4856 1909 4927 llugo
1935 4864 2050 4911 sauctus

1248 4939 1334 4994 abbas
1357 4939 1538 4994 Cluniaccnsis
1560 4949 1586 4995 et
1610 4958 1671 4995 eum
1700 4942 1792 4997 multis
1833 4943 1894 4998 aliis
1920 4942 1999 5011 vidit,
2022 4955 2052 5001 et

1248 5042 1297 5099 pro
1320 5026 1498 5083 admiratione
1518 5030 1569 5084 hoc
1598 5029 1644 5083 ubi
1672 5030 1772 5086 relatus
1809 5041 1849 5087 est
1864 5030 1965 5102 saepius
1979 5034 2052 5089 soli-

1249 5124 1303 5171 tum
1327 5133 1356 5171 se
1381 5117 1481 5173 vidisse
1504 5118 1630 5187 asseruit,
1660 5127 1686 5173 et
1712 5136 1762 5175 nos
1796 5120 1912 5192 apostoli
1954 5138 2053 5177 artiore

1247 5222 1282 5259 ne
1310 5221 1326 5260 a
1353 5206 1484 5261 memoria
1507 5207 1651 5275 deleretur,
1669 5208 1765 5263 littoris
1780 5208 2046 5277 ‹foramendavimus

1250 5293 1439 5364 precipientes
1478 5295 1606 5351 omnibus
1641 5305 1670 5350 ul
1698 5314 1748 5367 prr
1777 5314 1871 5353 ornares
1907 5298 2050 5354 Ecclesiae

1249 5383 1346 5437 festum
1372 5383 1437 5437 tarrti
1463 5383 1585 5439 miraculi
1608 5394 1822 5456 caeterorumque
1855 5386 2048 5443 miraculorum

1248 5472 1334 5527 saneti
1349 5472 1444 5527 lacobi
1463 5489 1480 5526 v
1504 5474 1549 5529 die
1570 5475 1707 5530 Nonarum
1727 5475 1857 5531 Octobris
1875 5476 1966 5549 dignis
1993 5493 2051 5530 an-

1249 5560 1352 5614 nuatim
1385 5561 1524 5617 celebrent
1556 5562 1708 5635 obsequiis.
1743 5567 1767 5621 Δ
1800 5566 1917 5621 Domino
1944 5564 2049 5620 facturn

1248 5656 1299 5717 est,
1316 5658 1367 5705 eto.
