4750 6725
411 632 463 693 eso
1032 613 1433 677 oreemrrnorucussrs.
2001 631 2073 689 ,Μ

409 758 483 817 bitur
494 753 646 832 peremtis,
660 756 688 809 et
705 744 789 805 babet
808 742 975 819 parochiam,
997 742 1202 810 monesterium.
1217 739 1420 817 Adroeesimsa
1432 743 1580 805 induuntur
1592 745 1723 806 diacorum
1736 748 1765 807 et
1778 748 1962 811 subdiaconus
1980 770 2065 813 meo-

410 848 563 923 episcopos,
578 851 605 900 et
616 840 755 899 dioeoeses.
771 836 826 893 lios
836 833 918 890 etiem
927 848 1020 890 secum
1029 832 1058 890 in
1070 848 1207 889 summum
1262 830 1298 897 lie
1311 832 1340 888 in
1352 837 1410 890 tota
1424 835 1516 903 missa,
1532 835 1584 891 nisi
1598 852 1661 894 eom
1675 837 1779 912 legunt.

410 951 482 995 arce
495 932 594 991 residet
607 949 617 989 .·
630 927 703 1001 quie,
723 926 792 981 siout
813 924 869 981 llos
896 938 966 981 arce
994 930 1110 995 preerat
1139 922 1209 979 inter
1298 921 1483 981 &carolorum
1513 932 1602 983 eutem
1635 935 1698 983 aunt
1733 928 1939 999 quatuordecim
1964 930 2069 1001 officia.
2158 953 2159 956 ¹

410 1018 608 1088 undeadilurii,
621 1018 660 1075 ita
673 1018 814 1075 homones
824 1012 958 1086 pontisas
971 1012 1042 1085 regit
1056 1010 1207 1068 boriosam
1264 1025 1395 1081 praeese,
1411 1011 1531 1081 subesse,
1548 1029 1637 1085 orare,
1651 1012 1765 1084 offerre,
1782 1018 1943 1090 predicare,
1956 1020 2069 1092 dooere,

411 1114 440 1172 in
453 1111 577 1169 lluctibus
590 1104 806 1175 sermonibus
822 1102 941 1175 utrisque
955 1100 1114 1173 proeminet
1127 1100 1210 1157 Chri·
1267 1098 1416 1171 baptisare,
1432 1101 1605 1174 benedicere,
1621 1106 1865 1179 excommunicem,
1881 1110 2071 1179 reconciliare,

411 1212 483 1265 stus:
502 1200 548 1273 qni
584 1198 723 1267 uniusque
753 1190 918 1249 leuamenti
944 1188 1083 1264 legislator
1110 1196 1160 1257 sat,
1182 1194 1212 1244 ct
1266 1203 1379 1261 umere,
1398 1190 1613 1261 communicare,
1639 1192 1747 1250 animas
1773 1194 1831 1252 Deo
1858 1198 2072 1268 commendare,

409 1295 532 1363 otroprec
538 1289 608 1363 facit
621 1300 712 1343 oouoe
730 1281 842 1355 (Epiros.
853 1294 884 1347 11,
897 1280 941 1350 ll)
955 1296 962 1341 ;
978 1294 1101 1334 summus
1115 1277 1210 1333 Peter·
1267 1278 1530 1351 corporascpelirc:
1545 1279 1694 1353 dequibus
1720 1283 1835 1358 cingulie
1848 1288 2074 1357 mmm

409 1378 539 1443 lumiliss,
553 1375 600 1451 qui
614 1372 779 1433 excubantes
788 1368 904 1425 fideliter
916 1367 945 1423 in
965 1367 1017 1424 hoc
1032 1364 1209 1422 tebomaculo
1267 1368 1765 1441 aet.Proearseerposaoerdctisast;
1792 1371 1865 1443 justa
1896 1372 1932 1429 de
1948 1374 2067 1448 singuiis
2160 1421 2161 1436 ,

409 1465 559 1525 honorifice
572 1460 727 1523 coronatio
741 1472 841 1533 regno.
861 1454 1042 1529 Coniumitur
1055 1460 1148 1510 autem
1159 1452 1215 1509 irn-
1268 1452 1400 1525 subjecos
1413 1455 1571 1528 decernere,
1586 1459 1772 1529 penitentiam
1786 1468 1861 1519 recte
1874 1469 1903 1517 et
1914 1462 2074 1521 msericor-
2160 1453 2161 1460 ’

408 1563 520 1631 perator
533 1568 626 1628 pape.
637 1566 687 1608 rex
697 1546 820 1623 primati,
832 1545 888 1602 dux
902 1541 1110 1617 archipontifici,
1122 1556 1216 1599 comes
1269 1542 1340 1599 diter
1353 1543 1509 1618 iniungere,
1517 1554 1545 1601 et
1554 1547 1707 1619 precipere
1716 1557 1870 1607 mamete.
1880 1551 2073 1610 Subcsrcrem

410 1646 552 1720 episcopo,
569 1640 647 1700 miles
660 1634 884 1708 sacerdotique
906 1633 964 1691 istm
986 1646 1109 1704 persone
1138 1645 1217 1703 pares
1269 1638 1320 1701 est,
1335 1632 1466 1705 episcopo
1479 1650 1514 1691 ex
1528 1635 1620 1692 animo
1635 1636 1772 1693 bumilisri
1786 1646 1813 1695 at
1826 1640 1941 1697 servire.
1961 1639 2073 1713 opem

411 1733 456 1791 llis
472 1729 654 1789 secularibus
671 1727 735 1799 jure
752 1724 945 1781 decernuntur.
1270 1726 1361 1777 autem
1372 1722 1433 1792 eius
1447 1729 1508 1788 eat;
1528 1739 1628 1794 panem
1647 1734 1676 1782 et
1688 1727 1781 1782 riuum
1792 1742 1853 1784 oum
1865 1744 1939 1801 aque
1953 1729 2072 1804 ungulis

449 1819 590 1894 Erpeditis
623 1830 693 1889 ergo
721 1809 898 1871 incommuoi
916 1807 1098 1880 speculatione
1112 1806 1218 1881 liguris,
1270 1807 1368 1865 dicbus
1379 1808 1531 1879 immolare,
1546 1820 1572 1868 et
1586 1813 1615 1868 in
1628 1813 1771 1870 solemniis
1787 1817 1822 1873 Tc
1836 1817 2071 1887 Deum,ctDcrse·

413 1918 441 1969 et
461 1906 592 1966 membris
617 1912 645 1962 et
671 1902 759 1975 capite
788 1899 930 1968 Ecclesioe,
952 1913 1022 1954 nuno
1040 1898 1087 1971 qui
1105 1896 1220 1970 singuiis
1270 1897 1374 1969 Dolor,
1388 1908 1414 1955 et
1429 1900 1600 1973 llopotficat,
1616 1909 1644 1958 et
1656 1910 1721 1959 ante
1729 1902 1894 1961 mondoum
1908 1905 1974 1962 tbus
1988 1924 2074 1979 snper

414 1997 555 2056 ordinibus
564 1992 711 2053 conveniat
721 1990 897 2063 explicemus.
910 1987 1151 2059 conjungatorum
1166 1992 1218 2051 est,
1272 1994 1299 2043 ca
1312 1989 1386 2044 circs
1416 1986 1501 2046 altem
1530 1999 1558 2046 et
1576 1990 1740 2049 sacrificium
1758 1992 1915 2051 incendere.
1936 1996 2074 2053 Dieeonus

411 2087 516 2145 nullam
530 2098 616 2157 usque
630 2082 658 2137 iu
671 2087 779 2139 sextam
794 2077 837 2135 vel
852 2076 933 2134 etiem
951 2075 1093 2147 septimum
1109 2089 1212 2147 proge-
1225 2075 1254 2141 Β
1269 2076 1341 2131 enim
1350 2086 1413 2133 ente
1423 2077 1602 2151 Evangelium
1616 2081 1844 2138 incensetaltare.
1857 2084 1944 2140 Drorc
1957 2100 2071 2159 quoqne

413 2175 486 2231 niem
497 2168 689 2247 sanguinesibi
696 2166 933 2238 conjunctum,nut
941 2163 981 2219 illi
996 2178 1076 2234 quam
1092 2163 1218 2220 babuerit
1271 2164 1357 2235 ipsius
1370 2174 1428 2229 est;
1445 2166 1607 2238 suppliciter
1616 2168 1704 2225 Deum
1718 2168 1836 2228 adorare
1849 2171 2008 2242 (utiactura
2014 2176 2075 2241 etse)

414 2270 551 2336 autunum
562 2251 1217 2329 hebuitsibiprosimus,relcorometremduoero
1271 2260 1298 2309 et
1311 2268 1364 2324 pro
1378 2253 1548 2310 edmirandis
1565 2257 1822 2328 operibuslaudarc,
1844 2266 1872 2315 et
1898 2257 2074 2331 benedicere,

413 2366 528 2411 uxorem
540 2368 547 2413 ς
559 2364 622 2407 oum
636 2344 814 2419 quibusenirn
823 2342 907 2400 semel
919 2342 1011 2413 juncta
1025 2348 1067 2397 est
1084 2340 1216 2410 Ecclesia,
1271 2357 1322 2415 pro
1340 2342 1477 2416 perceptis
1494 2342 1636 2401 beneficiis
1652 2346 1756 2419 pretias
1766 2356 1896 2420 aporema
1912 2364 1964 2421 pro
1981 2352 2074 2422 perri·

417 2456 480 2500 oum
499 2438 601 2497 eisdem
621 2436 718 2493 iterum
737 2434 869 2505 replicsre
887 2430 1011 2487 illicitum
1039 2430 1105 2487 dicit
1124 2428 1220 2504 [ducit]
1270 2430 1538 2503 piendisdeprecari.
1552 2432 1632 2504 Quod
1643 2440 1730 2491 totom
1739 2436 2075 2495 marimeinoelebrandis

420 2526 551 2588 Ecclesia.
565 2524 725 2599 eonjuparis
738 2522 818 2579 etiem
833 2527 999 2593 preceptum
1014 2527 1063 2588 est,
1080 2525 1145 2575 utet
1165 2518 1218 2591 ipsi
1272 2520 1347 2577 horis
1364 2522 1488 2577 etmiaea
1510 2522 1667 2596 peremtum
1693 2523 1729 2579 do
1747 2525 1854 2595 quibus,
1870 2526 1935 2599 quia
1953 2527 2075 2585 breviter

417 2617 529 2677 domurn
543 2614 654 2672 Domini
671 2612 851 2685 frequentent,
862 2608 1047 2681 ibiqucDeurn
1062 2607 1221 2679 suppliciter
1271 2624 1326 2666 nou
1351 2617 1450 2682 potest,
1469 2611 1498 2665 in
1515 2611 1691 2683 sequentibus
1708 2614 1881 2671 mactabitur.
1913 2616 2074 2675 Prodicorc

415 2706 532 2765 odorent
546 2712 571 2762 et
585 2708 745 2777 precentur3
761 2698 905 2773 primitias,
920 2696 1083 2766 oblationes,
1099 2703 1125 2755 et
1140 2696 1217 2752 deci-
1271 2698 1352 2754 mam
1366 2698 1427 2769 ejus
1436 2706 1496 2763 est;
1514 2700 1641 2773 gentiles,
1660 2699 1780 2772 Judaeos,
1797 2701 1922 2761 infideles
1937 2705 1983 2761 rel
1997 2714 2075 2763 cete·

417 2812 480 2853 mus
498 2809 561 2851 sues
578 2790 694 2849 fideliter
712 2787 887 2862 persolvunt:
907 2785 980 2843 mala
1007 2786 1121 2843 solerter
1137 2785 1217 2842 deri·
1270 2788 1421 2845 ohumenos
1434 2788 1472 2844 etl
1486 2788 1603 2862 gretiam
1614 2790 1743 2861 baptismi
1756 2805 1866 2861 uocare,
1883 2800 1910 2849 et
1928 2794 2073 2852 hereticos

412 2890 481 2955 tent,
501 2882 575 2941 bona
593 2879 782 2938 desideranter
798 2876 952 2946 inquirant,
975 2874 1131 2933 eromuino
1150 2890 1216 2948 pns-
1270 2874 1478 2933 adcatholicem
1491 2876 1577 2935 fidem
1588 2894 1732 2937 revocare.

412 2973 515 3031 toribus
528 2970 584 3029 suis
597 2968 739 3027 obedient.
1305 2962 1457 3034 Depltsorc
1470 2962 1604 3033 cissent:
1620 2964 1787 3021 exorcizatos
1795 2965 1949 3037 credentes,
1959 2974 1988 3025 et
2004 2982 2071 3025 sen·

450 3062 639 3120 Ostiorioroos
658 3071 725 3113 vero
752 3062 803 3125 est,
822 3062 911 3112 certes
933 3054 1015 3111 boras
1044 3050 1216 3109 obserreodo
1269 3056 1343 3106 cmm
1356 3050 1516 3107 Trinitatem
1528 3050 1698 3121 confitentes,
1712 3053 1763 3109 sub
1780 3054 1851 3111 trina
1868 3056 2007 3113 mersione
2022 3074 2071 3113 sa·

416 3148 570 3221 desipuere,
586 3152 614 3202 et
630 3144 783 3211 ecclesiam,
803 3159 866 3200 cum
885 3142 928 3197 his
945 3157 1005 3213 que
1022 3141 1051 3197 in
1073 3156 1105 3197 ea
1124 3141 1217 3198 reclu-
1270 3152 1318 3195 cro
1332 3138 1556 3213 sonuistinpere
1573 3140 1663 3211 Quod,
1683 3141 1788 3200 sioutet
1804 3141 1901 3213 mbsa,
1912 3144 1940 3200 io
1951 3144 2071 3202 ecclesia

416 3238 526 3304 duntur,
537 3250 646 3291 eernere
658 3252 665 3297 ;
678 3240 708 3289 ut
717 3231 932 3299 nullusludanus,
952 3230 995 3287 vei
1018 3228 1138 3301 pensilis,
1158 3229 1217 3286 sira
1270 3226 1352 3283 debet
1364 3226 1441 3293 fieri;
1460 3228 1512 3285 nisi
1530 3228 1673 3303 probibeat
1686 3231 1842 3288 necessitas
1858 3231 1892 3289 lit
1907 3233 2071 3292 sacrificium

415 3318 866 3393 catechumenus,horoseo1·ilioii
895 3318 1009 3392 intersit,
1036 3335 1087 3376 nco
1104 3318 1216 3377 omnino
1269 3316 1380 3389 quidem
1395 3319 1520 3391 corporis
1533 3326 1560 3376 et
1573 3319 1716 3392 sanguinis
1734 3320 1845 3379 Domini
1866 3337 1941 3395 sepe
1966 3320 2008 3392 lit,
2036 3323 2072 3380 ob

412 3415 489 3475 oanis
503 3423 550 3470 cut
563 3411 662 3484 aliquis
680 3409 838 3466 immundus
857 3407 915 3464 sire
938 3407 1162 3482 sanguinolentus
1185 3407 1215 3464 iu
1228 3427 1255 3494 0
1269 3407 1485 3464 recordationem
1509 3408 1645 3480 pussiooia
1663 3409 1735 3480 ejus,
1752 3410 1822 3470 sicut
1839 3411 1903 3484 ipse
1929 3412 2070 3485 prseoepit,

411 3521 473 3564 otm
487 3505 579 3569 intret,
590 3516 701 3569 cerere,
713 3497 961 3556 excommunicatos
980 3495 1134 3554 eliminare.
1161 3499 1215 3555 le·
1269 3494 1364 3551 diceus
1376 3497 1603 3571 :lloccstcorpor
1612 3513 1718 3565 mecm,
1728 3502 1758 3555 ct
1772 3501 1890 3572 romeis
1904 3516 1986 3558 oscus
1995 3503 2071 3558 :loec

411 3599 626 3654 stercorantem
637 3586 1213 3661 esteperteetdistincteineeclesisornnia,
1267 3585 2075 3658 tocite,quotiescunqoesnmitis,tomeomcooeoacoeoro·

414 3690 516 3758 praeter
524 3680 677 3753 Epistolern
686 3686 712 3734 et
724 3676 913 3749 Evangelium,
927 3676 1027 3748 lepore.
1048 3677 1215 3735 Dsorcisto-
1269 3675 1410 3746 tionem(l
1423 3675 1485 3732 Cor.
1499 3690 1541 3743 ιι,
1554 3678 1599 3746 nl,
1609 3677 1669 3747 25).
1688 3676 1825 3748 Daptismn
1837 3693 1905 3734 rero
1919 3694 1975 3735 nou
1989 3679 2071 3736 itera·

416 3789 484 3832 rtem
496 3778 536 3827 est
551 3771 642 3837 etiam,
656 3765 817 3824 fiducialiter
829 3764 981 3838 edjursndo
1003 3772 1029 3820 et
1056 3764 1216 3837 imponendo
1268 3769 1320 3831 tur,
1335 3778 1371 3819 ne
1384 3762 1520 3820 invocatio
1540 3772 1641 3822 sanoae
1659 3764 1799 3820 Trinitatis
1825 3765 1966 3823 esinenita
1989 3777 2071 3840 pute·

411 3861 440 3917 iu
457 3858 569 3917 nomine
583 3855 703 3921 Domini,
717 3854 753 3911 de
767 3853 884 3910 obsessis
897 3853 1057 3926 corporibus
1077 3853 1217 3910 demones
1267 3851 1397 3923 turrquie
1405 3852 1534 3910 Christos
1541 3868 1592 3928 pro
1599 3856 1835 3927 peccatisnostris
1844 3857 2073 3914 semelmortares

417 3947 556 4020 effugare3
586 3944 644 4002 sire
681 3941 868 3999 cetecbumeni
891 3941 955 4010 siut,
982 3942 1039 3997 sire
1067 3940 1212 4014 baptizoti.
1268 3944 1312 3997 cst
1323 3939 1351 4012 (l
1361 3942 1439 3998 Pctr.
1450 3957 1491 4011 ru,
1507 3941 1567 4012 le).
1585 3944 1689 4000 Docere
1703 3942 1766 4013 ejus
1778 3943 1998 4015 est3baptizstos
2006 3961 2073 4018 qua·

415 4038 593 4108 acolytorum
608 4039 658 4102 est,
673 4029 818 4086 luminaris
830 4030 910 4086 certis
922 4029 997 4085 horis
1019 4029 1168 4086 accendere
1189 4039 1218 4087 et
1268 4026 1332 4086 liter
1350 4037 1447 4086 contre
1463 4029 1621 4102 superbiam
1645 4031 1808 4103 bumilitate,
1836 4041 1934 4089 contre
1958 4035 2072 4091 inenem

414 4123 607 4196 exstinguero;
621 4117 714 4175 altaris
727 4115 1215 4175 etsooriliciinecesscriaedmsnum
1268 4117 1385 4190 gloriam
1408 4118 1574 4190 dejectione,
1598 4127 1694 4176 contra
1714 4119 1844 4178 invidioso
1871 4119 2072 4192 benevolentia,

413 4209 575 4269 subdiaconi
589 4213 740 4282 properate
754 4207 864 4264 habere.
880 4208 968 4279 Atque
981 4207 1009 4262 bi
1023 4210 1140 4279 quatuor
1166 4223 1215 4264 or·
1267 4214 1364 4281 contm
1378 4207 1445 4264 num
1460 4207 1603 4278 modestis,
1632 4216 1731 4266 oontm
1758 4209 1894 4265 triabfiam
1921 4209 2071 4284 hilaritete,

411 4299 525 4358 dineein
537 4297 637 4357 officiis
646 4295 797 4354 suissolent
816 4295 894 4352 indui
911 4295 1135 4368 superhumerali,
1151 4296 1215 4354 elba
1267 4303 1364 4353 contra
1378 4295 1521 4352 avaritiam
1536 4295 1674 4371 largitate,
1689 4305 1783 4354 contre
1791 4297 2070 4371 prlemsbatinentis,

411 4397 438 4446 et
451 4388 571 4462 demto,
582 4393 609 4444 ct
623 4393 714 4444 temen
728 4391 841 4458 possunt
854 4384 955 4457 perimi
971 4384 1111 4459 oonJugio.
1266 4394 1366 4443 contre
1379 4386 1517 4442 lunonem
1526 4386 1650 4443 mutate
1662 4387 1830 4457 muniantur,
1842 4386 1991 4445 iustruere.
2006 4389 2072 4446 lianc

446 4477 687 4538 Subdiocorroruro
711 4482 762 4541 est,
784 4473 927 4546 epistolum
945 4473 1047 4546 legere,
1069 4487 1169 4547 aquam
1187 4481 1216 4531 et
1267 4475 1343 4532 enim
1362 4483 1424 4532 octo
1442 4475 1519 4542 vitia,
1539 4482 1566 4532 et
1583 4475 1675 4532 omnis
1702 4490 1763 4547 oue
1785 4491 1822 4533 cx
1846 4475 1887 4532 eis
1912 4485 2069 4548 emuntur,

410 4565 504 4626 vinum
511 4565 591 4624 calici
602 4562 756 4631 infundere,
764 4561 884 4620 oblatam
893 4570 998 4635 pateure
1014 4563 1163 4635 imponere,
1187 4569 1215 4620 et
1268 4564 1394 4637 quamvis
1424 4570 1536 4635 pecoeta
1555 4578 1610 4621 nou
1629 4565 1694 4632 sint,
1714 4572 1807 4621 tameo
1825 4579 1937 4637 semper
1954 4581 2071 4638 peccare

410 4655 453 4714 aio
466 4653 502 4712 ed
512 4653 597 4710 altare
611 4652 728 4710 diaoom
742 4651 868 4715 deierre;
882 4650 1024 4709 etidcirco
1038 4659 1128 4710 castos
1141 4669 1212 4710 esse.
1266 4660 1427 4726 suggerunt,
1435 4651 1504 4724 ipsis
1516 4651 1643 4710 videlicet
1655 4654 1830 4719 consentire:
1849 4653 1969 4726 mando
1986 4671 2069 4712 nem-

410 4745 480 4802 Cum
495 4741 660 4817 supradictis
685 4747 775 4798 autem
801 4739 934 4808 vestibus,
954 4740 983 4797 in
1001 4739 1113 4798 sinim
1130 4757 1212 4798 meno
1225 4787 1254 4854 D
1266 4755 1385 4813 qucum
1398 4740 1531 4798 consentit
1544 4739 1584 4797 eia
1595 4740 1712 4811 animus,
1728 4757 1904 4816 nequaquam
1923 4751 2069 4815 banspre·

409 4832 567 4901 lamonem,
582 4839 610 4888 et
623 4827 699 4904 quad
714 4843 827 4901 scopum
837 4828 1057 4901 impendielterc
1070 4837 1098 4886 et
1119 4829 1211 4904 quod·
1268 4827 1353 4900 ditur,
1368 4828 1418 4885 sed
1431 4828 1521 4901 potius
1531 4835 1685 4885 coronetur.
1701 4829 1804 4886 Docere
1818 4830 1901 4888 etiam
1913 4831 1983 4902 eius,
2007 4832 2069 4888 sin·

411 4921 476 4980 dem
489 4936 559 4980 onus
576 4917 685 4977 Domini
699 4916 895 4991 leveportent;
918 4923 946 4976 et
968 4917 1087 4974 tunicam
1114 4917 1213 4977 emetis
1265 4917 1338 4993 polis
1352 4917 1513 4987 Dominicis,
1528 4916 1628 4990 quibus
1641 4917 1669 4973 in
1682 4917 1857 4975 hebdomade
1870 4919 1967 4976 diebos
1980 4919 2069 4977 obsti·

410 5010 525 5068 msnicia
534 5009 562 5066 io
571 5005 710 5066 solemniis
719 5005 845 5062 induunt.
855 5005 1043 5064 Dlocooorum
1053 5005 1209 5064 estdicere:
1266 5021 1332 5064 nare
1346 5015 1374 5063 et
1387 5005 1485 5063 feriare
1495 5004 1589 5062 fideles
1602 5003 1730 5075 debesnt,
1745 5006 1906 5080 predicere.

410 5098 574 5172 Esiootpoi
591 5113 649 5156 ooo
659 5097 946 5164 oommcoicootret:
958 5096 1114 5153 Domitiots
1124 5096 1213 5154 oosod
1301 5095 1471 5152 benedicere
1484 5100 1584 5166 potest,
1598 5103 1732 5166 presente
1754 5095 1894 5169 episcopo,
1920 5111 2022 5170 aquarn
2041 5107 2069 5155 ct

413 5186 638 5244 benedictionem
643 5184 983 5257 rettiioms'litctecope'to
991 5186 1209 5250 oestroDeoret:
1265 5182 1307 5240 eal
1318 5183 1348 5240 in
1361 5182 1512 5240 Dominicis
1524 5181 1674 5246 esoerdos;
1690 5183 1881 5256 etprandium,
1892 5192 2067 5258 elapsurum,

411 5273 467 5345 lte,
475 5275 564 5332 mirso
572 5277 631 5340 αἱς
639 5281 666 5330 et
675 5290 681 5328 :
691 5273 894 5330 &medicemur
906 5271 1023 5330 Domino
1031 5279 1073 5342 ret
1082 5273 1212 5349 Erangc·
1264 5279 1292 5329 et
1305 5287 1446 5344 sponsam,
1462 5279 1490 5328 et
1503 5273 1621 5328 lecturos
1630 5271 1759 5329 lectiones
1765 5281 1866 5345 preter
1874 5273 2065 5347 Evangelium,

411 5362 479 5419 liom
492 5361 584 5435 legere
598 5368 626 5417 et
651 5362 838 5433 pronuntiem,
857 5359 993 5419 camilima
1010 5377 1092 5435 super
1109 5377 1211 5434 corpo-
1264 5368 1293 5417 et
1306 5363 1346 5434 (2)
1360 5375 1459 5433 aquam
1471 5359 1567 5431 judicii
1580 5360 1624 5416 vel
1637 5375 1737 5432 penem
1750 5367 1778 5417 et
1791 5368 1900 5418 cetere.
1915 5362 1948 5416 ln
1960 5363 2067 5418 abuu-

413 5449 484 5509 retia
501 5456 629 5518 statuere,
644 5449 779 5506 secerdoti
793 5449 958 5520 ministrera,
972 5450 1130 5521 peecbalem
1160 5466 1211 5510 ce-
1264 5450 1303 5508 tia
1316 5465 1382 5507 vcro
1396 5447 1529 5522 episcopi,
1543 5455 1636 5520 potest
1650 5448 1811 5506 benedicere
1823 5465 1956 5507 coronam
1970 5449 2067 5508 clerici

413 5555 490 5598 reum
498 5536 660 5595 benedicere
672 5554 678 5600 ;
691 5543 718 5593 et
727 5537 754 5593 in
762 5536 884 5595 absentia
897 5537 1047 5610 presbyteri
1062 5538 1210 5610 baptisare,
1264 5547 1293 5598 et
1305 5540 1396 5596 velum
1410 5537 1510 5607 vidus,
1526 5553 1612 5595 novos
1626 5537 1739 5606 fructus,
1755 5538 1886 5595 modeim
1896 5538 1925 5594 in
1935 5537 2067 5596 Poriliee·

413 5637 441 5687 ct
456 5629 541 5686 boras
558 5624 710 5695 celebrere,
736 5623 831 5681 stolam
859 5625 940 5682 etiem
963 5643 1044 5700 super
1072 5627 1211 5686 sinistrum
1264 5627 1338 5686 tione
1350 5633 1452 5683 senne
1464 5625 1567 5693 Mene,
1581 5625 1688 5684 cineres
1700 5625 1729 5681 in
1742 5625 1832 5697 capite
1844 5624 1953 5698 jejunii,
1974 5642 2067 5684 remos

412 5719 552 5775 humerum
567 5714 647 5784 tene,
657 5721 684 5771 et
699 5711 774 5770 indui
788 5713 934 5772 delmatica
948 5715 975 5772 in
989 5716 1167 5786 solemnibus,
1182 5718 1211 5776 id
1264 5717 1293 5773 iu
1305 5714 1451 5774 Dominica
1466 5714 1630 5787 Pelmarom,
1643 5722 1672 5773 et
1685 5715 1915 5790 peregrinaturos,
1935 5721 1963 5773 et
1976 5716 2065 5773 lemo-

410 5814 461 5876 cst,
477 5805 568 5864 tunica
582 5801 683 5877 emplis
697 5801 825 5860 manicis.
852 5804 885 5861 ln
907 5802 995 5864 lestiri
1018 5813 1109 5866 autem
1132 5806 1211 5880 Quu-
1264 5821 1324 5867 rom
1338 5803 1531 5879 Kreopolon,
1546 5803 2066 5880 etpcputumcundimioitcr;aqmm

446 5927 487 6002 (t)
500 5925 570 5988 Vide
582 5924 670 5986 tmesi
683 5923 823 5987 obsemt.
837 5923 874 5982 ad
885 5923 966 5998 epist.
982 5925 1017 5984 nt
1030 5925 1130 5986 tronis.
