4750 6725
425 625 477 685 tte

927 623 1081 682 ElellElll
1101 620 1380 680 Cdlll'UlllllENSlS
1398 621 1558 679 nonncffl

2026 616 2082 674 llo

424 750 521 820 injuria
548 753 582 808 de
604 768 653 808 suu
680 752 714 806 sit
728 757 799 808 terra
813 751 949 822 expulsus,
979 749 1127 805 reverenda
1155 745 1370 806 voccAauditu
1379 747 1479 815 edocti,
1496 761 1568 803 nunc
1595 761 1657 802 eom
1685 745 1761 802 tacto
1787 759 1817 800 sc
1845 741 1962 815 experiri
1986 741 2084 815 gavisi

425 839 551 897 innotuit.
576 841 640 896 Cum
658 840 739 911 igitur
765 840 798 894 ed
827 839 969 909 imperium
995 839 1052 909 ejus
1077 837 1221 893 anselmus

427 935 527 1000 praesto
537 934 610 982 esset
619 935 698 982 more
713 927 852 998 quaestioni
871 943 932 980 mox
945 926 1121 997 respondere,
1134 924 1221 979 risum

427 1015 563 1071 nonnullis
576 1021 617 1069 est
635 1015 729 1069 melius
753 1014 809 1070 lore
821 1014 848 1068 in
864 1014 1016 1070 crastinum
1036 1029 1092 1069 rem
1108 1012 1221 1080 ditlerri,

428 1101 659 1172 quoliberioribns
680 1102 781 1157 animis
808 1103 923 1158 dicenda
941 1102 1093 1172 expeditius
1119 1116 1222 1175 propo-

1276 843 1348 901 sunt,
1364 836 1429 891 dum
1444 836 1518 890 illum
1534 843 1560 891 et
1574 851 1624 905 pro
1640 835 1715 890 malo
1729 833 1833 890 bonum
1848 831 1972 899 reddere,
1993 835 2021 887 et
2029 844 2083 902 pro

1277 933 1458 996 persequente
1469 941 1499 979 se
1512 939 1567 979 non
1581 922 1644 980 tiela
1671 923 1763 978 vident
1786 937 1868 993 prece
1895 919 2079 976 intercedere.

1276 1013 1449 1080 admirabilis
1464 1013 1556 1085 itaque
1568 1012 1701 1068 urxiversis
1717 1012 1804 1066 faetus
1814 1018 1864 1066 est.

1313 1103 1384 1156 Inter
1398 1103 1456 1157 haee
1471 1119 1523 1173 ego
1538 1101 1609 1156 l‘atri
1626 1117 1674 1172 per
1689 1100 1780 1156 omnia
1808 1113 1929 1171 praesens
1959 1098 2085 1168 oderam,

427 1197 564 1244 nerentur.
581 1189 609 1242 ln
619 1190 738 1245 crastino
766 1190 856 1261 itaque
873 1191 1004 1247 maturius
1015 1198 1149 1245 contentu
1169 1188 1223 1243 dis·
1274 1198 1387 1264 paratus
1402 1190 1529 1246 videlicet
1544 1190 1576 1244 ad
1587 1188 1727 1244 servitium
1742 1188 1812 1258 ejus.
1830 1188 1864 1242 Et
1878 1186 1940 1259 quia
1955 1186 2023 1240 mihi
2047 1185 2085 1239 ab

425 1277 526 1349 posito,
538 1278 682 1332 anselmus
692 1295 725 1333 ex
740 1280 866 1336 condicto
881 1279 1001 1334 debitum
1017 1279 1122 1334 solvere
1132 1285 1224 1348 postu·

426 1365 496 1420 lotus
510 1373 561 1420 est.
579 1366 702 1421 Surrexit
717 1383 782 1440 ergo
797 1375 824 1422 et
838 1383 931 1422 coram
947 1368 1081 1422 universis
1109 1366 1136 1420 in
1151 1367 1224 1421 edito

427 1459 513 1521 stans,
530 1453 569 1508 sic
583 1454 616 1508 de
630 1456 752 1528 negotio,
762 1465 873 1527 regente
894 1471 941 1512 eor
969 1465 993 1510 et
1018 1455 1137 1528 linguam
1167 1455 1226 1524 ejus

428 1541 528 1612 Spiritu
557 1550 659 1611 saneto,
689 1545 822 1612 tractavit,
837 1543 974 1613 disseruit,
988 1544 1112 1611 absolvit,
1142 1553 1171 1598 ut
1198 1544 1226 1597 in

427 1629 489 1700 ipso
504 1639 637 1686 conventu
651 1648 730 1688 nemo
745 1632 872 1688 existeret
887 1633 932 1704 qui
948 1650 1001 1688 non
1017 1633 1079 1688 inde
1099 1632 1151 1687 sibi
1179 1649 1225 1686 su-

428 1718 563 1774 tistaetum
589 1719 761 1776 consentiret.
787 1721 840 1777 Sed
865 1722 962 1791 quibus
981 1722 1034 1777 boc
1048 1721 1225 1792 argumentis,

429 1806 530 1876 quibus
540 1807 699 1874 rationibus,
711 1810 844 1880 quibusve
860 1810 959 1864 divinae
972 1811 1117 1881 Scripturae
1131 1818 1227 1865 aucto-

428 1893 551 1950 ritatibus
566 1900 592 1951 et
606 1898 739 1967 exemplis
757 1899 851 1970 egerit,
872 1898 994 1953 scribere
1021 1898 1229 1969 supersedemus

429 1997 462 2038 eo
478 1983 549 2054 quod
565 1984 681 2056 ipsemet
695 1987 836 2042 anselmus
845 1987 1018 2058 postmodum
1034 1986 1227 2060 indediligen-

1278 1277 1391 1334 inteutIa
1405 1279 1450 1334 hie
1466 1286 1601 1344 moserat,
1620 1293 1728 1348 semper
1751 1290 1826 1331 nova
1840 1291 1901 1347 quae
1925 1272 2005 1342 torte,
2034 1273 2085 1327 sed

1278 1367 1395 1422 maxime
1405 1366 1433 1420 in
1445 1366 1648 1432 ecclesiasticis,
1663 1365 1844 1421 occurrebant
1858 1362 1984 1436 diligenti
1992 1361 2085 1417 inteo-

1279 1455 1352 1510 tione
1366 1456 1551 1520 considerare,
1564 1471 1596 1511 ac
1606 1454 1745 1510 memoriae
1760 1451 1963 1520 commendare,
1987 1450 2087 1522 dispo-

1279 1544 1359 1598 situm
1374 1544 1530 1613 concilium,
1546 1545 1606 1599 loce
1621 1551 1647 1599 ct
1662 1543 1771 1618 ordines
1786 1557 1977 1613 personarum,
1987 1540 2088 1595 modos

1281 1637 1307 1690 et
1323 1633 1540 1688 examinationes
1554 1648 1698 1688 causarum
1727 1631 1836 1688 curiosa
1851 1629 1966 1685 tortasse
1994 1628 2087 1700 tnagis

1282 1739 1361 1792 quam
1377 1721 1471 1794 sagaci
1487 1729 1577 1778 mente
1592 1730 1617 1777 et
1632 1721 1721 1788 oculo,
1744 1719 1808 1776 hinc
1829 1717 1894 1775 inde
1923 1724 2016 1789 utpote
2040 1716 2088 1786 qui

1281 1827 1419 1880 uunquam
1434 1810 1509 1881 prius
1524 1808 1588 1865 talia
1602 1809 1735 1877 videram,
1758 1809 1882 1863 modesto
1896 1807 1994 1862 intuitu
2017 1820 2089 1862 con·

1282 1898 1409 1954 sideravi.
1427 1900 1496 1954 Eece
1511 1904 1613 1964 autem,
1634 1914 1696 1955 eom
1712 1897 1766 1952 illis
1780 1896 1963 1964 intenderem,
1992 1909 2092 1951 occur·

1282 1987 1327 2055 rit,
1344 2003 1423 2058 quern
1439 1997 1519 2044 antea
1534 1988 1603 2043 bene
1618 2002 1760 2054 noueram,
1777 1986 2000 2057 archiepiscopus
2027 1982 2091 2039 Be-

432 2070 482 2126 tius
497 2078 577 2144 atque
591 2073 714 2129 subtilius
728 2081 856 2144 tractans,
873 2074 1013 2148 egregium
1026 2076 1142 2146 opuste)
1158 2075 1228 2129 seri·
1243 2099 1270 2160 B
1284 2083 1451 2131 net-‘entanus
1462 2076 1509 2147 (b),
1525 2093 1611 2148 cappa
1637 2092 1694 2146 prae
1709 2074 1838 2130 omnibus
1863 2071 1912 2146 qui
1940 2072 2093 2128 conventui

430 2159 493 2230 psit,
509 2161 589 2230 idque
603 2178 654 2232 per
681 2162 765 2218 multa
779 2166 912 2219 terrarum
940 2165 1011 2233 loca,
1027 2163 1074 2220 ubi
1101 2164 1229 2234 ejusdem
1284 2164 1336 2236 ipsi
1350 2163 1496 2220 intererant
1508 2163 1660 2236 pretiosiori
1670 2164 1823 2220 decoratus.
1838 2162 1914 2232 Papa
1944 2161 2020 2218 enirn
2035 2175 2093 2215 non

430 2248 528 2304 erroris
542 2249 613 2305 lame
626 2252 758 2322 pervenit,
775 2252 915 2309 abamieis
930 2253 1104 2326 suisrogatus
1120 2252 1227 2306 direxit.
1284 2268 1381 2324 cappa,
1398 2252 1446 2308 sed
1460 2252 1553 2308 casule
1563 2261 1589 2308 et
1599 2250 1681 2324 pullio
1707 2251 1824 2320 desuper
1846 2250 1988 2305 redimitus
2017 2265 2091 2303 eon-

430 2335 503 2408 Ergo
518 2337 562 2391 ubi
579 2337 659 2393 linem
675 2339 781 2394 dicendi
797 2340 869 2408 terit,
885 2340 1027 2396 intendens
1042 2340 1069 2394 in
1082 2357 1230 2396 eumsum-
1283 2341 1346 2397 cilio
1360 2340 1531 2413 presidebat.
1548 2342 1609 2412 Ego
1624 2340 1709 2414 igitur
1721 2339 1827 2394 intuens
1840 2354 1959 2410 cappam
1982 2336 2092 2393 antisti-

431 2439 490 2479 mus
501 2426 634 2496 pontifex,
651 2427 687 2483 ait
703 2447 708 2481 :
727 2451 738 2477 ι
756 2429 929 2484 benedictum
957 2430 991 2484 sit
1012 2445 1059 2485 eur
1082 2437 1107 2484 et
1134 2445 1231 2484 sensus
1286 2429 1519 2498 tislteneventuni,
1535 2437 1561 2484 et
1584 2445 1654 2499 earn,
1684 2432 1712 2483 ut
1737 2427 1792 2482 dixi
1820 2427 1927 2483 ceteris
1954 2435 2092 2498 praestare

431 2519 502 2580 tuus,
518 2521 584 2570 etos
595 2523 620 2570 et
631 2531 721 2572 sermo
736 2517 789 2572 oris
809 2517 847 2572 tui
871 2518 906 2573 sit
929 2517 1096 2573 benedictus.
1123 2543 1134 2567 ι
1161 2517 1231 2573 Hinc
1285 2517 1464 2589 perspiciens,
1483 2516 1639 2574 recordatus
1654 2533 1713 2570 sum
1730 2516 1876 2572 verborum
1901 2531 1963 2586 quoe
1979 2529 2048 2585 puer
2074 2529 2091 2567 a

431 2601 458 2656 io
483 2601 563 2657 laude
588 2603 638 2659 viri
661 2605 831 2660 demoratum
859 2615 909 2674 est,
937 2615 962 2662 et
985 2606 1053 2661 tides
1067 2607 1126 2677 ejus
1150 2615 1230 2678 etque
1285 2606 1434 2662 senioribus
1448 2604 1577 2661 Eeelesiae
1588 2612 1696 2672 nostrae,
1708 2604 1805 2660 lidwio
1820 2604 1925 2660 scilicet
1940 2601 2090 2675 magnifico

431 2687 573 2759 prodentia
589 2691 728 2766 divulgata
743 2709 776 2750 ac
788 2695 970 2767 magnificate,
985 2711 1035 2752 nee
1061 2711 1115 2750 non
1131 2711 1230 2751 eorum
1286 2694 1344 2750 siro
1358 2695 1552 2763 blachemano,
1569 2703 1649 2764 etque
1661 2693 1814 2748 Formanno
1838 2693 1952 2762 aliisque
1967 2691 2090 2746 nonnul·

430 2776 554 2848 pertidia,
570 2780 593 2835 si
609 2781 654 2853 qui
671 2783 767 2846 forent,
784 2783 829 2853 qui
844 2799 876 2839 ea
891 2784 993 2856 quaede
1008 2783 1232 2855 propositaque·
1286 2783 1320 2837 lis
1333 2783 1398 2838 olim
1414 2781 1567 2839 audieram.
1583 2783 1713 2837 Solebant
1736 2781 1836 2836 etenim
1860 2780 1941 2836 iidem
1957 2794 2093 2836 memora·

433 2867 522 2922 stione
537 2867 629 2924 docuit
643 2871 778 2941 suscipere
792 2879 819 2927 et
846 2872 961 2927 eredere
988 2872 1100 2936 nollent,
1131 2886 1232 2942 expro-
1288 2872 1356 2927 biles
1370 2871 1420 2926 viri
1435 2887 1506 2942 saepe
1522 2886 1633 2926 narrare
1648 2870 1719 2942 quod
1735 2870 1811 2942 ipsis.
1830 2867 2024 2925 adolescentie)
2037 2867 2097 2938 pri·

431 2953 510 3010 brata
533 2971 566 3012 ac
603 2967 733 3030 perpetuo
770 2960 942 3016 anathemate
979 2974 1111 3031 pereussa
1151 2968 1233 3030 atque
1288 2958 1831 3033 mordiaegentibus.lmmatclregine,
1856 2957 1974 3029 rujusin
2003 2956 2097 3027 capite

433 3050 577 3112 Ρΐθὸῑΐθῑθ·
1288 3051 1369 3120 hujus
1384 3049 1476 3120 operis
1490 3049 1582 3103 habita
1598 3050 1699 3104 mentio
1723 3054 1774 3115 est,
1804 3048 1873 3102 inter
1900 3044 1988 3100 multe
2016 3045 2094 3100 bona

468 3131 636 3190 Procedente
652 3133 783 3208 deinceps
802 3137 907 3192 ratione
933 3135 967 3192 de
991 3153 1056 3210 rege
1083 3137 1234 3209 rlnglorum
1289 3155 1350 3210 quae
1366 3137 1497 3194 Ecclesire
1513 3137 1612 3192 Christi
1627 3135 1818 3191 Cantuariensi
1832 3134 1955 3200 contulit,
1971 3133 2092 3188 brachio

432 3234 523 3275 sermo
536 3223 693 3292 conseritur,
705 3231 731 3280 et
751 3225 859 3280 sinistra
882 3225 1007 3297 quaedarn
1035 3225 1069 3280 de
1097 3226 1157 3297 ipso
1182 3242 1232 3296 pu·
1288 3227 1359 3283 beati
1375 3226 1491 3298 apostoli
1506 3225 1706 3294 llnrttrotomrei,
1721 3224 1811 3296 ipsam
1828 3223 1988 3289 Ecclesiam,
2004 3222 2098 3293 dispo

433 3305 503 3363 blice
518 3310 710 3381 predicantur,
726 3313 852 3370 Aoselmo
869 3315 940 3370 inter
960 3313 1007 3370 ille
1023 3315 1144 3371 demisso
1158 3314 1236 3370 vultu
1290 3323 1370 3374 nente
1385 3315 1495 3371 domino
1510 3330 1558 3370 suo
1570 3314 1664 3370 Cnude
1683 3329 1749 3387 rege
1773 3312 1932 3386 lloglerum,
1957 3310 2095 3367 sublima-

433 3396 544 3453 sedante
559 3406 585 3454 et
599 3400 741 3472 loquentes
754 3402 829 3459 nullo
845 3402 935 3459 lavore
951 3411 1142 3475 prosequente.
1159 3404 1234 3458 lan·
1293 3406 1373 3461 verit.
1390 3404 1457 3473 Quae
1472 3421 1514 3458 res
1533 3404 1648 3475 qualiter
1657 3412 1715 3459 acta
1730 3403 1820 3469 tuerit,
1841 3404 1894 3457 lroe
1909 3402 1991 3457 modo
2005 3401 2097 3473 (quod

434 3482 496 3539 dem
511 3486 545 3542 de
560 3489 716 3546 venditione
740 3498 766 3547 et
784 3492 963 3564 oppressione
991 3492 1173 3549 Ecclesierum
1200 3456 1338 3565 decper
1363 3508 1505 3547 excessum
1535 3497 1633 3563 emptae
1661 3492 1824 3546 narrationis
1866 3491 1922 3546 dici
1959 3489 2098 3561 patienter

433 3574 530 3646 quibus
543 3576 615 3633 iuter
641 3580 693 3634 alia
717 3579 932 3653 vituperabatur,
962 3598 1046 3637 necne
1072 3581 1107 3636 de
1129 3580 1235 3650 injuriis
1287 3597 1379 3655 quaeso
1393 3581 1553 3652 accipiatur)
1570 3596 1624 3635 uno
1638 3597 1729 3650 sensu,
1742 3580 1801 3652 pari
1817 3578 1915 3634 ordine
1926 3577 2096 3634 referebant.

434 3664 563 3721 Anselmo
591 3666 673 3723 illatis
698 3670 865 3741 apostolicus
891 3670 991 3726 acriter
1031 3678 1139 3741 questus
1175 3678 1229 3724 est.
1288 3672 1432 3743 Tempore,
1449 3672 1605 3743 aiunt,quo
1617 3670 1673 3741 ipsa
1688 3668 1808 3737 domina,
1830 3668 1901 3724 sicut
1926 3667 2033 3739 regina,
2064 3668 2095 3722 in

436 3774 447 3799 ι
469 3750 556 3821 Quem
566 3765 720 3828 propterea,
737 3758 832 3828 inquit,
849 3758 931 3815 etiam
947 3759 1027 3831 regni
1052 3759 1092 3813 sui
1110 3758 1234 3813 tecitex·
1288 3775 1373 3833 regno
1401 3759 1551 3831 llnglorum
1578 3774 1676 3831 magna
1705 3765 1730 3814 et
1749 3766 1903 3829 prepotens
1930 3755 2094 3825 hebebatur,

433 3846 680 3916 torrem,quoniom
691 3846 788 3903 aboati
801 3848 870 3903 Petri
884 3848 1014 3903 fidelitate
1035 3854 1060 3902 et
1076 3847 1236 3901 obedientia
1287 3848 1411 3920 pontifex
1426 3848 1554 3903 Ecclesiae
1579 3848 1783 3903 Beneventenae
1799 3845 1873 3901 venit
1900 3846 1928 3899 in
1955 3844 2097 3918 Angliem,

364 3961 367 3967 ·
434 3931 706 4003 nequivitseparare.
725 3958 735 3983 ι
754 3936 785 3989 Et
804 3936 928 4007 adjecit:
949 3960 959 3983 ι
978 3936 1049 3992 Ecce
1078 3936 1131 3990 vita
1161 3935 1234 3989 illius
1289 3954 1379 4009 quem,
1396 3937 1539 4007 sicutipse
1554 3934 1906 4002 ter·ebat,immenislames
1926 3933 2095 4004 certisprae·

434 4018 539 4087 tyranni
554 4019 642 4089 qualis
657 4022 690 4075 ed
706 4024 883 4093 apostolicam
898 4024 988 4079 sedern
1005 4040 1077 4094 saepe
1092 4022 1232 4077 dilatoest.
1288 4026 1372 4097 sagiis
1386 4032 1468 4080 totam
1485 4025 1608 4095 Apuliam
1624 4022 1755 4080 attlieture
1785 4023 1831 4078 illo
1860 4022 2020 4090 deduxerat,
2048 4036 2097 4077 cu-

435 4102 868 4183 Cuiprocorrectionesuiplura
885 4112 1020 4167 multoties
1049 4114 1233 4169 cohortatoria
1289 4115 1365 4186 piens
1388 4112 1589 4184 aliquomodo,
1606 4113 1628 4166 si
1658 4128 1711 4168 non
1735 4119 1828 4183 posset
1855 4110 1903 4166 tuti
1932 4109 2094 4182 provincie),

435 4190 514 4248 simul
528 4196 867 4269 etcustigatoriasuasione
881 4200 1172 4267 verbamandavimus,
1184 4200 1234 4255 sed
1289 4203 1385 4258 saltem
1400 4202 1456 4257 suis
1470 4201 1575 4257 civibus
1590 4210 1692 4256 tantum
1709 4200 1810 4256 ma'um
1824 4200 1996 4271 propulsare.
2011 4200 2038 4252 ls
2056 4207 2101 4253 ter

436 4278 545 4337 atllietio
559 4291 643 4355 atque
659 4286 781 4357 depulsio
794 4288 861 4343 tanti
878 4288 939 4353 viri,
953 4304 1035 4360 quern
1051 4304 1144 4344 eoram
1154 4288 1233 4343 vide·
1289 4290 1430 4363 ingressus
1445 4290 1585 4345 brachium
1601 4288 1672 4343 beati
1688 4287 1878 4344 Berttrotomaei
1900 4286 2019 4358 apostoli
2046 4303 2097 4342 se-

436 4368 481 4439 tis,
497 4372 565 4427 satis
581 4372 667 4430 innuit
679 4384 807 4446 quantum
823 4374 991 4447 proficimus.
1021 4377 1061 4433 nd
1080 4379 1146 4447 haee,
1178 4377 1235 4431 tra·
1289 4396 1350 4435 eum
1367 4378 1474 4447 tulerat,
1491 4394 1540 4447 spe
1554 4377 1606 4432 sibi
1617 4384 1689 4433 certa
1706 4378 1864 4448 promittens
1890 4392 1920 4431 se
1948 4392 1999 4448 per
2025 4374 2098 4430 illud

437 4467 498 4528 tres,
516 4460 580 4531 quid
602 4463 824 4534 sentitis‘tQuid
852 4466 1232 4522 decernitis‘llllixerunt:
1289 4467 1559 4523 mrrltalueraturum.
1587 4466 1660 4522 ldem
1689 4465 1789 4538 quippe
1803 4464 1958 4529 brachium,
1988 4464 2094 4519 obbo·

439 4570 450 4595 ι
468 4548 604 4607 Sententia
620 4551 702 4623 plena
716 4559 756 4608 est
770 4562 797 4609 et
815 4554 947 4625 judicium
977 4554 1098 4611 evidens.
1116 4555 1146 4609 Si
1162 4556 1235 4609 enim
1286 4554 1406 4625 jusmodi
1417 4554 1645 4610 necessitudinem
1660 4553 1844 4609 contrahenda
1865 4551 2099 4622 subsidioinipsa

436 4638 529 4707 semel,
545 4639 570 4693 ai
586 4642 716 4709 seeundo,
731 4642 753 4697 si
769 4642 964 4710 tertiot'oeasti,
985 4652 1011 4699 et
1021 4642 1108 4700 renuit
1122 4643 1234 4709 audire,
1290 4645 1405 4701 ecclesia
1422 4643 1565 4699 Beneventi
1580 4660 1597 4697 a
1611 4643 1715 4713 reliquo
1730 4658 1848 4712 corpore
1862 4640 2023 4696 servabatur
2048 4658 2099 4696 re-

437 4727 708 4799 renuitdiseiplinam
723 4731 856 4803 accipere,
877 4740 961 4787 restet
988 4732 1235 4805 ut,gla:tiusancti
1290 4740 1403 4788 metunt.
1423 4730 1573 4803 Episcopus
1588 4732 1688 4802 itaque,
1718 4731 1828 4786 transita
1854 4729 1941 4796 ltalia,
1972 4727 2046 4785 venit
2070 4729 2103 4783 in

439 4816 509 4871 Petri
521 4818 571 4872 sub
586 4820 765 4875 anathematis
787 4820 840 4874 ietu
869 4836 1024 4891 pereussos,
1053 4821 1124 4891 quod
1141 4809 1417 4888 rrreruitDGalliam,
1434 4837 1496 4893 quae
1512 4820 1562 4874 sibi
1578 4820 1867 4890 elabantorgratanter
1893 4818 1995 4888 ubique
2024 4816 2102 4874 bena

436 4907 543 4974 sentiat,
560 4904 646 4963 donee
660 4923 674 4962 a
690 4923 739 4963 sua
755 4907 887 4979 pravitate
903 4908 1033 4965 discebat.
1049 4909 1233 4979 ellespondit:

441 5014 451 5041 ι
469 4994 508 5047 lta
523 5002 575 5048 est.
592 5020 602 5043 ι
620 4996 738 5051 Audiens
752 4997 810 5053 hee
836 4998 980 5052 Ansetmus
1009 4998 1082 5052 illico
1110 4999 1236 5066 surrexit,

438 5087 464 5133 et
478 5080 556 5135 tlexis
570 5082 686 5153 genibus
700 5100 790 5140 eoram
807 5102 878 5157 papa
901 5085 1042 5156 praetatum
1059 5102 1153 5157 regem
1180 5087 1237 5157 jum

439 5174 503 5223 tunc
517 5172 752 5227 excommunicare
767 5181 871 5243 parato,
888 5175 932 5227 vix
947 5174 1064 5229 obtinuit
1093 5191 1126 5229 ne
1143 5175 1169 5228 in
1197 5190 1238 5229 re-

438 5270 501 5326 gern
516 5256 620 5313 taceret
635 5260 710 5330 quod
725 5262 876 5317 communis
890 5262 1012 5317 omnium
1029 5262 1162 5317 sententia
1177 5278 1238 5333 pro·

439 5343 579 5416 mulgarit.
595 5344 646 5415 Qui
658 5362 725 5419 argo
741 5348 888 5405 bonitatem
910 5350 958 5407 viri
974 5351 1031 5407 solo
1046 5350 1120 5421 prius
1132 5351 1240 5405 luerent

1293 4910 1454 4981 suscipiens.
1462 4908 1557 4964 Audita
1573 4924 1638 4963 sero
1653 4907 1745 4961 divitis
1755 4907 1825 4962 tama
1836 4906 1914 4979 regni
1929 4905 2100 4979 auglorum,

1293 5007 1364 5053 ratus
1377 5005 1418 5053 est
1433 4996 1483 5051 sibi
1499 5012 1531 5052 eo
1547 4995 1788 5068 progrediendum,
1805 5010 1839 5050 ex
1849 4994 1964 5050 alierum
1993 4996 2102 5050 exenti-

1292 5087 1343 5141 bus
1365 5101 1478 5157 sperans
1502 5102 1532 5140 se
1547 5085 1602 5141 illie
1615 5084 1733 5157 amplius
1751 5084 1855 5139 caeteris
1883 5082 2102 5155 regionibusac-

1292 5174 1467 5246 quisiturum.
1482 5174 1598 5228 l‘rmtata
1617 5188 1726 5245 quoque
1752 5171 1845 5244 regina
1858 5170 1952 5245 magni
1980 5171 2103 5228 nominis

1293 5269 1318 5317 et
1333 5262 1478 5333 divulgctae
1493 5262 1571 5317 tanrae
1584 5259 1735 5316 habebatur
1750 5277 1757 5323 ;
1776 5250 1856 5330 quarn
1877 5258 1987 5315 bonitas
2000 5273 2061 5330 soa,
2071 5270 2102 5316 et

1293 5367 1344 5421 qun
1360 5366 1443 5421 super
1456 5349 1592 5407 Ecclesiae
1607 5348 1770 5420 respiciebat
1779 5348 1921 5423 largitasei
1936 5356 2099 5420 pepererat.

1094 5446 1307 5504 HENSCHENII
1326 5447 1439 5504 NOTAE.

475 5543 515 5615 (o)
529 5544 586 5599 lloc
601 5553 641 5601 est
650 5544 821 5617 opuseulum,
837 5547 913 5617 eujus
927 5554 969 5602 est
996 5546 1097 5603 mentio
1111 5546 1138 5601 in
1167 5546 1237 5611 Vita,

440 5630 515 5670 num.
534 5618 577 5681 tu,
594 5616 640 5672 lib.
655 5632 684 5685 n,
702 5622 832 5685 tanquam
860 5620 888 5671 io
910 5618 1016 5673 llarensi
1046 5616 1160 5673 coneilio
1177 5616 1239 5671 lau-

440 5686 503 5741 dati.
519 5689 559 5741 An
576 5686 641 5743 illud
657 5687 698 5743 eui
714 5686 814 5753 titulus,
832 5686 888 5743 Cur
905 5691 976 5745 oeus
1000 5690 1106 5745 bomo?
1120 5688 1197 5755 eujus
1211 5687 1240 5741 in

439 5758 587 5883 campalbia
609 5758 741 5815 elaborati
767 5757 869 5815 mentio
894 5758 924 5815 fit
946 5760 1083 5831 praecitato
1112 5760 1183 5815 libro
1206 5773 1237 5827 n,

439 5846 514 5971 unffi).
526 5872 575 5957 llic
590 5908 647 5957 eret
661 5899 807 5969 ltotlridus,
835 5916 867 5957 ex
892 5901 1060 5975 principibus
1075 5902 1238 5981 longobar-

1294 5548 1402 5617 dorum,
1431 5544 1477 5616 qui
1502 5543 1573 5599 sedit
1596 5543 1630 5599 sb
1650 5558 1724 5599 anno
1748 5543 1818 5599 toto
1834 5558 1920 5613 osque
1944 5543 2101 5598 adsonem

1296 5620 1468 5756 ¹¹(ocb'lmma
1482 5686 1607 5741 materS.
1626 5684 1809 5753 Edtsardi,ad
1821 5684 1899 5755 cujus
1916 5684 2006 5739 Vitam
2018 5685 2098 5740 Sla-

1295 5759 1382 5813 nuarii
1394 5759 1520 5829 plurima,
1537 5757 1572 5812 de
1595 5771 1628 5811 eo
1647 5764 1675 5811 et
1689 5770 1754 5828 rege
1763 5756 1841 5811 Cnud
1856 5756 1941 5822 dicta,
1955 5754 2013 5829 tegi
2026 5771 2100 5826 pos-

1295 5827 1679 5957 ibibbtsbbbetbuxbbfgadmem
1702 5825 1835 5898 principle
1849 5826 1911 5883 libri
1925 5842 1935 5881 ι
1951 5842 2014 5882 eum
2040 5841 2098 5889 no-
