4750 6725
349 554 401 609 605
842 554 905 611 tta.
921 554 969 611 DE
983 555 1011 611 S.
1028 557 1180 613 nttssstttt
1195 558 1500 619 stttttttttbmtntts.
1941 569 1993 623 606

348 669 466 736 audisse,
482 685 585 741 suaque
610 678 704 727 sancta
732 686 814 725 manu
842 680 869 727 et
891 672 1048 728 auctoritate
1073 689 1145 728 exo·
1160 669 1188 732 A
1205 676 1420 731 commendasse.
1451 678 1491 733 Sit
1505 676 1589 751 igitur
1603 678 1676 735 Deus
1697 676 1855 737 benedictus
1868 680 1896 737 in
1908 682 1999 737 omui-

347 757 480 814 minatum
494 758 613 829 posteris
628 760 662 815 ad
687 760 922 816 transcribendum
950 776 983 816 ac
1002 762 1149 835 legendum
1203 764 1263 821 bus.
1277 766 1373 820 Amen.

711 1103 1146 1250 annuant
1189 1107 1632 1252 ttotttuttt

1083 1344 1246 1421 LIBER

360 1536 465 1680 DE
514 1535 789 1682 stuttt
837 1536 1183 1683 lltstltntt
1237 1528 1981 1697 sttttttttttttttttttts”'.

998 1786 1323 1801 Ἢ

611 1910 723 1967 CAPUT
738 1911 884 1967 PRIMUM.

562 1999 600 2055 De
613 2001 722 2072 triplici
736 2002 882 2056 volentate
897 1997 938 2054 ”’.

1205 1915 1320 1971 ctionem
1339 1916 1368 1945 ²⁸⁰
1383 1925 1409 1973 ct
1424 1916 1458 1973 ud
1474 1918 1620 1974 volendum
1636 1920 1771 1991 optanda:
1788 1920 2000 1977 memoriarum

1204 2006 1238 2061 ad
1254 2009 1462 2063 memorandum
1479 2010 1655 2064 memoranda
1666 2028 1672 2072 ;
1684 2009 1867 2082 cogitatio,ad
1882 2009 2002 2082 cogitan-

384 2086 517 2142 lloluntas
543 2087 685 2158 tripliciter
705 2088 874 2163 intelligitur.
892 2089 1024 2146 Voluntas
1048 2090 1148 2146 etenim

349 2172 574 2232 diciturmillud
598 2177 695 2233 animas
720 2178 926 2234 instrumentum
949 2196 1003 2253 quo
1027 2180 1093 2250 vult,
1121 2190 1148 2237 et

352 2262 461 2321 affectio
474 2266 596 2336 ejusdem
611 2267 801 2328 iustrumenti;
819 2267 925 2324 affectio
940 2284 1016 2337 rere,
1031 2270 1147 2327 ostatic-

348 2354 402 2409 ctio
417 2354 541 2423 ejusdem
569 2354 738 2411 instrumenti
766 2358 889 2412 volendi.
922 2358 984 2415 llaec
1011 2360 1145 2429 uoluntas,

346 2458 410 2514 quae
425 2444 523 2499 dicitur
536 2442 644 2500 affectio
659 2444 699 2513 ¹⁷¹,
716 2454 756 2500 cst
772 2446 806 2501 ad
821 2456 927 2519 tempus
950 2449 1026 2518 quasi
1048 2450 1144 2519 sopita,

346 2532 412 2603 quia
427 2542 468 2589 est
482 2548 574 2589 corum
600 2551 662 2605 qum
689 2550 766 2589 niens
781 2552 835 2592 non
848 2546 990 2606 memorat,
1005 2539 1052 2593 sed
1068 2554 1144 2608 mox,

346 2631 376 2676 ut
391 2637 424 2677 ca
453 2622 546 2691 recoli,
563 2623 642 2678 etiam
665 2624 873 2679 instrumentum
894 2626 1004 2681 uolendi
1032 2627 1144 2697 appetit.

342 2713 412 2767 ltem
443 2712 573 2768 uoluntas
601 2712 699 2769 dieitur
712 2713 793 2783 velle,
809 2714 853 2771 rel
868 2730 931 2769 usus
945 2716 1030 2787 ipsius
1043 2716 1144 2771 instm-

340 2799 438 2856 menti.

656 2892 768 2948 CAPUT
790 2892 826 2947 11.

404 2978 572 3037 Similitudo
591 2982 670 3037 iuter
683 2983 835 3038 mulierem
849 2986 877 3038 ct
893 2984 1080 3041 uoluntatem.

1204 2097 1267 2151 dum
1283 2097 1448 2168 cogitanda;
1466 2096 1677 2165 intellectus-ad
1702 2100 1909 2153 discernendum
1938 2098 2002 2169 quid

1204 2187 1239 2241 sit
1255 2186 1409 2255 volendum,
1426 2186 1468 2241 rel
1497 2188 1714 2257 memorandum,
1744 2187 1787 2243 rel
1814 2188 2001 2259 rogitandum.

1202 2276 1315 2329 Animus
1329 2290 1436 2347 quoquo
1450 2274 1484 2329 ad
1500 2276 1658 2331 charitatem
1674 2276 1788 2348 erigitur
1803 2278 1842 2343 ¹⁸¹,
1859 2275 1892 2329 ud
1907 2275 2000 2329 bumi-

1202 2363 1305 2418 litatem
1321 2364 1484 2435 disponitur,
1499 2365 1533 2419 ad
1549 2365 1708 2435 patientiam
1729 2364 1880 2433 roboratur,
1909 2371 1935 2418 ct
1963 2362 1998 2418 ad

1201 2452 1271 2507 alias
1285 2452 1397 2508 virtutes
1411 2452 1583 2525 generandas
1598 2454 1724 2523 aperitur.

1511 2538 1622 2594 CAPUT
1644 2538 1687 2593 tv.

1429 2628 1466 2683 De
1484 2628 1612 2683 rensibus
1632 2628 1769 2700 corporis.

1236 2716 1366 2772 Similiter
1382 2724 1409 2772 et
1426 2716 1548 2787 corporis
1564 2732 1660 2772 sensus
1674 2717 1831 2787 aperiuntur
1858 2714 1892 2771 ad
1908 2715 1998 2785 impc-

1154 2820 1182 2881 B
1201 2806 1271 2861 rium
1287 2806 1355 2876 ejus,
1367 2805 1494 2861 uidelicet
1509 2805 1581 2859 risus
1596 2804 1630 2860 atl
1659 2806 1777 2863 ridenda
1804 2804 1854 2872 ¹⁸¹;
1881 2804 1998 2872 auditus,

1199 2894 1232 2949 ad
1250 2895 1418 2951 audiendum
1433 2894 1481 2950 bet
1496 2894 1580 2951 verba
1593 2912 1599 2958 ;
1611 2902 1715 2967 gustus,
1726 2893 1759 2949 ad
1771 2894 1903 2967 gustanda
1916 2912 1923 2961 3
1935 2894 2002 2949 odo·

1200 2992 1285 3053 ratus,
1297 2984 1331 3039 ad
1347 2983 1504 3047 odoranda;
1519 2990 1618 3051 tactus,
1635 2984 1670 3038 ad
1685 2983 1845 3056 tangendn;
1874 2981 1999 3038 ollactus·

382 3068 515 3125 Voluntas
529 3070 630 3142 itaque,
646 3086 707 3140 quae
721 3080 761 3127 est
787 3072 996 3128 instrumentum
1022 3074 1145 3141 volendi,
1202 3074 1236 3128 ad
1252 3072 1425 3141 olfacienda;
1441 3072 1512 3127 oculi
1529 3088 1646 3145 agnoque,
1664 3072 1697 3127 ad
1713 3072 1881 3142 vigilandum
1897 3080 1922 3125 et
1937 3070 1999 3140 plo·

342 3156 384 3214 sio
400 3162 442 3213 est
456 3158 527 3215 inter
541 3159 628 3214 Deum
643 3166 669 3214 et
680 3158 819 3215 diabolum
828 3162 1147 3231 quomodomulierinter
1201 3162 1316 3217 randum
1329 3179 1335 3223 ;
1352 3176 1392 3230 os,
1405 3162 1439 3215 ad
1453 3160 1522 3216 bene
1538 3161 1723 3233 loquendum;
1739 3176 1844 3225 manus,
1865 3160 1898 3215 ad
1926 3167 1999 3215 recte

344 3262 425 3300 suurn
439 3246 591 3319 legitimum
620 3248 710 3302 virum
737 3256 765 3303 et
778 3250 897 3321 aliquem
919 3250 1080 3307 adulterum.
1100 3252 1147 3307 Vir
1201 3252 1388 3322 operandum3
1405 3252 1500 3321 perles,
1523 3252 1557 3305 ad
1586 3250 1780 3306 ambulandum
1809 3265 1862 3319 quo
1888 3246 1998 3305 debent.

342 3335 368 3391 ei
383 3332 416 3365 ¹⁷¹
429 3336 555 3408 praecipit
569 3345 598 3392 ut
612 3336 665 3392 sibi
679 3336 730 3394 soli
744 3339 935 3410 conjungatur,
952 3341 1058 3397 adulter
1080 3356 1145 3398 rero
1202 3342 1300 3414 Sisque
1326 3338 1598 3409 unasolatoluntas,
1620 3348 1762 3412 postquam
1791 3338 1839 3394 Dei
1869 3334 2000 3395 uoluntati

339 3425 489 3497 persuadet
505 3433 533 3482 ut
546 3435 573 3482 et
587 3427 640 3482 sibi
653 3428 796 3499 copuletur
808 3426 850 3484 ¹7⁸.
885 3431 914 3487 Si
929 3429 1019 3501 itaque
1038 3448 1068 3487 se
1094 3433 1145 3487 soli
1201 3438 1240 3487 est
1254 3431 1357 3502 juncta,
1371 3438 1408 3486 tot
1423 3430 1538 3486 uirtutes
1552 3438 1666 3502 generat
1681 3438 1707 3486 et
1721 3442 1806 3499 opera
1830 3427 1911 3484 bona.

340 3513 465 3586 legitimo
481 3516 541 3572 viro
554 3517 712 3589 conjungat,
729 3517 851 3589 legitima
865 3527 916 3584 est,
938 3518 1054 3591 ipsaque
1075 3520 1146 3576 filios
1520 3519 1632 3573 CAPUT
1645 3520 1676 3574 V.

340 3601 372 3632 ¹⁷⁴
385 3603 528 3676 legitimos
541 3613 675 3677 gencrat;
691 3605 713 3660 si
729 3615 819 3661 autem
834 3607 956 3664 adultero
971 3623 1000 3663 se
1011 3608 1143 3678 junxerit,
1484 3607 1522 3662 Dc
1539 3605 1712 3662 obedientia.

340 3692 467 3749 adultera
494 3701 544 3760 est,
576 3699 603 3750 et
619 3694 678 3765 ipsa
692 3693 764 3750 lilios
777 3693 809 3724 ”⁸
824 3695 993 3751 adulterinos
1007 3698 1087 3766 parit.
1103 3697 1144 3753 si·
1235 3697 1424 3766 llujusuutem
1454 3694 1601 3750 uoluntatis
1615 3693 1721 3749 allectio
1740 3693 1796 3750 sire
1824 3707 1899 3758 usus,
1928 3692 1998 3747 obc-

341 3781 444 3838 militer
457 3797 525 3855 ergo
539 3783 614 3839 Deus
629 3783 744 3854 imperet
771 3784 902 3840 uoluntati
916 3793 946 3840 ut
959 3785 1077 3841 societur
1091 3787 1143 3856 ipsi
1199 3783 1410 3842 diensvoluntas
1424 3783 1467 3838 vel
1482 3781 1639 3838 obedientia
1649 3781 1756 3850 dicitur,
1766 3781 1829 3853 quia
1839 3781 1888 3836 Dei
1899 3781 1997 3836 volun-

340 3870 393 3927 soli
404 3869 455 3938 ¹⁷⁸;
474 3871 601 3928 diabolus
628 3888 693 3928 vero
720 3889 754 3928 ex
782 3873 836 3928 aliu
863 3881 940 3944 parto
968 3875 1089 3946 suggerit
1116 3883 1145 3930 ut
1171 3861 1186 3886 ⁸
1200 3875 1248 3930 tati
1263 3873 1406 3938 obediens,
1420 3887 1479 3927 eam
1494 3871 1574 3927 habet
1589 3871 1759 3939 advocatam,
1773 3871 1797 3926 si
1813 3877 1949 3940 queratur
1966 3867 1997 3898 '⁸'

344 3961 530 4034 conjungatur
543 3970 571 4016 et
584 3961 649 4016 sibi.
669 3961 698 4018 Si
711 3962 801 4032 itaque
816 3962 906 4018 seseli
921 3963 979 4018 Deo
992 3965 1145 4034 conjunxe-
1200 3981 1248 4019 cur
1261 3964 1314 4019 boo
1328 3961 1370 4018 rel
1387 3961 1452 4016 illud
1482 3961 1560 4016 velit.
1580 3959 1660 4029 Quod
1674 3960 1696 4015 si
1713 3961 1771 4016 baec
1786 3957 1921 4028 voluntas,
1935 3975 1997 4031 quea

342 4048 388 4118 rit,
406 4047 434 4103 id
449 4057 492 4104 est
504 4048 620 4119 Spiritus
629 4050 715 4106 sancti
725 4052 943 4123 suggestionem,
959 4051 1034 4108 relut
1048 4068 1144 4108 semen
1200 4053 1298 4109 dicitur
1313 4053 1525 4108 instrumentum
1554 4049 1673 4120 uolendi,
1688 4048 1788 4106 diaboli
1815 4064 1844 4104 se
1869 4047 1997 4118 junxerit,

345 4136 461 4203 bonum,
476 4139 622 4209 receperit,
637 4138 667 4194 lit
680 4140 737 4208 ejas
751 4139 854 4208 conjux
877 4139 1000 4213 legitima
1021 4141 1146 4214 filiosque
1160 4169 1185 4233 C
1200 4145 1260 4214 ejus
1276 4141 1431 4212 recipiendo
1444 4139 1474 4169 '⁸⁴
1489 4137 1692 4212 suggestionem
1715 4137 1787 4194 velut
1809 4137 1997 4193 inordinatum

339 4224 482 4296 legitimos
495 4234 620 4296 generat,
632 4226 659 4281 id
673 4235 713 4283 est
727 4225 758 4256 ”⁷
771 4228 884 4284 virtutes
897 4237 925 4283 et
938 4243 1032 4298 opere,
1049 4230 1121 4286 bonu
1136 4250 1144 4298 3
1201 4249 1307 4300 semen,
1321 4230 1444 4287 adultera
1472 4237 1558 4284 mater
1572 4228 1668 4284 allecta
1696 4227 1766 4284 lilios
1782 4225 1957 4294 adulterinos,
1970 4225 1998 4280 id

340 4329 409 4369 mox
420 4314 492 4370 enim
508 4316 544 4372 ad
557 4315 701 4385 imperium
716 4317 777 4387 eius
791 4333 886 4374 omnes
899 4318 1056 4389 aperiuntur
1082 4320 1144 4374 ani·
1200 4329 1239 4376 est
1255 4321 1320 4376 ritis
1336 4327 1362 4375 et
1377 4334 1460 4389 opera
1473 4320 1544 4372 mala
1558 4324 1685 4389 generat.
1705 4317 1852 4372 Universos
1864 4315 1936 4368 enim
1949 4313 1999 4369 ho-

342 4417 397 4458 mae
412 4409 442 4457 et
455 4403 579 4474 eorporis
593 4419 690 4460 sensus
703 4406 740 4460 sd
753 4406 920 4478 implendum
936 4407 1008 4476 quod
1022 4406 1144 4481 praeeipit
1201 4410 1282 4465 minis
1297 4422 1393 4463 sensus
1408 4405 1536 4460 claudens
1549 4405 1585 4459 acl
1603 4419 1635 4460 ea
1651 4421 1711 4476 quas
1726 4402 1848 4474 praecipit
1862 4401 1892 4431 ‘⁸⁶
1911 4403 1996 4471 Deus,

339 4491 418 4546 Delu
431 4492 474 4549 ¹⁷⁰·
1201 4497 1297 4570 pandit
1312 4497 1345 4552 ad
1361 4511 1391 4552 ea
1408 4510 1468 4568 qoae
1479 4493 1559 4562 jabet
1574 4492 1708 4548 diabolus.
1720 4495 1780 4563 lpse
1791 4503 1908 4562 namque
1921 4490 1996 4560 prius

651 4583 763 4639 CAPUT
778 4584 828 4639 lll.
1200 4587 1321 4658 aperitur
1335 4584 1370 4640 ad
1385 4581 1553 4639 affectionem
1569 4580 1708 4648 uitiorum,
1729 4588 1755 4636 ct
1782 4579 1817 4635 ad
1843 4595 1874 4635 ea
1901 4578 1996 4636 toleu·
2041 4597 2044 4606 ⁸

595 4672 633 4728 De
644 4672 894 4730 rensibusonimoe.
1200 4675 1275 4743 dum,
1293 4689 1325 4730 ac
1339 4671 1436 4729 deinde
1451 4669 1568 4728 bominis
1583 4685 1676 4726 sensus
1689 4669 1775 4740 aperit
1789 4667 1824 4725 ud
1834 4668 1998 4740 ipsaperpe·

382 4758 446 4832 lpsa
459 4775 577 4833 namque
592 4761 717 4819 voluntas
726 4761 843 4834 aperitur
851 4763 886 4818 ad
896 4763 1023 4820 virtutum
1038 4762 1069 4792 ¹⁷·
1083 4764 1144 4822 affe
1198 4765 1304 4821 troada.

998 4889 1109 4945 vttttAE
1132 4887 1337 4946 LECTlONES.

381 4983 413 5014 ¹⁸⁸
421 4985 449 5040 Is
458 4985 586 5042 Collatus
594 4990 636 5042 est
644 5001 709 5041 eum
718 5001 785 5043 mss.
799 4984 879 5040 Gem.
889 4988 951 5042 Bec.
961 4985 1113 5044 (3011301.
1126 4989 1328 5043 l'ictorinodll.
1341 4987 1383 5041 13.
1395 4985 1764 5056 Son-Germanenriperme
1773 4983 1910 5040 notaturi.
1921 4987 1947 5037 t.
1956 4983 1992 5038 Et

346 5073 413 5112 cum
426 5058 557 5112 Editiorrc
567 5055 726 5114 Coloniensi
737 5057 815 5112 tote.
826 5058 874 5112 lis.
890 5057 956 5112 l'iet.
975 5059 1028 5112 luci
1052 5058 1070 5111 it
1081 5057 1151 5112 liber
1164 5059 1283 5113 Ansulmi
1298 5056 1498 5112 cantuariensis
1517 5055 1721 5126 Archiepiscopi
1742 5055 1776 5110 de
1798 5053 1991 5110 Similitudini-

344 5129 407 5182 bus.
425 5145 476 5183 ms.
495 5127 573 5182 derb.
586 5127 831 5196 lncipitTraetatus
846 5128 874 5182 S.
885 5128 1007 5182 Anselmi
1023 5075 1303 5184 &similitudinibus
1315 5145 1367 5182 ms.
1382 5125 1595 5182 Son-German.
1612 5126 1844 5196 lncipittraotatus
1855 5141 1869 5178 a
1880 5139 1992 5180 venara-

345 5197 395 5253 bili
410 5199 538 5254 Anselmo
553 5197 740 5256 cantuariensi
755 5197 968 5268 Arcbiepiscopo
983 5199 1070 5254 editus
1083 5200 1117 5255 de
1129 5199 1239 5269 Triplici
1257 5199 1406 5254 voluntate.
1424 5195 1455 5251 ln
1471 5195 1618 5254 crassitie
1637 5199 1785 5252 Tructrrtus
1807 5199 1838 5252 in
1861 5197 1992 5268 Capitale

344 5283 404 5326 non
416 5269 565 5326 diuiditur.
583 5267 614 5298 '⁸'
631 5270 669 5324 De
684 5270 819 5326 divisione
832 5269 977 5324 voluntatis
990 5287 1058 5324 mss.
1074 5270 1109 5326 de
1129 5271 1227 5340 triplici
1243 5270 1390 5324 voluntate.
1420 5266 1451 5296 ”⁰
1477 5268 1631 5338 Triplioiter
1656 5267 1821 5338 intelligitur
1847 5269 1987 5323 voluntas.

345 5341 453 5396 Etenim
468 5341 569 5395 dicitur
582 5355 637 5396 ans.
657 5343 828 5398 san-acm.
844 5340 968 5395 voluntas
981 5342 1124 5408 tripliciter
1136 5341 1312 5413 intelligitur.
1332 5340 1461 5396 Voluntas
1475 5339 1574 5393 etenim
1590 5339 1696 5394 dicitur.
1712 5338 1744 5368 ‘⁷¹
1757 5338 1873 5409 Quaecst
1886 5338 1991 5394 effectio

343 5429 404 5469 ms.
425 5409 640 5467 Suri-German.
658 5427 718 5481 qum
733 5412 832 5466 dicitur
843 5409 962 5466 affectio.
979 5410 1010 5440 ”¹
1026 5411 1073 5466 Vir
1085 5413 1157 5466 enim
1173 5413 1197 5468 ei
1212 5429 1265 5466 ms.
1286 5411 1495 5466 Sari-German.
1513 5411 1557 5464 vir
1570 5410 1606 5465 ei.
1621 5407 1651 5438 ”¹
1669 5411 1702 5466 Ut
1715 5411 1765 5464 sibi
1780 5411 1923 5482 copuletur
1935 5425 1989 5464 ms.

344 5485 384 5538 A.
402 5485 413 5535 1
432 5490 462 5537 ut
475 5491 501 5538 et
515 5482 566 5537 sibi
581 5483 734 5550 copuletur.
753 5479 784 5512 ¹³¹⁴
799 5482 929 5552 Legitima
944 5491 994 5549 est,
1009 5483 1121 5563 ipsaque
1135 5481 1207 5539 filios
1220 5499 1272 5538 rua.
1285 5487 1313 5538 A.
1333 5486 1343 5536 t
1363 5483 1482 5552 legitima
1498 5487 1539 5535 cst
1554 5481 1665 5550 etipsa,
1681 5480 1814 5552 filiosque.
1845 5479 1875 5510 ”¹
1903 5481 1989 5536 Adul-

345 5563 404 5608 tera
419 5561 470 5619 est,
486 5562 514 5608 et
528 5553 585 5624 ipsa
601 5552 671 5608 filios
685 5571 738 5609 ms.
755 5554 792 5608 A.
810 5557 821 5606 1
841 5553 963 5607 orlulters
978 5561 1018 5607 est
1033 5559 1143 5623 etipsa,
1159 5554 1297 5624 filiosque.
1316 5551 1347 5582 ’⁷⁸
1362 5551 1665 5608 Societursibisolirrts.
1675 5556 1726 5607 nt
1737 5550 1987 5620 societuripsisoli.

347 5623 379 5654 '⁷'
393 5624 521 5691 Generat,
538 5623 614 5678 idest
624 5641 679 5680 ms.
690 5625 760 5680 Viri.
776 5624 856 5693 perit,
866 5624 894 5676 id
905 5633 958 5679 est.
977 5623 1008 5652 ”¹
1021 5624 1099 5692 Quod
1114 5625 1246 5696 praeecpit
1259 5625 1331 5679 lleus
1346 5640 1413 5680 mss.
1434 5625 1501 5678 Vici.
1518 5627 1546 5678 ct
1561 5624 1597 5676 A.
1618 5627 1627 5678 1
1648 5625 1719 5696 qtrorl
1735 5623 1858 5692 praecipit
1873 5623 1944 5676 Deus
1958 5617 1989 5650 “¹

349 5698 413 5765 lpse
428 5711 546 5764 nomque
560 5703 587 5750 et
600 5697 762 5764 apreriturarl
778 5695 906 5748 virtutum
915 5711 966 5748 ms.
983 5697 1020 5750 A.
1039 5700 1050 5750 1
1066 5696 1127 5765 ipsu
1143 5713 1261 5764 namque
1276 5697 1394 5766 operitur
1407 5695 1441 5748 ad
1458 5695 1586 5750 virtutum
1603 5710 1655 5750 ms.
1672 5695 1748 5752 Cori.
1765 5696 1825 5763 lpsa
1839 5699 1991 5754 namuueet

349 5767 478 5836 aperitur,
490 5765 932 5836 uanrqneroluntasatluirtutum.
950 5764 980 5794 “⁰
995 5765 1183 5832 dilectionem,
1201 5775 1226 5821 et
1241 5784 1294 5822 mr.
1314 5765 1468 5823 Corbeiens.
1491 5763 1661 5820 affectionem
1686 5765 1722 5818 uri
1746 5765 1807 5829 itur,
1836 5771 1873 5818 et.
1893 5761 1922 5790 ¹¹¹
1949 5761 1991 5817 nd

350 5839 510 5895 charitatem
526 5837 652 5909 dirigitur
665 5854 719 5893 ms.
737 5839 767 5893 A.
785 5839 810 5890 1.
827 5838 887 5893 lise.
904 5843 933 5893 st
948 5837 1081 5893 Gemmet.
1098 5839 1132 5892 ad
1147 5837 1305 5892 charitatem
1321 5838 1359 5893 eri
1383 5837 1444 5891 itur.
1458 5833 1488 5864 ”¹
1501 5837 1540 5890 Ad
1556 5845 1627 5892 recte
1644 5781 1787 5890 viucendum
1801 5851 1879 5914 mss..
1896 5833 1931 5887 arl
1947 5833 1990 5888 vi-

350 5908 481 5965 vendum.
497 5906 527 5936 ’⁸'
542 5909 572 5966 Si
588 5918 725 5980 quaeretur
737 5925 790 5964 ms.
805 5909 846 5962 A.
866 5911 892 5962 1.
906 5907 929 5963 si
941 5908 1102 5980 requiratur.
1121 5906 1151 5937 ‘⁸⁴
1165 5909 1230 5976 Ejus
1244 5853 1400 5984 recipiendo
1414 5909 1603 5981 nmaurcrtpt.
1620 5907 1657 5962 A.
1677 5905 1702 5963 l.
1718 5907 1775 5976 ejus
1799 5905 1943 5980 recipiens.
1961 5903 1991 5934 '⁸⁵

351 5980 393 6040 Ad
408 5995 442 6039 es
456 5997 517 6056 quae
531 5980 659 6055 pracepit
673 5997 743 6041 mss.
765 5981 832 6038 Viri.
848 5982 877 6038 ci
889 5977 927 6036 A.
948 5983 960 6036 1
977 5979 1012 6036 ad
1022 5996 1055 6038 es
1069 5997 1130 6054 quae
1142 5979 1276 6056 praeoipit.
