4750 6725
410 548 479 608 1le
858 545 1061 605 atstttttatttt
1081 544 1231 603 Ctttsrrrtt
1250 544 1323 597 ABB.
1343 542 1607 599 westmonast.
1742 542 1746 548 ’
1993 544 2078 604 tcto

410 672 453 729 ira
467 680 493 729 et
504 671 722 739 odiumtollitur,
742 672 779 727 nti
803 672 893 743 gladio
903 680 929 727 et
950 670 1044 726 lancea
1066 684 1121 725 non
1144 684 1207 738 per·
1219 671 1246 727 A
1261 667 1406 722 crediderit
1420 675 1446 721 et
1453 668 1604 739 baptizatus
1611 669 1701 735 luerit,
1714 668 1806 724 salvus
1816 668 1867 723 erit
1878 667 1972 732 (bid,
1988 668 2074 736 16).»

410 761 532 817 mittitur.
550 760 601 830 Qui
616 760 785 816 abrenuntiat
805 760 853 815 irae
884 767 911 815 et
942 759 1015 823 odio,
1048 757 1206 813 facillimum
1259 755 1293 809 ln
1308 756 1380 825 quod
1395 755 1546 827 Evangelio
1561 758 1619 813 vias
1635 772 1707 827 suas,
1721 757 1874 814 riasnovas
1883 755 1998 811 edocuit
2013 756 2077 811 Do

411 857 494 904 estut
508 848 679 904 abrenuntiet
693 848 795 903 lanceae
819 856 845 903 et
865 847 969 919 gladio.
995 846 1078 900 llulto
1106 845 1208 915 quippe
1260 845 1360 897 miuus.
1378 844 1435 899 Viae
1450 851 1556 899 veteres
1572 846 1690 912 fuemnt,
1722 867 1733 893 ι
1761 844 1869 900 oculum
1893 860 1944 915 pro
1969 844 2074 909 oculo,

412 936 516 993 facilins
531 944 571 991 est
586 936 703 991 conflare
717 936 839 1008 gladium
854 952 932 990 suum
956 934 982 988 iu
1004 949 1155 999 vomerem,
1180 939 1208 988 et
1259 931 1370 986 dentem
1383 946 1435 1001 pro
1451 931 1531 987 dente
1547 932 1646 1001 (Exod.
1657 950 1713 1000 uxr,
1729 936 1784 1003 at).
1805 955 1816 981 ι
1834 933 1980 987 Viaeuosae
1990 939 2074 999 suut,

411 1024 534 1079 lanceam
549 1040 626 1079 suam
642 1024 669 1077 in
685 1024 793 1094 falcem,
810 1040 891 1096 quam
906 1028 1011 1079 tumore
1035 1020 1124 1077 cordis
1139 1020 1207 1074 suh·
1263 1042 1273 1068 ι
1295 1020 1317 1073 si
1336 1020 1397 1090 quis
1412 1028 1437 1074 te
1452 1022 1616 1091 percusserit
1626 1022 1653 1075 iu
1665 1037 1745 1076 unam
1761 1020 1909 1089 maxillam,
1925 1019 2026 1091 praebe
2040 1020 2074 1074 ei

409 1112 503 1178 misso,
517 1110 645 1167 humilem
662 1110 731 1167 sueri
746 1128 779 1167 er
794 1111 921 1182 superbo,
937 1126 1047 1167 seruum
1056 1126 1089 1165 ex
1100 1109 1204 1170 liherc;
1260 1114 1287 1161 et
1300 1107 1433 1170 alteram;
1464 1109 1595 1165 auferenti
1620 1109 1747 1177 tunicam,
1772 1109 1877 1164 dimitte
1898 1117 1925 1163 et
1946 1108 2073 1180 pallium

411 1200 550 1270 abnegare
574 1214 702 1269 uxorem,
724 1200 812 1268 lilios,
832 1200 963 1267 domurn,
991 1212 1085 1267 arma,
1114 1212 1205 1267 agros,
1261 1194 1409 1264 (Μαίνῃ,
1423 1200 1480 1266 39).
1499 1220 1509 1244 n
1529 1197 1585 1253 tiae
1600 1204 1704 1253 veteres
1719 1198 1837 1263 fuerunt,
1855 1221 1866 1246 ιι
1876 1197 1976 1269 diliges
1988 1196 2072 1251 ami-

410 1302 504 1358 equos,
521 1295 547 1343 et
561 1289 652 1343 omnia
668 1304 729 1359 quae
751 1288 885 1359 possidet,
904 1286 993 1342 adhuc
1011 1294 1099 1341 autern
1120 1293 1149 1339 ut
1177 1300 1207 1339 se
1259 1294 1464 1352 romanamet
1486 1285 1549 1341 odio
1572 1286 1687 1342 habebis
1713 1285 1853 1341 inimicum
1880 1293 1954 1340 tuum
1970 1284 2064 1353 (tcta.
2158 1323 2159 1326 ,

407 1374 497 1446 ipsum
513 1374 643 1448 abneget.
659 1375 737 1444 Quod
750 1384 840 1431 tamen
851 1389 1035 1445 saepenumero
1057 1372 1114 1429 fieri
1132 1372 1207 1430 vide·
1259 1379 1316 1445 tt).
1335 1399 1346 1423 ι
1364 1375 1420 1429 l'iae
1434 1390 1513 1429 uorae
1528 1384 1600 1441 sunt,
1618 1396 1629 1422 ι
1646 1374 1668 1428 si
1691 1374 1814 1428 esurierit
1837 1373 1962 1428 inimicus
1986 1380 2066 1439 tuns,

406 1478 477 1531 muS,
493 1463 592 1518 videtis
605 1472 631 1518 et
646 1479 705 1531 vos,
723 1464 785 1535 quia
798 1462 874 1517 multi
890 1464 955 1520 olim
966 1462 993 1517 in
1017 1462 1096 1516 rebus
1115 1460 1206 1515 saec-uli
1259 1464 1320 1520 ciba
1335 1462 1410 1517 illum
1426 1480 1433 1524 ;
1450 1461 1472 1515 si
1487 1462 1552 1530 sitit,
1564 1469 1656 1532 potum
1670 1461 1706 1515 da
1725 1461 1764 1516 illi
1788 1463 1878 1531 (Rom.
1902 1478 1952 1526 111,
1968 1465 2027 1530 20),
2047 1484 2062 1509 ι

399 1558 531 1623 agentes,
556 1550 666 1622 superbi
690 1559 717 1605 et
741 1559 874 1621 potentes,
898 1551 933 1605 ad
961 1549 1033 1605 bella
1050 1548 1205 1603 instructis·
1258 1552 1308 1607 lla
1327 1549 1454 1607 suntne
1469 1550 1587 1614 Domini,
1604 1550 1836 1605 haesuntsemitae
1860 1549 1981 1617 Domini,
2011 1566 2066 1619 per

407 1638 469 1694 simi
484 1646 511 1693 et
526 1654 674 1710 pugnaces,
685 1638 822 1709 rapiendis
829 1640 943 1694 aliorum
961 1638 1041 1693 rebus
1060 1636 1203 1701 inhiantes,
1259 1655 1327 1710 quas
1342 1638 1452 1709 perfecti
1467 1636 1608 1692 ambulant
1621 1638 1764 1692 Christiani
1779 1637 1809 1709 [⁴³
1823 1638 1893 1692 hanc
1920 1636 2063 1692 christia·
2158 1639 2159 1648 ’

406 1735 518 1799 propter
529 1726 615 1781 Deum
635 1726 776 1797 abnegatis
794 1726 920 1782 omnibus
939 1725 1046 1795 pompis
1062 1723 1205 1778 saeculari-
1257 1744 1301 1782 nae
1324 1725 1501 1781 institutionis
1529 1726 1611 1779 silam
1649 1725 1713 1780 lieet
1741 1742 1813 1780 nunc
1841 1726 1921 1796 pauci
1950 1733 2063 1779 servent

406 1814 468 1882 bns,
490 1812 660 1885 pauperrimi
684 1822 779 1883 sponte
799 1830 848 1885 per
874 1812 981 1869 diversa
1001 1812 1206 1883 peregrinantes
1259 1814 1423 1887 Christiani]‚
1441 1812 1576 1884 quondam
1592 1813 1737 1868 servabant
1759 1830 1848 1885 reges,
1865 1821 1967 1867 etcum
1980 1814 2060 1883 regi-

405 1902 477 1971 loca,
494 1907 646 1957 sanctorum
675 1898 803 1972 suffragia
836 1902 987 1973 requirunt,
1011 1907 1057 1955 aut
1082 1899 1205 1969 quolibet
1258 1902 1310 1958 bns
1319 1902 1435 1957 subdita
1450 1902 1489 1956 eis
1500 1900 1784 1970 nationesQuidrero
1806 1901 1828 1956 si
1837 1909 1934 1972 potens
1949 1899 2060 1971 aliquis,

404 1989 503 2045 inclusi
524 2004 606 2059 specu
624 1995 708 2060 agunt
724 1989 807 2045 vitam
821 1990 872 2044 sub
890 1988 982 2059 aliquo
1001 1988 1022 2015 ‘⁸
1039 1987 1161 2058 praelnto.
1173 1988 1203 2041 ln
1217 2018 1244 2078 B
1258 1991 1281 2045 si
1297 1991 1432 2047 violentus
1446 1990 1546 2062 aliquis
1562 2004 1648 2059 prave
1661 1990 1728 2060 agit,
1742 1997 1768 2044 et
1782 1989 1893 2061 corrigit
1907 2004 1962 2043 non
1976 1989 2059 2042 vult‘l

405 2075 560 2145 hujusmodi
579 2092 643 2130 vero
668 2092 812 2133 serrorum
833 2076 882 2131 Dei
899 2076 1099 2133 cohabitatione
1118 2074 1204 2128 adim·
1261 2102 1272 2128 ιι
1290 2078 1356 2132 ttihi
1372 2077 1529 2142 vindictam,
1546 2077 1612 2131 dicit
1625 2076 1767 2143 Dominus,
1783 2083 1809 2132 et
1831 2092 1884 2149 ego
1906 2076 2058 2131 retribuam

403 2163 582 2237 pleturetiam
590 2162 657 2218 illud
668 2164 856 2219 denuntiatum
868 2179 917 2234 per
932 2164 1029 2219 lsniam
1044 2164 1205 2235 prophetam
1258 2167 1352 2238 (llehr,
1363 2182 1391 2232 x,
1408 2167 1463 2235 30).
1483 2187 1493 2211 ι
1511 2165 1544 2218 Et
1558 2171 1658 2233 quanta
1670 2164 1721 2219 erit
1736 2164 1782 2219 illa
1797 2165 1898 2220 diviua
1927 2164 2056 2218 animad-

403 2251 588 2315 miraculum
608 2274 618 2301 u
638 2250 755 2320 Vitulus,
776 2252 818 2307 leo
834 2259 860 2307 ct
876 2251 936 2307 ovis
953 2251 1034 2306 simul
1055 2250 1205 2305 mornhnn·
1258 2253 1391 2309 versionis
1406 2253 1536 2307 severitas
1550 2252 1565 2303 l
1580 2252 1665 2305 Audit
1681 2252 1871 2307 Psalmistam:
1891 2276 1902 2301 ιι
1919 2253 1993 2307 Deus
2003 2267 2060 2305 rna-

401 2349 466 2396 tur:
489 2347 514 2396 et
533 2354 601 2411 puer
618 2338 747 2410 parvulus
764 2339 879 2394 minabit
898 2354 944 2395 eos
966 2338 1045 2409 (lsai.
1072 2354 1110 2407 xi,
1132 2342 1172 2408 6),
1191 2362 1202 2386 ι
1258 2341 1356 2396 niteste
1369 2341 1470 2406 reniet,
1486 2340 1561 2394 Deus
1574 2348 1675 2406 noster,
1690 2348 1717 2395 et
1728 2356 1784 2396 nou
1798 2340 1900 2396 silebit.
1927 2340 2001 2412 lgnis
2029 2340 2059 2393 in

403 2431 473 2485 Puer
491 2427 622 2499 parvulus
636 2426 743 2483 leonem
763 2435 789 2482 et
813 2442 904 2482 ursum
927 2443 988 2482 cum
1013 2442 1085 2499 agno
1110 2427 1203 2493 urinat,
1258 2438 1409 2499 conspeetu
1425 2429 1485 2498 ejus
1500 2428 1669 2495 exardescet,
1685 2436 1711 2482 et
1725 2429 1876 2484 incircuitu
1890 2428 1951 2497 ejus
1980 2435 2055 2482 tem-

383 2515 667 2573 ·cumiudomoDei
687 2523 871 2587 pastoresque
899 2515 983 2569 nobili
1011 2514 1149 2585 quondam
1177 2522 1205 2569 et
1256 2516 1558 2589 pestasralidaffscl.
1577 2520 1697 2584 rutml,
1730 2518 1797 2587 D.»
1834 2517 1950 2590 Tamen,
1982 2518 2057 2571 eirea

403 2605 528 2679 ignobili,
544 2604 646 2676 potenti
661 2611 686 2659 et
700 2603 851 2674 impotenti,
868 2603 932 2659 sorti
947 2610 973 2657 et
987 2602 1093 2657 infirmo
1113 2602 1202 2673 impe·
1257 2604 1405 2661 norissima
1420 2605 1524 2660 dierum
1539 2604 1656 2671 illorum,
1673 2604 1744 2659 circa
1759 2604 1851 2660 saculi
1878 2619 2057 2659 cousumma-

404 2700 459 2749 rat.
479 2694 547 2749 Puer
565 2707 620 2747 nou
647 2708 739 2759 sensu,
768 2691 816 2746 sed
843 2690 963 2754 malitia;
993 2690 1121 2761 paruulus
1148 2705 1204 2744 non
1257 2694 1360 2749 tionem
1374 2694 1433 2747 hae
1444 2693 1515 2746 mala
1530 2701 1555 2746 et
1571 2692 1655 2747 multo
1674 2692 1785 2747 duriora
1799 2693 1979 2763 prrennntiata
1993 2702 2057 2747 sunt

401 2782 473 2852 justo
488 2779 632 2853 regiminis
647 2778 752 2851 rigore,
769 2779 817 2834 sed
833 2778 868 2833 nh
883 2777 957 2833 omui
981 2778 1053 2833 testu
1077 2776 1204 2833 saeculari
1259 2780 1405 2847 aChristo,
1421 2788 1480 2835 eta
1494 2780 1631 2850 prophetis
1660 2787 1723 2835 ante
1752 2781 1897 2835 Christum.
1920 2780 2056 2853 «Surget,

407 2877 452 2925 aut
464 2867 575 2941 generis
586 2866 756 2938 indignitate.
766 2866 887 2936 Utigitur
896 2864 1124 2933 breuiterdicam,
1144 2866 1206 2921 haec
1258 2869 1346 2939 lnquit
1360 2869 1387 2922 in
1402 2866 1563 2939 Evangelio,
1580 2884 1648 2938 gens
1662 2877 1757 2923 contra
1772 2877 1880 2940 gentem
1899 2876 1926 2923 et
1941 2884 2055 2940 regnum

404 2965 446 3012 est
458 2954 589 3011 institutio
604 2955 666 3012 tilae
679 2955 700 2983 ‘⁴
716 2952 936 3022 Christianomm,
953 2961 981 3008 ul
1004 2954 1119 3025 quisque
1138 2953 1204 3009 dili·
1259 2957 1394 3013 adsersus
1407 2974 1532 3029 regnum,
1549 2961 1661 3013 eterunt
1675 2957 1836 3027 pestilentiae
1851 2965 1878 3012 et
1903 2958 2001 3025 tames,
2031 2966 2058 3011 et

311 3088 313 3094 ,
405 3052 453 3115 gat
464 3043 630 3115 proximum,
646 3042 716 3097 sicut
731 3042 859 3111 seipsum,
870 3041 979 3114 etquod
998 3042 1048 3096 sihi
1062 3041 1122 3096 lieri
1150 3056 1206 3096 uon
1259 3045 1337 3117 sigua
1352 3061 1453 3114 magua
1468 3055 1546 3101 erunt
1562 3047 1638 3113 (duc.
1655 3062 1713 3112 xxr,
1730 3048 1829 3116 10t;et
1844 3044 1893 3099 nisi
1907 3043 2058 3100 abbreviati

404 3130 472 3199 rull,
497 3129 557 3184 aliis
575 3144 629 3183 non
650 3128 740 3184 iaciat.
755 3128 812 3183 lloc
827 3136 869 3182 est
882 3127 1005 3196 verbnm,
1031 3128 1066 3183 de
1087 3142 1141 3198 quo
1168 3129 1206 3183 ait
1259 3137 1349 3184 esseut
1362 3130 1422 3183 dies
1436 3129 1485 3195 illi,
1502 3144 1556 3184 non
1571 3130 1647 3185 fieret
1660 3128 1750 3200 salvaj
1766 3128 1855 3184 omnis
1866 3144 1930 3183 earo
1946 3128 2055 3194 (narrt.

404 3215 544 3288 apostolus
559 3214 657 3270 Paulus
674 3232 680 3269 :
695 3237 706 3263 ι
724 3214 844 3269 Verbum
859 3230 1052 3271 consummans
1067 3223 1093 3270 et
1108 3215 1206 3271 abbre·
1258 3232 1336 3285 xxiv,
1353 3218 1433 3286 dil.»
1452 3218 1530 3273 Unde
1545 3217 1573 3271 in
1585 3226 1724 3288 postrema
1747 3216 1852 3274 visione
1877 3216 1998 3272 Danielis
2023 3216 2056 3269 de

403 3306 482 3365 vinus
507 3304 535 3358 iu
569 3302 696 3376 aequitate
718 3302 809 3374 posuit
840 3303 971 3359 Dominus
994 3310 1201 3376 superterram
1260 3314 1383 3362 extremo
1406 3314 1561 3378 temporum
1577 3314 1604 3362 et
1626 3305 1801 3362 tribulatione
1824 3304 1872 3361 illa
1895 3303 2056 3359 intolerabili

405 3397 543 3466 (llumtx,
560 3393 615 3464 28).
635 3413 645 3441 ι
662 3392 703 3447 De
720 3393 771 3447 hac
786 3391 861 3448 serbi
877 3392 1106 3448 consummatione
1120 3393 1206 3448 lsnias
1220 3352 1246 3415 C
1261 3394 1334 3449 circa
1348 3393 1429 3449 duem
1444 3395 1535 3449 saculi
1549 3395 1587 3449 ita
1601 3394 1703 3466 legitur
1719 3413 1725 3448 :
1744 3416 1756 3442 ι
1774 3394 1807 3448 Et
1820 3393 1900 3449 saciet
1914 3395 1970 3448 lter
1980 3394 2056 3463 juxta

404 3485 538 3558 propheta
553 3481 617 3538 dicit
631 3499 638 3535 :
652 3503 664 3529 ι
678 3480 881 3536 Consummatio
889 3481 1047 3537 abbreviata
1065 3481 1208 3536 inundabit
1261 3481 1427 3539 voluntatem
1443 3496 1520 3536 suam
1544 3490 1571 3536 et
1599 3481 1757 3550 elevabitur,
1787 3490 1815 3536 et
1839 3481 2058 3553 magnificabitur

404 3570 543 3645 justitiam
558 3568 636 3640 (leui.
648 3569 748 3640 x,22);
769 3593 779 3618 ι
799 3569 1061 3626 consummationem
1083 3570 1156 3626 enim
1181 3580 1208 3626 et
1262 3570 1407 3625 adversum
1419 3585 1528 3626 omnem
1542 3569 1629 3624 Deum
1638 3568 1671 3638 ⁴⁸,
1686 3577 1713 3624 et
1726 3569 1856 3624 adversus
1876 3569 1964 3624 Deum
1990 3570 2057 3624 dcc·

407 3659 633 3717 abbrevationem
648 3657 780 3713 Dominus
801 3658 874 3713 Deus
896 3659 1063 3713 exercituum
1086 3658 1166 3714 saciet
1180 3660 1209 3713 in
1262 3673 1321 3712 rum
1340 3677 1346 3713 :
1362 3658 1488 3728 loquetur
1501 3656 1648 3729 magnifica
1665 3667 1712 3713 :et
1730 3657 1838 3730 diriget,
1866 3657 1955 3713 donec
1982 3673 2057 3712 com-

408 3748 501 3806 medio
533 3755 620 3802 terrae.
650 3747 691 3801 De
709 3747 761 3801 boc
780 3747 861 3801 etium
881 3747 971 3802 Verbo
990 3745 1210 3817 idemprophcta
1263 3745 1373 3816 plentur
1386 3745 1526 3801 iracundia
1541 3747 1625 3814 (Dru.
1641 3763 1678 3814 ru,
1696 3749 1752 3816 36).
1775 3768 1786 3794 ι
1813 3747 1847 3800 Et
1868 3754 1929 3816 post
1952 3761 2058 3815 panca:

409 3837 494 3892 lsaias
507 3835 669 3908 praedixerat
686 3847 692 3887 :
711 3855 721 3881 ι
741 3834 845 3902 Venite,
862 3835 957 3904 iuquit,
986 3834 1211 3890 ascendamusatl
1267 3834 1403 3901 uveniat,
1419 3834 1515 3905 iuquit,
1532 3845 1649 3903 tempus,
1666 3834 1745 3906 qualo
1759 3850 1814 3889 nou
1836 3833 1888 3888 suit
1914 3836 1948 3889 ab
1973 3833 2057 3899 initio,
2158 3848 2159 3903 j

411 3933 531 3981 montem
546 3921 665 3988 Domini,
680 3929 707 3976 et
719 3921 754 3976 ad
768 3922 879 3977 domurn
894 3923 943 3977 Dei
953 3923 1037 3978 tncob
1049 3941 1055 3986 ;
1068 3931 1094 3978 et
1103 3923 1212 3979 docebit
1265 3938 1350 3993 usque
1365 3923 1400 3978 ad
1411 3929 1516 3993 tempus
1526 3923 1593 3977 illud
1608 3924 1691 3993 (Dan.
1706 3939 1756 3988 xri,
1773 3923 1812 3993 t).
1830 3946 1840 3970 ι
1859 3923 1900 3978 De
1913 3921 2058 3978 abhreria-

411 4027 463 4068 nos
476 4011 533 4066 vias
547 4024 609 4064 suas
628 4008 771 4074 Dominus,
788 4017 813 4064 et
824 4008 1023 4064 ambulabimus
1044 4011 1072 4066 in
1105 4013 1212 4066 semitis
1266 4011 1340 4065 tione
1355 4027 1463 4082 quoquc
1480 4010 1659 4066 tribulationis
1674 4011 1711 4066 ita
1726 4009 1867 4066 subdidit:
1886 4033 1897 4057 ι
1915 4013 2059 4083 Usquequo
2158 4016 2159 4025 ¹

413 4099 482 4168 ejus,
500 4097 563 4166 quia
578 4096 611 4150 de
626 4095 691 4150 Sion
705 4095 793 4150 exibit
807 4096 863 4165 lex,
879 4105 905 4152 et
918 4097 1030 4152 verbum
1048 4099 1158 4153 Domini
1177 4099 1212 4155 de
1266 4098 1362 4153 horum
1377 4097 1438 4152 finis
1452 4098 1625 4154 mirabrlium.
1645 4101 1679 4154 Et
1694 4098 1786 4155 audiri
1808 4100 1906 4167 uirum,
1931 4099 1978 4168 qui
2001 4104 2060 4154 erat

414 4184 567 4241 Jerusalem
580 4183 658 4254 (lsai.
672 4197 703 4250 lt,
720 4185 757 4254 3).
777 4207 788 4232 ι
805 4182 883 4253 Quae,
916 4185 1037 4255 inquam,
1054 4185 1163 4241 letalia
1179 4186 1214 4243 de
1267 4186 1378 4242 indutus
1392 4186 1480 4252 lineis,
1494 4187 1630 4256 jurantem
1646 4188 1851 4258 pertinentem
1866 4189 1894 4242 in
1916 4191 2057 4252 aeternum,

417 4275 485 4330 Sion
513 4273 619 4328 exitura
638 4270 829 4342 praedicatura
849 4271 937 4342 Quod,
957 4274 1078 4360 ipqnam,
1100 4276 1214 4331 verbum
1268 4274 1331 4345 quia
1346 4275 1373 4328 in
1389 4285 1506 4344 tempus,
1522 4282 1548 4330 et
1563 4283 1695 4345 tempom,
1710 4284 1738 4330 et
1760 4276 1905 4330 dimidium
1931 4275 2059 4344 temporis

418 4361 529 4418 Domini
544 4359 578 4416 de
592 4360 744 4416 Jerusalem
759 4361 890 4417 exiturum
905 4377 966 4417 esse
988 4363 1215 4433 praenuntiatur?
1268 4361 1360 4432 (titt,
1378 4366 1404 4431 6,
1415 4364 1455 4432 t).
1467 4385 1477 4411 ι
1489 4364 1519 4416 ln
1529 4363 1683 4418 nouissimis
1698 4378 1764 4434 ergo
1774 4362 1879 4428 diebus,
1890 4362 1918 4417 id
1930 4371 1982 4431 est,
1999 4377 2059 4417 rer·

420 4450 475 4518 lex,
492 4465 552 4519 qnae
568 4449 742 4519 perbloysen
756 4448 820 4504 data
836 4457 886 4518 est,
902 4465 957 4506 non
971 4467 1004 4505 ex
1030 4459 1121 4506 moute
1150 4451 1214 4507 Sion
1269 4455 1351 4521 gente
1367 4451 1460 4504 mnndi
1475 4466 1598 4520 vespera,
1616 4451 1809 4521 quandovenit
1831 4450 1969 4522 plenitudo
1994 4460 2061 4505 tem·
2158 4438 2159 4447 ¹

419 4537 495 4606 exiit,
511 4536 575 4608 quia
589 4551 643 4592 non
656 4535 683 4590 in
699 4544 790 4593 monte
804 4537 870 4592 Sion
884 4537 947 4592 data
961 4547 1010 4604 est,
1026 4540 1073 4594 sed
1088 4538 1115 4593 in
1125 4547 1216 4595 moute
1270 4538 1355 4606 poris,
1372 4537 1399 4592 in
1413 4554 1467 4609 qua
1481 4538 1555 4593 misit
1568 4539 1644 4594 Deus
1657 4539 1755 4594 Filium
1770 4555 1848 4594 snum
1863 4539 1890 4593 iu
1906 4539 1996 4607 terris,
2012 4555 2062 4608 pax

420 4625 505 4681 Sinai.
518 4623 585 4694 Quae
600 4623 683 4697 igitur
703 4626 746 4680 lex
761 4625 827 4680 exiit
842 4625 876 4680 de
891 4625 965 4694 Sion,
991 4626 1042 4681 nisi
1068 4627 1116 4683 lex
1144 4627 1215 4682 Novi
1270 4624 1328 4692 illa,
1344 4626 1469 4696 superius
1480 4625 1564 4696 dicta,
1582 4626 1608 4681 in
1634 4626 1760 4682 Ecclesia
1779 4628 1829 4682 Dei
1844 4627 1984 4698 primitiva
2002 4626 2060 4692 luit,

420 4711 585 4771 Testamenti
598 4727 648 4782 per
663 4712 796 4768 Christum
812 4713 885 4780 data,
903 4729 964 4784 quae
980 4714 1014 4768 de
1042 4723 1134 4771 monte
1149 4715 1215 4770 Sion
1229 4693 1255 4754 D
1271 4713 1370 4783 diuque
1390 4713 1475 4786 longa
1493 4713 1601 4785 lataque
1618 4714 1777 4786 permansit.
1798 4715 1876 4770 Circa
1891 4730 1956 4772 rero
1983 4713 2062 4769 finem

421 4803 501 4871 exiit,
517 4800 641 4872 quoniam
653 4800 687 4856 de
702 4809 794 4856 monte
804 4801 869 4857 Sion
883 4801 1006 4856 Christus
1020 4802 1216 4858 coelumascen·
1271 4801 1375 4869 saeculi,
1396 4804 1448 4857 boc
1466 4810 1514 4867 est,
1536 4803 1608 4858 circa
1627 4802 1840 4858 novissimorum
1855 4802 1937 4859 linem
1948 4803 2062 4868 dierum,

422 4907 501 4946 surus
514 4888 652 4960 discipulis
667 4891 723 4944 suis
738 4888 827 4960 legem
841 4905 891 4959 per
906 4889 1037 4944 mundum
1058 4891 1217 4947 universum
1271 4889 1404 4945 dissensio
1420 4890 1467 4947 illa
1481 4907 1531 4962 per
1545 4891 1687 4959 mundum,
1703 4901 1729 4947 et
1743 4891 1890 4960 tribulatio,
1907 4907 1968 4962 qum
1980 4907 2062 4960 supe·

423 4976 625 5050 praedicandam
645 4975 1172 5050 commendavit:‹Euutes“,iuquit,
1189 4979 1217 5034 in
1270 4977 1449 5034 rins‘'dicta
1463 4979 1690 5048 est,ebulliet,et
1707 4981 1862 5036 saevissima
1895 4979 1955 5046 erit,
1985 4987 2064 5051 atquc

423 5066 554 5120 mundum
579 5064 733 5120 universum
766 5063 913 5135 predicate
938 5066 1116 5139 Evangelium
1143 5066 1218 5123 omni
1271 5067 1331 5137 jam
1347 5066 1465 5122 ebullire
1478 5069 1569 5138 cupit
1586 5067 1682 5124 Paucis
1697 5075 1723 5124 et
1734 5069 1869 5124 succincte
1882 5082 1955 5122 nnnc
1966 5067 2000 5122 ad
2022 5083 2061 5134 ea,

423 5161 554 5208 creaturae
570 5153 729 5222 (Moram,
745 5154 803 5224 15).
824 5177 836 5200 ιι
854 5153 911 5210 Hoc
925 5161 965 5208 est
987 5153 1094 5210 “illud
1116 5155 1219 5211 bonurn
1273 5171 1336 5226 quae
1355 5155 1389 5210 dc
1415 5157 1532 5211 aduentu
1569 5155 1666 5210 Christi
1687 5156 1858 5227 proposuisti,
1879 5155 2064 5226 respondimus

423 5239 547 5308 uerbum,
566 5240 594 5294 id
613 5248 664 5308 est,
689 5241 878 5313 Evangelium,
909 5241 982 5314 qnod
1004 5243 1038 5298 de
1067 5243 1219 5300 Jerusalem
1272 5243 1430 5314 responsuri
1456 5243 1576 5315 plenius,
1592 5259 1655 5301 cum
1684 5244 1760 5300 adid
1790 5251 1816 5300 et
1844 5251 1951 5314 tempus
1976 5251 2064 5300 noster

423 5325 507 5384 exiit:
524 5349 535 5376 ι
552 5326 698 5398 predicate
712 5329 892 5401 Evangelinm
908 5331 981 5388 omni
996 5338 1128 5388 creaturae
1145 5349 1151 5386 :
1173 5331 1219 5402 qui

1067 5455 1182 5513 VARIAE
1210 5456 1418 5513 LECTlONES.

457 5571 548 5654 “Ma
567 5568 1015 5652 Vlct.,subditamsubquolibet.
1039 5579 1060 5608 ⁴⁴
1084 5581 1130 5636 lde.
1160 5579 1193 5636 S.
1213 5582 1275 5637 Gar.
1295 5583 1377 5638 omit.
1403 5583 1477 5638 ritae.
1500 5581 1593 5638 “ldae
1624 5582 1793 5639 ltcm.etS.
1827 5579 1991 5650 Cer.,data,
2009 5596 2064 5652 qua

424 5645 459 5704 ab
488 5659 528 5700 eis
543 5643 610 5698 locrs
632 5658 683 5710 per
707 5651 794 5698 totum
818 5647 912 5702 orbern
932 5657 1061 5704 terrarum
1081 5654 1256 5707 annuntiatur
1268 5651 1390 5707 diffusa‘l
1404 5654 1508 5718 sedete,
1525 5653 1619 5723 inquit,
1636 5654 1800 5716 incivitate,
1812 5652 1900 5707 donec
1917 5652 2063 5708 iadrtcmin

423 5719 531 5776 uirtute
547 5729 585 5769 aa
601 5715 660 5770 alto
669 5711 753 5785 (Luc.
762 5731 837 5784 xxiv,
853 5720 897 5786 49)
910 5736 916 5780 ;
930 5721 1033 5776 atinde
1047 5736 1210 5778 ascensurus
1224 5723 1254 5776 in
1266 5724 1362 5778 calum
1373 5725 1421 5786 ait,
1432 5727 1543 5787 euntes,
1558 5723 1639 5780 etc.“
1656 5725 1703 5780 lta.
1714 5726 1745 5781 S.
1765 5725 1831 5778 Cer.
1863 5725 1915 5777 hoc
1928 5721 2003 5776 enim
2015 5729 2062 5778 est.
2158 5724 2159 5731 ’

419 5789 441 5821 ‘⁷
456 5785 488 5844 tt.
511 5786 573 5843 Cer.
586 5783 665 5844 omit.
686 5786 769 5844 uncis
784 5786 911 5850 inclusa.
934 5793 954 5822 ‘¹
969 5791 1017 5848 itt.
1031 5793 1117 5861 ttem,
1138 5807 1238 5851 nomen
1265 5794 1384 5850 Domini.
1413 5793 1506 5852 “Dan
1527 5797 1634 5852 Victct
1658 5795 1687 5853 S.
1713 5795 1787 5862 cer..
1802 5763 1923 5851 inferius.
1947 5843 1951 5850 .
