4750 6725
905 633 1062 690 hthhtittt
1080 626 1363 690 caNTUamttttSts
1381 631 1554 693 hostetin
2167 504 2186 639 4

404 629 458 690 439
2000 638 2053 694 llll

433 759 490 833 (ab)
502 762 544 822 Ne
558 763 673 824 abbates
686 763 788 825 iaciant
802 757 955 833 milites(u),
969 767 995 818 et
1007 767 1036 816 ut
1050 759 1077 815 in
1100 757 1197 816 eadem
1212 755 1240 817 A
1254 757 1300 830 qui
1324 766 1387 832 post
1406 775 1461 818 non
1482 761 1582 820 multos
1606 762 1781 821 institutionis
1800 777 1857 820 svtae
1871 759 1930 819 dies
1955 761 2056 820 maltos

399 849 554 910 domocum
575 855 715 913 monachis
729 853 784 909 suis
813 851 977 906 manducent
1004 858 1031 905 et
1054 846 1199 916 donniant,
1253 849 1294 904 sui
1320 859 1534 924 transgressores
1552 851 1580 907 in
1594 853 1672 909 omui
1686 851 1827 910 homiuum
1851 866 1951 925 genere
1979 851 2055 909 iecit.

396 938 448 995 nisi
461 942 619 998 necessitate
633 941 725 1014 eliqua
739 939 908 1014 prohibente.
1254 939 1328 993 Sane
1339 939 1412 1010 quod
1427 938 1553 996 ultimum
1569 940 1604 997 de
1612 941 1766 998 renovanda
1772 939 2056 998 excommunicatione

432 1031 472 1084 Ne
488 1021 612 1087 monachi
634 1031 822 1102 poenitentiem
849 1026 936 1085 cuivis
965 1025 1111 1100 injungunt
1138 1023 1200 1082 siue
1253 1026 1404 1102 Dominicis
1418 1028 1514 1084 diebus
1537 1032 1665 1084 statutum
1690 1029 1749 1096 luit,
1776 1029 1896 1102 ipsemet
1911 1027 2059 1085 Anselmus

397 1117 535 1187 permissu
550 1117 655 1174 ebhetis
669 1119 720 1188 sui,
733 1117 844 1190 ecquod
872 1115 1036 1172 abbateseis
1061 1114 1199 1170 licentiam
1252 1115 1405 1170 rationabili
1430 1116 1630 1187 dispensatione
1666 1134 1732 1174 usus
1759 1116 1888 1190 postponi
1911 1116 2055 1174 concessit.

400 1205 434 1260 de
450 1207 501 1262 hoc
517 1204 582 1263 dare
596 1223 650 1262 non
661 1214 784 1279 possunt,
802 1205 856 1262 nisi
873 1205 907 1261 de
921 1204 953 1259 iis
963 1219 1076 1276 quorum
1091 1203 1198 1258 anime·
1252 1202 1341 1258 Finito
1354 1204 1480 1270 concilio,
1494 1206 1637 1262 tusetmus
1651 1207 1791 1263 lundonie
1801 1206 1936 1263 discessit.

395 1308 454 1347 rum
469 1310 560 1350 curam
576 1304 688 1367 gerunt.
1287 1293 1417 1348 l’raeletus
1427 1310 1494 1366 erqo
1508 1295 1653 1368 hogerius,
1676 1297 1731 1366 qui,
1747 1303 1777 1352 ut
1799 1295 1928 1364 disisam
1942 1295 1971 1349 in
1994 1292 2056 1366 epi·

435 1391 475 1444 Nc
490 1385 618 1442 monachi
634 1391 797 1456 compatres,
813 1383 856 1440 vel
871 1381 1014 1439 monache
1037 1387 1198 1438 commatres
1251 1389 1393 1453 scopatum
1408 1382 1636 1440 Harelordensem
1650 1391 1809 1456 assumptus
1822 1391 1890 1453 esec
1905 1399 1921 1440 e
1936 1382 2052 1456 vestigio

394 1476 473 1621 fia'lie
487 1561 613 1620 monachi
630 1567 738 1617 teneant
750 1560 830 1618 villas
845 1559 879 1614 ad
894 1559 1009 1615 firmem.

431 1655 474 1710 Ne
488 1650 618 1708 monachi
633 1647 761 1706 ecelesias
769 1649 821 1704 nisi
828 1666 878 1720 per
900 1645 1194 1720 episcoposaccipiant,

397 1758 485 1813 neque
496 1735 1021 1810 sibidatasexspolientsuisredditibus,
1042 1736 1196 1808 utpreshy·

401 1829 452 1886 teri
466 1828 504 1884 ibi
517 1827 667 1885 servientes
681 1826 709 1882 iu
723 1825 756 1882 iis
769 1843 829 1898 quae
848 1826 939 1882 sibiet
952 1825 1075 1884 ecclesiis
1097 1839 1196 1883 neces·

395 1918 466 1974 saria
482 1923 544 1973 sunt
556 1915 698 1987 penuriam
712 1914 859 1986 patientur.

433 2009 468 2065 Ut
479 2005 547 2062 tides
561 2003 632 2061 inter
644 2004 731 2061 vimm
747 2011 774 2060 et
792 2002 932 2060 mulierem
956 2001 1062 2060 occidte
1088 2010 1116 2060 et
1138 2001 1198 2059 sine

1249 1470 1277 1524 in
1291 1471 1351 1542 ipsa
1366 1470 1477 1528 civitate
1491 1473 1644 1530 Luudouiae
1662 1475 1740 1546 gravi
1767 1471 1926 1529 infirmitate
1942 1486 2054 1544 percus·

1250 1575 1295 1613 sus
1308 1561 1344 1614 ad
1356 1561 1620 1617 extremedeductua
1634 1569 1684 1617 est.
1699 1560 1763 1632 Qui,
1773 1577 1837 1618 eum
1851 1576 1880 1617 se
1893 1559 2049 1635 proximum

1250 1647 1330 1704 morti
1354 1648 1473 1718 sentiret,
1497 1649 1582 1707 misso
1603 1650 1698 1706 nuntio
1718 1666 1779 1706 cum
1804 1647 1920 1722 epistole
1940 1646 2050 1722 rogavit

1249 1737 1408 1794 anselmum
1431 1747 1562 1809 quatenus
1585 1740 1749 1811 praeciperet
1779 1737 1887 1796 duobos
1913 1735 2050 1810 episcopis

1250 1826 1316 1893 suls,
1342 1827 1524 1883 bundonicusi
1545 1827 1673 1885 uidelicet
1685 1825 1906 1899 atquettottenst,
1921 1834 1951 1882 ut
1975 1841 2049 1896 eum,

1250 1920 1395 1988 antequem
1406 1924 1570 1985 moreretur,
1585 1915 1637 1971 suh
1649 1915 1789 1972 eeleritate
1813 1914 1970 1987 episcopum
1979 1928 2051 1972 con·

1250 2011 1397 2061 secrurent.
1415 2003 1496 2073 Quod
1510 2003 1571 2076 ipse
1584 2003 1701 2062 audiens
1718 2002 1906 2075 insipientiam
1932 2001 2053 2061 bominis

397 2094 517 2152 testibus
534 2094 569 2151 da
583 2091 711 2164 conjugio
736 2092 809 2161 dats,
835 2091 857 2148 si
882 2091 917 2147 ab
940 2091 1068 2148 atterutro
1096 2101 1198 2164 negata
1212 2107 1239 2168 B
1253 2091 1403 2148 admiratus
1417 2091 1558 2166 paululum
1570 2091 1689 2163 subrisit,
1703 2091 1825 2166 nihilque
1835 2091 2001 2164 respondens
2016 2090 2053 2147 ed

396 2183 487 2252 fucrit,
503 2181 579 2238 irrita
593 2181 734 2238 habeatur.

429 2291 465 2348 ttv
477 2289 565 2345 criniti
574 2287 613 2344 sic
624 2287 787 2345 tondeantur
804 2295 833 2344 ut
859 2301 923 2358 pars
937 2285 1042 2343 aurium
1056 2295 1195 2359 appareat,

393 2389 420 2436 et
434 2377 504 2437 oculi
517 2393 572 2436 non
583 2385 718 2450 tegentur.

425 2464 684 2541 Necoqnetiusquc
699 2463 734 2521 ad
758 2463 902 2536 septimam
929 2463 1135 2537 generationem
1160 2461 1197 2520 ed

391 2555 550 2630 conjugium
565 2570 619 2612 non
634 2553 806 2625 copulentur,
830 2551 874 2608 val
889 2551 1008 2624 copulati
1038 2551 1120 2608 simul
1135 2567 1196 2622 per·

390 2651 568 2711 maneant,at
584 2642 680 2716 siquis
699 2641 780 2713 hujus
807 2639 929 2698 incestus
948 2641 1075 2698 conscius
1104 2638 1196 2708 luerit,

394 2742 420 2790 et
435 2725 490 2790 nun
510 2731 671 2800 ostenderit,
695 2729 819 2801 ejusdem
834 2729 954 2786 crimims
980 2744 1011 2785 se
1034 2727 1196 2802 participem

393 2837 453 2878 esse
467 2828 626 2894 cognoseat.

424 2911 465 2966 Ne
481 2923 595 2980 corpora
608 2907 799 2965 defunctorum
827 2915 904 2963 extra
929 2906 1088 2978 parochiam
1117 2921 1196 2962 suam

393 2997 551 3069 repellenda
564 3003 717 3067 portentur.

423 3085 459 3141 Ut
473 3083 616 3156 presbyter
629 3083 768 3154 parochiae
783 3082 881 3155 perdet
895 3083 969 3154 quod
983 3083 1047 3140 inde
1071 3081 1110 3138 illi
1124 3083 1196 3154 juste

388 3171 511 3228 debetur.

423 3259 464 3315 Ne
480 3258 541 3329 quis
561 3257 829 3317 temerariunovitete
840 3257 999 3331 corporibus
1013 3267 1193 3326 mortuorum,

388 3355 435 3405 aut
450 3346 581 3417 lontibus,
598 3355 643 3404 eut
661 3347 722 3403 aliis
736 3347 830 3414 rebus,
842 3347 914 3419 quod
929 3345 1079 3419 contigisse
1093 3364 1195 3421 cogno·

388 3435 487 3505 vimus,
503 3436 560 3492 siue
577 3435 731 3508 episcopali
746 3437 908 3494 auctoritate
931 3436 1109 3493 reverentiam
1124 3452 1194 3493 aau-

387 3524 488 3582 ctitatis
501 3525 637 3581 exhibeat.

426 3632 469 3689 Ne
484 3632 544 3703 quis
571 3631 640 3688 illud
653 3630 793 3687 helarium
809 3632 949 3705 negotium
981 3648 1035 3703 quo
1063 3633 1196 3689 hacteuus

390 3720 519 3777 homines
534 3722 562 3775 iu
575 3721 677 3799 Aegiis
692 3720 816 3776 solebant
833 3722 889 3791 (aa)
904 3722 976 3777 velut
999 3722 1078 3778 bruta
1092 3722 1195 3777 anime-

387 3807 425 3864 lie
439 3808 600 3877 venundari,
616 3809 746 3879 deinceps
763 3808 897 3865 ullatenus
912 3810 1003 3866 iecere
1016 3818 1175 3881 praesumat.

423 3913 626 3970 Sodomiticum'
644 3913 777 3986 tlegitium
798 3914 939 3984 iacientes,
963 3922 989 3971 et
1013 3930 1061 3971 eos
1089 3915 1117 3970 in
1143 3915 1197 3971 hoc

390 4001 546 4057 voluntarie
572 4002 709 4072 juvantes,
740 4002 769 4056 iu
785 4000 837 4059 hoc
861 4003 960 4059 eodem
987 4002 1103 4059 concilio
1117 4020 1196 4076 gravi

391 4089 564 4146 anathemate
578 4087 697 4145 damuati
713 4095 785 4157 sunt,
807 4090 895 4147 donec
908 4091 1073 4162 poenitcntia
1084 4100 1110 4147 et
1127 4107 1196 4147 cou-

393 4176 515 4231 lessiaue
541 4176 740 4233 absolutionem
775 4184 938 4234 mereantur.
968 4176 1019 4247 Qui
1056 4194 1121 4236 vero
1145 4180 1197 4236 lvoc

393 4265 510 4322 erimine
536 4264 688 4337 publicatus
713 4264 803 4335 luerit,
827 4272 955 4323 statutum
983 4274 1036 4336 est,
1064 4268 1197 4339 siquidem

395 4354 476 4410 luerit
489 4367 612 4425 persone
635 4352 760 4426 religiosi
780 4354 894 4421 ordinis,
909 4363 938 4410 ut
952 4356 987 4411 ad
999 4355 1103 4411 nullum
1134 4374 1197 4413 am-

393 4440 465 4512 plius
478 4441 592 4515 gradum
607 4449 812 4513 promoveatur,
827 4450 863 4511 et,
881 4442 1097 4516 siquemhabct‚
1108 4445 1197 4503 abillo

393 4530 553 4603 deponetur.
570 4530 598 4587 Sl
614 4538 703 4586 autem
721 4529 816 4601 laicus,
832 4540 861 4585 ut
875 4532 903 4587 ln
916 4541 1064 4607 totoregno
1078 4535 1197 4607 Angllae,

393 4617 475 4691 legali
505 4634 561 4673 succ
580 4617 747 4675 conditionis
780 4618 914 4691 dignitate
948 4620 1075 4691 privetur.
1104 4622 1138 4677 Et
1164 4639 1199 4679 ne

393 4706 473 4777 hujus
487 4706 815 4763 criminisabsolutionem
844 4707 876 4762 iis
902 4708 998 4780 quise
1024 4710 1075 4765 sub
1103 4711 1199 4784 regule

394 4795 486 4853 vivere
510 4811 564 4852 nova
579 4797 725 4863 noverunt,
751 4794 850 4867 aliquis
864 4794 915 4850 nisi
939 4796 1085 4867 episcopus
1107 4799 1242 4871 lacereD

392 4893 551 4957 proeaumet.

429 4990 684 5061 Statutuvuquoque
712 4998 752 5047 est
780 4996 809 5045 ut
831 5006 882 5061 per
906 4998 989 5047 totam
1014 4992 1139 5065 dugliem
1169 4994 1195 5051 in

394 5076 522 5135 omuibus
537 5078 689 5134 Dominicis
701 5076 797 5134 diebus
826 5079 1069 5138 excommunicatio
1082 5082 1196 5154 prelata

394 5174 550 5223 renovetur.

430 5271 464 5327 Et
492 5272 542 5327 hoc
572 5272 682 5343 quidem
698 5271 900 5331 Luudonieusis
915 5276 1021 5334 concilii
1045 5284 1133 5361 textus
1147 5284 1198 5335 est.

1250 2181 1398 2255 postulate,
1409 2180 1555 2238 nuntiume
1568 2181 1690 2251 sesicut
1702 2181 1786 2250 venit,
1808 2195 1924 2238 vacuum
1948 2177 2051 2237 emisit.

1251 2273 1285 2329 lit
1297 2271 1344 2328 ille
1359 2269 1470 2342 quidem
1483 2285 1550 2326 mox
1562 2268 1710 2327 bundoniae
1722 2277 1842 2326 mortuus
1867 2277 1918 2337 est,
1945 2275 1975 2326 et
1986 2282 2053 2326 cen·

1249 2359 1380 2416 cellerius
1394 2359 1510 2432 reginas,
1525 2357 1687 2416 lleiuelmus
1700 2358 1821 2429 nomine,
1836 2357 1898 2416 loco
1911 2355 2052 2431 illiusperl

1251 2448 1410 2506 investitura
1422 2447 1595 2521 subrogatus.

1285 2535 1394 2593 Mittens
1405 2550 1472 2610 erqo
1481 2551 1529 2591 rex
1542 2534 1651 2609 rogavit
1675 2535 1842 2604 Anselrnum,
1855 2541 1988 2607 quatenus
2000 2549 2052 2608 pro

1251 2625 1372 2697 suajure
1385 2626 1436 2682 hoa
1449 2624 1556 2682 noviter
1577 2625 1679 2682 electos
1706 2638 1768 2681 eum
1796 2622 1957 2682 willhelmo
1979 2622 2053 2693 jern-

1250 2713 1353 2770 dudum
1366 2713 1513 2770 Wentente
1526 2712 1644 2769 civitatis
1665 2712 1798 2786 episcopo
1812 2711 1899 2770 electo
1912 2727 2053 2770 conscen-

1249 2810 1300 2859 tet.
1326 2801 1478 2874 Respondit
1493 2819 1500 2858 :
1515 2825 1526 2850 ι
1542 2801 1678 2874 Equidem
1685 2800 1879 2859 willhelmum
1889 2799 2052 2858 iibenscon·

1249 2891 1375 2960 secraho,
1403 2889 1452 2947 sed
1470 2891 1545 2963 quod
1567 2891 1603 2946 de
1616 2906 1703 2962 nuper
1715 2889 1851 2947 investitis
1863 2889 1935 2948 iuter
1959 2904 2006 2946 me
2025 2897 2053 2947 et

1250 2979 1326 3035 illum
1341 2980 1477 3048 convenit,
1507 2993 1562 3035 non
1575 2978 1697 3036 mutabo.
1716 3003 1728 3028 a
1743 2981 1781 3034 At
1794 2979 1852 3048 ille,
1867 2977 1990 3036 nonnihil
2016 2978 2053 3036 eb

1249 3067 1333 3124 enimi
1361 3066 1556 3140 tranquillitate
1578 3075 1800 3134 motetus,unum
1812 3068 1871 3124 sine
1884 3067 1945 3124 aliie
1962 3066 2051 3137 dium,

1249 3171 1280 3212 se
1293 3156 1412 3226 vivente,
1422 3172 1477 3214 non
1490 3165 1670 3225 meretumm,
1691 3158 1853 3228 interposito
1868 3164 2050 3229 sacramcmo,

1248 3244 1373 3301 asseruit.
1389 3246 1455 3301 Erat
1469 3245 1571 3316 quippe
1585 3245 1659 3302 idem
1677 3245 1857 3303 wilihelmus
1868 3245 1896 3302 in
1909 3245 2051 3317 episcope·

1248 3339 1305 3389 tum
1320 3335 1476 3403 Weutauae,
1491 3343 1521 3390 ut
1534 3335 1752 3407 prelibavimus,
1766 3335 1893 3405 civitatis,
1922 3333 2052 3393 Anselmo

1249 3423 1368 3479 necdum
1392 3422 1428 3478 ab
1455 3423 1554 3481 exsilio
1568 3426 1832 3495 revocatqetectus,
1852 3426 1900 3482 sed
1913 3425 1974 3497 ipse
1998 3439 2052 3483 nec

1250 3510 1377 3568 electioni
1391 3512 1558 3579 consentire,
1574 3528 1626 3570 nec
1638 3513 1766 3570 baculum
1777 3512 1829 3569 sibl
1846 3527 1939 3587 ereqa
1951 3526 2051 3584 porre-

1250 3606 1323 3656 ctum
1338 3600 1488 3672 suscipere,
1513 3616 1565 3658 nee
1579 3601 1716 3661 schussel
1738 3602 1828 3658 causis
1848 3600 2052 3673 episcopalibus

1250 3688 1307 3743 ullo
1321 3687 1430 3746 volebat
1456 3698 1538 3761 pacto
1561 3690 1862 3747 intenderellevocato
1876 3698 1966 3746 autem
1993 3692 2052 3745 An-

1250 3777 1349 3846 selmo,
1366 3778 1455 3833 clems
1468 3778 1622 3849 etpopulns
1633 3778 1659 3835 ei
1686 3778 1821 3845 insistere,
1836 3794 1869 3833 ac
1881 3786 1911 3834 ut
1937 3775 2053 3835 electum

1251 3882 1329 3921 suum
1347 3865 1400 3921 sibi
1428 3866 1589 3937 preficeret,
1611 3882 1713 3940 magno
1740 3875 1884 3939 coeperunt
1896 3880 1980 3940 opere
2002 3882 2054 3939 po·

1189 4003 1195 4013 .
1251 3954 1365 4009 stulare.
1378 3952 1475 4009 billert
1488 3954 1558 4026 ipse,
1572 3970 1623 4011 nec
1634 3954 1751 4011 subitum
1779 3954 1884 4027 proehd
1897 3969 2051 4012 ameumm.

1251 4041 1372 4097 Tandem
1382 4050 1473 4098 temen
1487 4050 1616 4100 eteorum
1639 4043 1804 4115 assiduitate,
1819 4052 1846 4100 et
1858 4042 2053 4103 ecclesiasticae

1251 4130 1417 4185 necessitatis
1454 4132 1674 4189 consideratione
1705 4140 1854 4205 promotus,
1891 4133 2054 4191 connivente

1250 4233 1325 4291 rege,
1341 4219 1533 4277 willhelmum
1542 4221 1570 4276 in
1585 4219 1746 4290 Ecclesiam,
1761 4221 1959 4279 exsultantibus
1980 4238 2051 4279 cun·

1251 4307 1303 4363 ctis
1317 4310 1494 4366 etmonachis
1507 4310 1595 4382 ipsius
1607 4310 1736 4367 Ecclesiae
1759 4311 1857 4368 tostire
1879 4312 2053 4382 procedenti·

1252 4396 1313 4464 bus,
1330 4395 1450 4468 adduxit,
1466 4412 1500 4454 ac
1513 4398 1641 4456 Wentani
1654 4397 1826 4469 pontificatus
1842 4415 1939 4455 curam
1954 4399 2052 4467 ei,aub

1251 4485 1397 4555 presentie
1412 4486 1493 4541 totius
1506 4486 1687 4544 multitudinis
1701 4488 1765 4545 dato
1785 4486 1882 4545 baculo
1908 4488 2052 4561 pastorali,

1253 4571 1401 4645 delegavit.
1415 4574 1493 4631 ttunc
1502 4574 1587 4647 igitur
1596 4574 1635 4632 ita
1649 4576 1764 4633 electum
1779 4577 1869 4634 visum
1889 4584 1931 4633 est
1943 4576 2053 4648 pontili-

1252 4661 1305 4717 cali
1319 4661 1511 4719 benedictione
1524 4677 1579 4720 uon
1588 4679 1650 4719 esse
1668 4665 1730 4736 jure
1751 4664 1980 4723 defraudandum.
1995 4666 2054 4724 Sed

1257 4764 1319 4803 cum
1335 4764 1384 4805 res
1399 4750 1476 4807 illum
1491 4751 1620 4809 sinealiis
1634 4752 1746 4809 sacrarii
1765 4753 1924 4825 permittere
1949 4768 2054 4827 neque·

1256 4852 1348 4907 quam,
1359 4853 1409 4895 uec
1423 4839 1567 4897 lusetmus
1580 4856 1628 4897 eos
1645 4856 1707 4898 cum
1720 4841 1768 4899 illo
1795 4857 1904 4899 sacrare
1917 4841 2053 4900 ullatenus

1251 4925 1522 4997 acquiescerevellet,
1546 4930 1678 5001 praecepit
1687 4946 1734 4987 rex
1750 4938 1779 4986 ut
1797 4931 1934 4987 Gerardus
1947 4930 2052 4988 libore·

1251 5013 1339 5069 censis
1371 5016 1452 5071 simul
1477 5031 1573 5074 omues
1596 5026 1724 5075 sacraret.
1746 5018 1826 5089 Quod
1848 5018 1895 5075 ubi
1920 5019 2052 5091 prolutus

1252 5102 1409 5160 iteinelmus
1418 5105 1542 5175 advertit,
1559 5107 1650 5163 retulit
1676 5108 1735 5181 regi
1758 5106 1885 5165 baculum
1907 5116 1934 5165 et
1958 5123 2050 5165 aunu-

1250 5190 1308 5246 lum
1323 5208 1392 5264 quos
1399 5209 1430 5249 se
1444 5192 1543 5265 injuria
1557 5196 1708 5267 suscepisse
1723 5194 1844 5265 dolebat,
1868 5196 1958 5254 sciens
1985 5197 2051 5271 quie

1253 5278 1471 5339 maledictionem
1493 5300 1544 5355 pru
1557 5282 1745 5344 benedictione
1770 5284 1929 5357 susciperet,
1951 5286 1975 5343 si
2003 5285 2052 5344 tati

1051 5426 1267 5486 ubbsttttttttt
1286 5428 1398 5487 NO'l’AE.

398 5585 458 5627 reor
481 5584 515 5625 ne
541 5569 712 5627 librariomm
741 5574 816 5643 vitio,
834 5582 1019 5634 truncatas-ox
1034 5580 1140 5660 popina
1167 5579 1197 5634 iu

397 5643 513 5713 piscar,
531 5640 637 5698 abierit.
659 5644 737 5699 Certe
764 5646 893 5715 synodica
922 5648 1045 5705 llacberiv
1073 5650 1197 5720 ciscopi

398 5713 565 5769 Veronensis
598 5714 631 5768 ed
665 5714 850 5787 presbyteros,
891 5718 1030 5792 Spicllcgii
1049 5668 1197 5777 Arderiani

400 5790 474 5841 tomo
490 5784 523 5853 ll,
539 5800 605 5855 pec.
628 5788 689 5851 adt,
719 5802 848 5857 expresse
876 5789 1001 5847 bortatur
1023 5792 1197 5865 presbyteros

403 5855 497 5913 dicens
513 5870 519 5910 :
539 5878 549 5903 u
590 5856 655 5914 clite
669 5856 696 5912 in
712 5857 832 5915 tabernis
844 5859 974 5918 bibere.»

436 5927 476 5999 (a)
486 5926 630 5998 Quomodo
638 5926 797 5989 illustriores
810 5932 941 5991 eutistites
964 5934 1010 6006 jus
1021 5932 1073 5991 sibi
1087 5948 1197 6007 erroga-

1251 5580 1305 5635 riut
1318 5597 1379 5636 cum
1394 5581 1509 5639 solemni
1523 5585 1736 5641 caeremoniacin
1758 5586 1822 5642 endi
1834 5585 1947 5653 milites,
1956 5584 2052 5643 sivein

1251 5651 1374 5709 ordinem
1386 5662 1539 5726 equestrem
1554 5655 1719 5723 ascribendi,
1750 5665 1793 5712 ate
1807 5656 1906 5729 probat
1916 5656 2053 5713 seldenus

1251 5722 1285 5777 ud
1300 5724 1372 5780 trunc
1387 5725 1486 5790 locum,
1498 5725 1631 5799 docetque
1658 5742 1693 5783 ex
1715 5726 1959 5798 llalmesburiensi,
1985 5725 2053 5785 Giu-

1250 5793 1372 5849 lielmum
1388 5794 1496 5868 bulum,
1525 5799 1618 5854 levore
1643 5798 1673 5854 ll.
1693 5798 1858 5856 undenae·
1881 5812 1970 5881 usum,
1988 5818 2001 5849 a
2017 5811 2052 5856 eo

1250 5864 1412 5994 quoqueum
1435 5866 1494 5937 ipse
1516 5868 1707 5926 Laudlraneus
1724 5870 1856 5927 nutrierat
1880 5878 1908 5927 et
1933 5866 2051 5927 militem

1263 5950 1312 5995 coc
1358 5959 1393 5992 .·
