4750 6725
326 537 374 594 ιιι
889 527 1054 592 HISTORIA
1067 533 1251 596 NOVORUM.
1266 543 1380 600 —bllA
1396 545 1431 600 11.
1930 563 1983 623 m

328 663 483 730 ricoreent,
510 668 538 716 et
560 661 686 716 eumdem
708 660 797 731 ipsum
818 675 869 730 pro
892 659 1077 731 redemptione
1101 659 1168 720 etA
1183 667 1342 738 susciperet.
1367 669 1420 739 Qui
1444 673 1571 730 decessus
1595 676 1668 746 ritae,
1694 678 1741 735 ubi
1763 681 1884 752 ejusdem
1907 692 1983 762 regis

327 749 416 806 salute
442 747 525 804 totius
546 748 640 803 mundi
664 747 763 804 summi
795 747 845 805 Dei
878 747 965 804 Patris
995 748 1132 804 obtutibus
1185 755 1296 811 auribus
1311 757 1439 830 insonuit,
1453 762 1614 832 respondit:
1634 787 1645 814 ι
1662 767 1696 822 Et
1711 767 1760 825 Dei
1775 769 1867 828 odium
1882 774 1984 836 babeat

327 838 454 908 offerant,
480 839 509 892 in
532 838 603 894 hanc
626 837 804 909 ignominiam
831 836 949 904 detrudi,
974 846 1003 893 ut
1026 837 1132 895 ancillae
1185 843 1231 914 qui
1246 844 1309 900 inde
1324 856 1409 903 curat.
1428 850 1612 922 »Adiecitque
1628 873 1634 908 :
1653 878 1664 903 n
1682 853 1732 914 Ille
1746 875 1811 915 vero
1831 863 1876 932 qui
1899 867 1982 923 modo

326 925 394 983 liant
424 942 515 982 earum
540 941 668 982 manuum
692 943 752 997 quse
774 926 820 982 die
847 943 879 981 ac
902 935 981 982 nocte
1004 925 1131 983 obscenis
1182 947 1255 1003 papa
1271 937 1309 1004 (a)
1326 943 1376 1004 est,
1392 939 1545 1008 cujusmodi
1560 941 1721 999 estmuj
1736 948 1984 1023 ruminaliquihus

325 1015 461 1088 contagiis
485 1015 671 1086 inquinantur,
697 1014 803 1088 rapinis
827 1031 858 1070 ac
882 1015 992 1086 injuste
1015 1017 1130 1088 sangui-
1182 1022 1312 1078 Auselmo
1327 1025 1534 1098 archiepiscopo
1548 1030 1644 1086 similis
1659 1032 1800 1106 diceretur,
1816 1040 1875 1094 ait:
1903 1066 1914 1089 .
1933 1045 1983 1100 Per

326 1121 391 1160 nuru
403 1103 528 1160 eflusioni
540 1104 657 1160 addictae
666 1105 907 1160 commaculantur.
922 1105 1130 1175 llispraesentes
1182 1110 1286 1165 vultum
1304 1113 1364 1180 Dei,
1380 1115 1401 1168 si
1418 1116 1478 1170 talis
1493 1125 1544 1186 est,
1561 1134 1615 1174 non
1628 1122 1708 1178 valet.
1735 1125 1924 1186 Verumtamen
1948 1134 1984 1190 δὴ

324 1193 439 1263 fuimus,
454 1194 513 1250 baec
527 1193 729 1264 conspeximus,
745 1194 788 1248 his
802 1193 838 1248 ab
853 1194 997 1262 universis,
1006 1193 1126 1264 tiat,fiat,
1181 1201 1264 1255 modo
1279 1201 1336 1271 ipse
1350 1217 1401 1272 per
1415 1219 1452 1269 se,
1469 1206 1532 1277 quia
1545 1223 1596 1276 per
1609 1209 1661 1266 boc
1675 1220 1702 1266 et
1715 1213 1767 1268 boc
1787 1227 1904 1287 papatus
1918 1237 1982 1278 suus

325 1282 473 1338 anclanrsri
488 1282 643 1338 audivimus
656 1291 683 1338 et
701 1282 728 1337 in
752 1281 795 1336 his
818 1289 1035 1338 consummatum
1060 1299 1127 1339 con·
1181 1304 1236 1345 nou
1247 1290 1368 1346 ascendit
1380 1293 1431 1347 hac
1444 1293 1504 1350 vice
1518 1311 1600 1366 super
1613 1313 1666 1354 me.
1680 1299 1741 1373 Ego
1761 1303 1869 1360 iuterim
1892 1307 1979 1365 liber.

324 1371 417 1428 cilium
432 1372 541 1427 scimus.
1181 1383 1236 1433 tute
1250 1379 1351 1448 potitus
1365 1395 1448 1453 agam
1468 1384 1541 1452 quod
1565 1384 1671 1441 libet.»
1696 1390 1754 1446 Nec
1775 1392 1847 1448 enim
1868 1397 1980 1465 putabat

361 1460 471 1516 Postera
485 1460 539 1528 die,
564 1467 677 1531 accepta
699 1459 818 1528 licentia,
840 1459 927 1516 Roma
947 1459 1125 1532 digredimur,
1180 1467 1358 1536 apostolicum
1373 1469 1446 1523 orbis
1460 1487 1543 1541 posse
1557 1473 1585 1528 in
1599 1489 1683 1547 regno
1697 1493 1746 1535 suo
1760 1495 1821 1536 esse
1833 1484 1977 1554 cujuslibet

322 1549 391 1604 nibil
413 1549 509 1620 judicii
533 1548 577 1604 vel
610 1548 806 1614 subventionis,
840 1560 1020 1622 preterquam
1053 1551 1126 1621 quod
1176 1555 1255 1624 juris,
1271 1557 1323 1611 nisi
1336 1559 1486 1626 permissus
1507 1576 1523 1614 a
1546 1577 1589 1618 se.
1617 1561 1741 1631 Qualiter
1756 1584 1823 1640 ergo
1847 1571 1979 1644 deinceps

326 1638 456 1706 diximus,
473 1653 522 1708 per
540 1636 693 1694 Romanum
716 1639 859 1708 praesulem
879 1640 963 1695 nacti.
988 1640 1039 1696 Via
1061 1655 1126 1696 vero
1178 1659 1238 1700 sese
1253 1645 1385 1714 habuerit,
1401 1647 1435 1702 ad
1450 1647 1503 1702 alia
1516 1649 1653 1706 festinanti
1668 1654 1786 1712 seribere
1797 1670 1978 1730 opportunum

321 1726 458 1784 redeundi
473 1736 536 1784 tunc
552 1725 681 1797 temporis
695 1726 789 1782 multis
811 1735 868 1783 erat
889 1729 1018 1799 periculis
1040 1728 1125 1786 obno·
1181 1749 1235 1789 nou
1252 1742 1305 1790 est.
1322 1737 1447 1791 Attamen
1462 1737 1589 1795 libertate
1605 1755 1697 1810 quase
1719 1746 1832 1815 potitum
1847 1750 1978 1821 gloriatus

321 1817 378 1885 xis,
404 1816 455 1872 sed
478 1823 640 1887 protegente
660 1829 712 1871 nos
733 1816 860 1882 Domino,
885 1817 1006 1886 pericula
1029 1827 1125 1874 cuncta
1177 1827 1218 1874 est
1232 1834 1285 1875 non
1306 1819 1351 1875 diu
1375 1819 1427 1875 frui
1451 1822 1598 1892 permissus
1621 1832 1672 1880 est.
1698 1827 1775 1884 Prius
1801 1832 1872 1888 enirn
1894 1852 1976 1907 quam

323 1905 472 1972 evasimus,
489 1918 523 1961 ac
538 1903 697 1977 Lugdunum
712 1903 792 1960 illaesi
806 1906 988 1976 pervenimus,
1004 1906 1050 1962 ubi
1060 1923 1122 1963 cum
1176 1924 1263 1962 annus
1277 1908 1391 1977 tmnsiit,
1408 1908 1547 1980 insperata
1562 1920 1590 1968 et
1611 1914 1699 1970 subita
1722 1926 1809 1976 morte
1830 1937 1976 1991 percussus

320 2008 429 2049 summa
443 1992 617 2049 veneratione
631 1992 786 2066 gaudioque
800 1994 930 2065 suscepti,
946 2003 972 2050 et
991 2011 1006 2051 a
1028 1995 1121 2067 ponti·
1135 2011 1162 2071 Β
1178 2011 1240 2052 earn
1253 1996 1381 2068 perdidit.
1398 1995 1519 2054 October
1532 2015 1649 2072 namque
1663 2004 1767 2061 audivit
1780 2023 1843 2064 eum
1856 2011 1975 2083 glorian·

323 2082 375 2138 lice
389 2081 505 2139 civitatis
518 2081 630 2148 detenti,
654 2081 824 2138 mansionem
843 2091 965 2140 nostram
995 2084 1051 2142 illic
1073 2085 1122 2141 fir·
1178 2090 1243 2150 tem,
1259 2082 1378 2138 secunda
1393 2083 1452 2138 dies
1465 2086 1603 2155 sequentis
1617 2090 1730 2161 Augusti
1748 2092 1816 2149 vidit
1839 2111 1902 2152 eum
1925 2113 1976 2154 ex·

324 2170 469 2234 munimus,
492 2169 598 2226 amissa
620 2171 694 2226 omni
724 2169 823 2228 fiducia
855 2172 968 2228 ulterius
1003 2182 1125 2247 tempore
1178 2171 1337 2244 spirantem.
1355 2171 1495 2244 Siquidem
1509 2174 1554 2231 illa
1568 2175 1613 2232 die
1636 2193 1717 2236 mane
1738 2197 1852 2252 pransus
1874 2185 1903 2241 iu
1925 2187 1976 2243 sil-

320 2259 478 2316 Willbelmi
488 2258 563 2332 regis
571 2259 698 2331 Augliam
713 2261 861 2316 remeandi.
878 2261 992 2318 Habitus
1005 2270 1048 2319 est
1059 2279 1125 2336 ergo
1179 2277 1242 2317 vam
1258 2259 1308 2332 (b),
1324 2269 1451 2318 reustum
1464 2261 1520 2330 ivit,
1536 2263 1628 2335 ibique
1639 2267 1739 2340 sagitta
1757 2270 1785 2324 in
1808 2274 1890 2330 eorde
1911 2292 1976 2346 per-

324 2349 365 2404 ibi
379 2348 534 2417 Anselmns,
551 2364 605 2405 non
623 2349 695 2405 sicut
709 2351 818 2419 hospes,
835 2357 880 2406 unt
895 2351 1063 2423 peregrinus,
1078 2351 1126 2408 sed
1179 2367 1284 2419 cussus,
1299 2349 1472 2421 impoenitens
1487 2359 1514 2407 et
1523 2351 1691 2410 inconfessus
1703 2359 1844 2433 evestigio
1854 2372 1977 2422 mortuus

321 2437 393 2494 sicut
406 2437 546 2510 indigena,
562 2441 590 2494 et
602 2453 667 2494 rere
683 2436 734 2492 loci
753 2437 878 2493 dominus
901 2438 973 2495 unde
995 2457 1126 2510 nusquam
1179 2448 1231 2507 est,
1247 2439 1361 2495 etomni
1376 2440 1564 2498 hominemex
1578 2442 1722 2500 derelictus
1746 2448 1814 2516 (ii).
1837 2449 1906 2518 Quae
1927 2468 1976 2508 sa.

321 2527 383 2599 ipse
406 2527 492 2598 ipsius
514 2526 593 2581 urbis
617 2525 738 2593 antistes,
772 2541 806 2582 ec
837 2535 981 2597 praesente,
1006 2544 1056 2585 suo
1078 2545 1125 2585 vo·
1178 2529 1248 2601 gitta
1261 2539 1362 2598 utrum,
1378 2528 1448 2585 sicut
1462 2529 1573 2601 quidam
1596 2532 1680 2602 aiunt,
1700 2533 1775 2602 jacta
1794 2536 1883 2608 ipsum
1907 2557 1975 2611 par.

320 2615 398 2672 lebat
421 2616 484 2672 loco
508 2615 667 2686 presidere,
692 2615 741 2672 sed
763 2615 926 2686 praesidente
946 2616 1047 2686 ubique
1070 2620 1127 2672 An·
1178 2617 1302 2685 cusserit,
1317 2633 1362 2682 an,
1387 2617 1459 2686 quod
1482 2617 1574 2688 plures
1593 2618 1736 2691 affirmant,
1759 2623 1838 2680 illum
1859 2629 1978 2698 pedibus

320 2705 418 2775 selmo,
434 2703 572 2760 inferioris
586 2712 613 2760 et
626 2703 791 2776 suffraganei
811 2704 873 2761 loco
887 2705 968 2760 simul
991 2712 1018 2760 et
1034 2704 1127 2762 officio
1178 2704 1361 2761 offendentem
1374 2719 1510 2775 superque
1523 2715 1645 2763 ruentem
1663 2709 1802 2779 occiderit,
1826 2713 1977 2786 disquirere

320 2793 389 2850 mira
428 2792 526 2850 ductus
562 2793 713 2848 bumilitate
763 2792 938 2864 fungebatur.
983 2792 1127 2850 Anselmus
1177 2794 1294 2850 otiosum
1319 2801 1455 2864 putamus,
1483 2809 1545 2848 cum
1577 2795 1648 2852 seira
1678 2796 1794 2856 sufficiat
1818 2817 1881 2858 euru
1902 2806 1977 2876 justo

322 2881 494 2946 festivitates,
523 2896 618 2938 saeros
650 2881 769 2947 ordines,
805 2881 982 2936 ecclesiarum
1013 2881 1128 2938 dedica·
1174 2883 1280 2954 judicio
1293 2883 1343 2939 Dei
1357 2891 1524 2953 prostratum
1533 2892 1617 2957 atque
1627 2893 1755 2942 necatum
1763 2890 1810 2958 (o).
1823 2892 1873 2950 llic
1882 2909 1976 2953 occur·

320 2970 409 3027 tiones
424 2969 590 3039 celebrabat,
606 2977 633 3026 et
646 2969 812 3042 pontificalis
826 2985 941 3043 quaeque
965 2969 1051 3028 officia
1074 2970 1126 3026 sd·
1177 2973 1216 3028 rit
1228 2972 1320 3028 animo
1333 2972 1398 3044 quid
1411 2988 1460 3028 rex
1474 2971 1524 3028 iste
1538 2973 1687 3044 quondam,
1698 2984 1815 3050 utsupra
1823 2983 1973 3052 retulimus,

319 3058 505 3115 ministrabat.
1178 3061 1300 3120 liciensi
1314 3060 1444 3132 episeopo
1462 3061 1570 3129 dixerit,
1595 3062 1726 3122 videlicet
1745 3068 1836 3136 quod:
1862 3093 1874 3120 ι
1900 3073 1977 3130 Deus

361 3147 416 3204 Sed
430 3163 492 3204 curn
508 3146 587 3202 multi
602 3146 695 3219 agnita
709 3147 907 3204 benevolentiae
921 3147 981 3218 ejus
996 3148 1126 3220 amplitu-
1178 3166 1317 3221 nunquam
1339 3165 1401 3206 euru
1423 3150 1523 3206 bonum
1553 3151 1695 3208 habiturus
1723 3164 1795 3211 esset
1826 3173 1876 3229 pro
1904 3161 1977 3219 malo

321 3236 387 3292 dine
402 3235 437 3291 ad
453 3252 515 3292 eurn
530 3243 734 3304 concurrerent,
749 3243 776 3293 et
787 3245 987 3293 sacramentum
1011 3237 1126 3308 imposi-
1178 3242 1252 3316 quod
1266 3239 1322 3296 sibi
1333 3238 1453 3306 inferret,
1471 3263 1483 3288 ι
1506 3246 1534 3294 et
1553 3241 1694 3312 perpendo
1713 3243 1778 3314 quid
1801 3249 1976 3316 postmodum

319 3323 402 3381 tionis
416 3340 514 3381 manus
527 3324 648 3398 episcopi
661 3325 696 3381 ab
720 3325 768 3382 illo
794 3324 846 3381 sibi
871 3339 904 3383 ne
927 3325 982 3382 suis
1005 3325 1122 3383 conferri
1137 3335 1162 3400 (ι
1177 3335 1251 3390 Deus
1265 3345 1331 3404 erga
1344 3328 1420 3384 illum
1433 3327 1528 3400 egerit,
1544 3328 1632 3387 donec
1645 3332 1708 3389 rite
1727 3335 1853 3403 presenti
1876 3353 1975 3410 super.

325 3414 513 3486 deposcerent,
529 3415 587 3487 ipse
602 3414 689 3487 quiin
706 3414 903 3487 episcopalium
924 3414 1075 3471 officiorum
1088 3414 1123 3470 ad
1175 3423 1236 3478 fuit,
1253 3418 1430 3477 Sciturenim
1453 3417 1518 3489 qnia
1538 3432 1571 3473 ex
1595 3434 1649 3489 qno
1670 3420 1718 3477 illa
1742 3423 1833 3493 verba,
1859 3425 1975 3497 depulso

319 3502 564 3559 ministrationibus
578 3518 687 3575 semper
700 3510 795 3559 nutum
818 3501 955 3575 pontilicis
974 3510 1120 3574 exspecta·
1174 3508 1319 3580 languore,
1341 3518 1396 3574 quo
1418 3509 1513 3557 uotum
1534 3506 1578 3558 est
1608 3503 1682 3559 illum
1715 3505 1799 3564 fuisse
1820 3520 1973 3580 gravatum,

319 3592 367 3647 but
381 3590 435 3648 levi
449 3590 608 3649 affabilitate
622 3590 805 3662 respondebat
817 3607 894 3647 suum
910 3607 965 3647 non
979 3607 1041 3647 essa
1068 3593 1122 3648 tale
1174 3593 1298 3667 protulit,
1313 3598 1418 3647 tantum
1437 3589 1463 3643 in
1475 3588 1654 3659 deprimendo
1675 3600 1703 3647 et
1721 3593 1899 3667 subjugando
1918 3598 1974 3655 ini-

320 3681 387 3752 quid
401 3680 430 3735 in
454 3678 583 3751 parocbia
606 3679 720 3736 alterius
743 3680 874 3751 episcopi,
896 3696 930 3735 eo
956 3678 1120 3750 inconsulto,
1175 3684 1271 3750 micos,
1287 3680 1315 3735 in
1329 3678 1499 3749 acquirendo
1513 3685 1608 3747 terras,
1623 3678 1651 3733 in
1673 3683 1826 3738 exercendo
1845 3684 1974 3758 volupta-

321 3784 500 3841 praesumere.
515 3770 546 3823 ln
573 3783 709 3841 quocum
732 3768 835 3825 ratione
858 3770 904 3841 agi
929 3768 1120 3842 intelligentes,
1176 3780 1218 3827 tes
1241 3785 1304 3824 suas
1326 3773 1500 3840 prosperatus
1531 3773 1581 3831 est,
1615 3775 1643 3822 ut
1666 3769 1758 3825 omnia
1776 3770 1828 3826 sibi
1854 3774 1975 3832 arridere

320 3872 387 3913 mox
402 3856 437 3913 ad
451 3872 529 3913 suurn
542 3856 700 3929 episcopum
724 3856 835 3913 nuutios
859 3856 990 3929 dirigunt,
1014 3866 1042 3913 et
1068 3872 1123 3928 qus
1175 3868 1297 3932 putares.
1313 3857 1415 3913 Ventus
1424 3854 1546 3925 insuper,
1563 3862 1591 3911 et
1607 3855 1695 3927 ipsum
1717 3872 1796 3915 mare
1815 3858 1977 3920 videbantur

321 3946 491 4019 benignitate
512 3946 554 4004 vir
576 3947 611 4002 ad
634 3960 699 4002 suas
722 3960 817 4019 preces
847 3946 1018 4017 responderit
1040 3948 1121 4005 inno·
1175 3949 1201 4005 ei
1225 3948 1427 4017 obtemperare.
1455 3945 1554 3999 Verum
1575 3943 1647 4012 dico,
1679 3960 1734 4002 non
1763 3948 1891 4021 mentior,
1912 3953 1978 4024 quia

326 4042 473 4101 tementes,
489 4042 568 4090 orant
582 4035 660 4090 illum
675 4035 765 4107 rogari
780 4050 831 4106 pro
846 4050 885 4091 se.
901 4036 942 4091 De
964 4051 995 4092 rs
1017 4052 1083 4109 ergo
1104 4052 1122 4093 a
1176 4052 1240 4095 cum
1251 4037 1286 4093 de
1300 4034 1398 4107 Anglia
1413 4033 1441 4088 in
1452 4032 1676 4089 Nortbmsuniam
1700 4036 1822 4107 transire,
1841 4040 1885 4095 vel
1912 4041 1978 4098 inde

321 4122 452 4197 pontifice
466 4123 629 4196 appellstus,
644 4124 699 4181 imo
715 4134 762 4195 per
776 4130 858 4180 totam
872 4124 1031 4194 parochiam
1046 4141 1122 4181 suam
1176 4142 1293 4194 cursum,
1315 4130 1395 4195 prout
1411 4122 1502 4194 ipsum
1526 4122 1650 4179 voluntas
1674 4140 1727 4180 sua
1749 4125 1864 4195 ferebat,
1888 4129 1979 4187 redire

322 4214 376 4269 lroc
389 4218 417 4268 et
430 4213 492 4267 aliis
505 4210 707 4283 pontificalibus
721 4210 828 4281 officiis,
843 4211 871 4267 in
886 4212 960 4269 illius
978 4214 1123 4271 voluntatis
1177 4215 1296 4285 volebat,
1310 4228 1386 4278 mox,
1414 4210 1463 4267 illo
1486 4211 1657 4282 adveniente,
1683 4221 1710 4269 et
1732 4230 1807 4270 mare
1831 4218 1979 4289 appropin-

324 4300 524 4357 deliberationa
554 4300 659 4372 positis,
688 4316 783 4356 omnes
805 4300 958 4370 admittere,
986 4302 1123 4359 neminem
1178 4311 1286 4378 quante,
1320 4301 1409 4357 omnis
1432 4306 1589 4372 tempestas,
1624 4316 1685 4371 que
1707 4318 1901 4376 nonnunquam
1922 4307 1978 4362 im·

321 4390 359 4445 ab
382 4388 470 4461 ipsius
495 4388 583 4463 gram
613 4388 776 4445 sacramenti
803 4388 959 4460 patiebatur
977 4390 1124 4447 immunem
1177 4408 1259 4449 mane
1272 4389 1412 4458 saeviebat,
1434 4388 1588 4457 sedabatur,
1604 4396 1632 4444 et
1645 4392 1793 4446 transeunti
1817 4393 1886 4449 mira
1900 4402 1976 4451 tran·

323 4478 476 4535 discedere.
492 4476 588 4534 Fiebat
606 4477 696 4549 itaque
720 4478 847 4548 frequens
870 4478 1032 4549 populomm
1056 4495 1125 4535 con·
1178 4481 1310 4554 quillitate
1333 4476 1525 4534 famulabatur.
1547 4474 1619 4545 Quid
1649 4478 1788 4549 ampliusf
1821 4483 1864 4536 lte
1890 4481 1978 4540 fateor

324 4582 430 4631 cursus,
454 4576 481 4623 et
502 4582 695 4638 nonnunquam
719 4567 748 4621 iu
765 4566 817 4623 boo
840 4565 898 4623 eolo
922 4567 1126 4638 expendebatur
1177 4572 1207 4625 in
1230 4567 1334 4625 cunctis
1357 4577 1419 4623 erat
1441 4565 1602 4630 fortunatus,
1627 4579 1660 4622 ac
1683 4566 1705 4621 si
1728 4566 1820 4623 verbis
1842 4570 1901 4640 eius
1924 4573 1977 4629 boc

326 4656 385 4713 dies
401 4664 482 4725 totus,
498 4655 535 4711 ita
550 4662 579 4711 ut
590 4670 651 4724 nos,
668 4654 714 4730 qui
740 4654 764 4711 ei
784 4654 1017 4725 ministrabamus,
1047 4659 1124 4730 gravi
1138 4690 1165 4750 D
1180 4659 1263 4715 modo
1277 4655 1418 4728 respondit
1431 4654 1527 4710 Dens:
1547 4675 1558 4703 ι
1577 4651 1606 4710 Si
1622 4660 1649 4710 te
1662 4669 1714 4725 pro
1737 4656 1819 4722 malo,
1845 4666 1875 4713 ut
1896 4658 1976 4731 dicis,

326 4745 409 4802 tedio
423 4760 497 4816 saepe
509 4744 695 4817 fatigaremur,
711 4742 771 4814 ipso
784 4758 896 4814 semper
911 4744 1033 4814 jucundo
1052 4746 1126 4803 vultu
1180 4762 1319 4820 nunquam
1334 4746 1436 4802 bonum
1459 4742 1578 4809 habebo,
1603 4743 1727 4814 probabo
1748 4759 1783 4800 su
1807 4746 1905 4803 saltem
1927 4764 1978 4821 pro

327 4843 354 4892 et
369 4834 449 4890 bilsri
460 4832 601 4889 existente.
613 4832 704 4888 Crevit
717 4838 807 4887 autem
822 4832 849 4886 in
873 4846 934 4887 eum
956 4832 1022 4889 mira
1047 4850 1126 4906 que·
1179 4837 1252 4893 bono
1278 4834 1383 4908 possim
1406 4840 1433 4889 te
1455 4832 1558 4889 bonum
1579 4831 1693 4900 habere,
1715 4841 1744 4889 et
1765 4833 1828 4890 ideo
1849 4834 1878 4890 in
1902 4839 1978 4894 omni

325 4925 390 4980 dam
405 4938 440 4979 ex
452 4920 495 4977 bis
510 4928 537 4978 et
550 4920 671 4977 inaudita
685 4920 793 4977 dilectio
820 4921 951 4992 omnium,
972 4928 999 4977 et
1019 4922 1128 4980 bonitas
1181 4922 1254 4994 quod
1277 4928 1306 4976 tu
1327 4920 1431 4975 bonum
1450 4916 1569 4973 estimas
1590 4917 1662 4973 velle
1684 4925 1758 4973 tuum
1779 4918 1974 4991 adimplebo.»

326 5014 387 5084 ejns
401 5010 594 5083 divulgabatur
605 5024 656 5081 per
668 5007 818 5067 circuitum.
1181 5004 1236 5069 Sed
1251 5009 1317 5081 quid
1328 5008 1343 5063 f
1356 5010 1388 5063 ln
1409 5012 1515 5061 tantum
1539 5020 1574 5060 ex
1596 5005 1768 5061 successibus
1786 5008 1842 5063 suis
1861 5010 1979 5080 profecit

363 5100 437 5155 lnter
450 5099 519 5167 baec,
534 5112 586 5170 per
602 5096 719 5170 populos
743 5098 816 5153 fama
838 5097 964 5169 dispersit
987 5099 1126 5157 Urbanum
1180 5105 1220 5166 ut,
1235 5093 1343 5151 sicutbi
1357 5090 1404 5164 qni
1418 5089 1499 5146 factis
1525 5089 1584 5159 ejus
1607 5088 1652 5145 die
1674 5097 1809 5163 noctuque
1830 5103 1979 5163 presentes

324 5188 400 5245 sedis
428 5187 587 5259 spostolicae
613 5185 756 5259 presulem
779 5186 906 5257 praesenti
928 5188 992 5245 vilae
1015 5188 1126 5245 modum
1181 5184 1342 5243 exstiterunt
1370 5184 1546 5245 ntestnntur,
1584 5193 1722 5249 nunquam
1759 5180 1803 5237 vel
1837 5182 1873 5238 de
1908 5183 1979 5242 lecto

325 5276 437 5335 fecisse.
453 5274 595 5347 Siquidem
607 5274 684 5346 prius
698 5274 766 5331 obiit
781 5290 862 5345 quam
877 5291 937 5345 quae
958 5292 1053 5349 arege
1068 5279 1127 5332 An·
1181 5278 1314 5347 surgeret,
1329 5268 1374 5328 rel
1387 5269 1416 5325 in
1441 5267 1512 5325 lecto
1539 5283 1570 5324 se
1597 5266 1744 5325 collocaret
1769 5269 1834 5342 quin
1859 5272 1979 5344 seipsum

324 5366 436 5441 giorum
461 5379 513 5437 pro
535 5363 625 5421 causis
647 5363 767 5419 Auselnni
796 5364 973 5434 exspectabat
994 5380 1128 5437 responsa
1181 5371 1228 5420 aut
1240 5362 1393 5419 collocante
1406 5367 1454 5415 aut
1476 5364 1604 5431 surgente
1623 5372 1734 5429 semper
1753 5358 1872 5418 deterior
1894 5370 1977 5421 esset.

977 5489 1192 5549 nanscnnnn
1207 5486 1320 5546 NOTAE.

361 5616 390 5689 (n
416 5612 553 5673 Pascbalis
566 5612 602 5685 ll,
615 5616 723 5673 creatus
737 5626 778 5670 ιιι
791 5612 916 5687 Augusti.
1180 5596 1336 5668 Gualterur'n
1351 5605 1373 5664 T
1404 5606 1497 5676 ellum,
1511 5605 1631 5664 nobilem
1655 5605 1799 5678 francum,
1824 5607 1868 5665 cui
1892 5608 1976 5666 ictum

373 5688 389 5744 b
415 5688 520 5745 lionam
532 5689 669 5760 soresmos
683 5694 808 5743 auctores
822 5691 928 5742 vocant.
1177 5681 1347 5753 imputabant
1361 5678 1460 5763 alqui:
1476 5694 1525 5761 suo
1537 5679 1690 5750 juramento
1702 5686 1879 5762 asserentem,
1902 5681 1974 5751 quod

325 5692 541 5893 Αῠζεφῐηιιιίιιιιι
555 5774 613 5815 rent
630 5756 759 5815 describit
773 5754 918 5814 ordericus
931 5752 1083 5812 Vitalislib.
1092 5766 1122 5810 x.
1177 5751 1226 5808 illa
1239 5752 1284 5809 die
1300 5764 1352 5809 uec
1363 5766 1391 5807 ιιι
1405 5748 1480 5807 illam
1495 5750 1872 5823 momentaneamque
1881 5765 1975 5825 regern

449 5838 538 5889 autern
566 5828 696 5909 Sngerius
721 5843 830 5889 merus
864 5834 979 5887 arnmot
1008 5840 1124 5905 operose
1177 5822 1288 5883 viderit.
