4750 6725
384 563 437 624 80¹1
905 567 953 624 ab
972 563 1087 623 oreta
1106 561 1138 620 S.
1158 559 1311 618 uastatur
1328 558 1516 618 dPPENDIX.
1981 559 2036 616 308

383 687 420 748 cti
435 705 495 750 ease
507 689 632 762 latemur,
646 692 674 752 in
689 711 742 768 ipro
757 701 784 752 et
797 711 849 768 per
863 693 934 768 quod
949 692 1045 750 eadem
1060 691 1178 763 Sapieu-
1195 705 1223 768 Α
1236 691 1342 747 ratione
1355 690 1455 746 etenim
1464 689 1586 758 minoris,
1602 689 1625 747 si
1648 688 1772 764 vigilanti
1796 688 1888 746 animo
1916 686 2037 742 studium

384 768 425 837 lia
439 782 565 840 bumanae
581 792 684 842 nature
698 787 827 860 conjungi
842 785 929 842 roluit
953 794 980 840 et
1002 785 1183 856 incorporari,
1238 781 1408 848 adhibemus,
1425 782 1591 852 aliquantum
1607 782 1716 852 quaesit
1731 781 1819 850 major
1843 777 1953 834 miserie
1966 792 2037 832 cou-

388 876 415 928 et
429 871 556 928 omnibus
583 890 611 928 se
634 891 702 945 pura
729 883 819 930 mente
839 873 1030 931 confitentibus
1044 890 1143 944 pacare
1158 879 1186 930 et
1235 870 1324 939 jicere
1339 871 1541 941 antemusium
1557 886 1637 940 porro
1651 870 1722 925 inira
1749 870 1889 940 quamsit.
1918 864 2039 935 Qualita-

388 957 513 1016 misereri
530 975 537 1028 ;
553 961 625 1032 qood
641 964 801 1032 sacrarium,
816 965 881 1019 aula
891 963 1186 1021 videlicetunirersulis

388 1047 599 1119 propitiationis,
616 1064 677 1106 cum
689 1061 819 1123 operante
835 1052 935 1123 Spiritu
947 1058 1039 1108 sancto
1051 1062 1187 1108 construe·

388 1144 474 1206 retur,
491 1137 512 1191 si
538 1137 743 1195 fundumentum
764 1141 848 1210 illius,
874 1142 978 1198 scilicet
997 1142 1101 1196 initium
1129 1141 1187 1196 sire

388 1223 569 1294 primordium
590 1227 760 1285 formationis
786 1231 873 1286 beate
900 1231 1001 1298 lilariae,
1031 1237 1186 1300 corruptum

388 1311 452 1382 luit,
473 1314 526 1386 ipsi
550 1325 623 1373 certe
649 1327 841 1376 constructurae
863 1335 916 1374 uon
945 1319 1115 1390 congruebat
1138 1335 1188 1374 nec

389 1403 552 1460 cohaerebat.
568 1406 692 1462 lusciaue
720 1405 769 1463 luit
796 1415 823 1462 et
847 1407 983 1477 impotens
993 1408 1125 1477 supientia
1137 1407 1187 1462 Dei

390 1497 417 1546 et
432 1491 517 1546 virtus
532 1493 663 1549 muudum
678 1495 730 1550 sibi
745 1496 928 1552 babitaculum
939 1495 1068 1564 condere,
1086 1503 1189 1552 remota

392 1579 466 1634 omui
482 1580 544 1636 labe
558 1583 993 1656 conditionishumanaeiAngelis
1002 1584 1188 1655 aliispeccau-

395 1666 478 1734 tibus,
489 1669 737 1743 bonosapeceatia
752 1675 880 1742 servadt,
906 1682 931 1729 et
960 1674 1100 1740 feminam,
1130 1675 1188 1727 lla-

393 1763 462 1814 trem
477 1773 554 1814 suam
566 1775 630 1816 mox
646 1761 774 1828 loturam,
791 1762 827 1817 ab
835 1763 951 1819 aliorum
965 1762 1082 1833 peccatis
1092 1777 1189 1817 exsor-

1239 967 1293 1014 tem
1303 975 1369 1014 raro
1381 960 1557 1016 beatitudiuis
1570 960 1615 1015 rel
1642 960 1762 1024 minoris,
1780 958 1832 1013 uisi
1847 973 1897 1027 per
1923 962 2037 1011 contre-

1239 1047 1307 1102 riam
1318 1050 1453 1104 nriseriam
1463 1049 1490 1102 in
1501 1066 1553 1118 qua
1567 1065 1697 1115 summos,
1713 1064 1767 1103 aon
1787 1046 1866 1102 facile
1893 1044 2037 1115 percipere

1240 1153 1394 1207 possumus.
1410 1140 1451 1194 De
1466 1138 1562 1207 majori
1579 1146 1667 1192 autem
1685 1136 1850 1191 beatitudine
1859 1131 2039 1189 dictumaesti·

1240 1228 1779 1300 aroquodoculoaaorruidit,neoaurit
1794 1224 1921 1288 audiuit,
1938 1237 1990 1277 nea
2005 1223 2039 1275 a'a

1241 1333 1289 1374 aar
1304 1318 1428 1372 bominis
1445 1318 1662 1390 aseendit,qate
1677 1317 1857 1389 praepararit
1877 1313 1950 1367 Deus
1974 1310 2041 1365 dili-

1240 1406 1441 1478 gerrtibuaae(l
1455 1409 1517 1462 Cor.
1533 1423 1564 1474 ιι,
1576 1407 1613 1476 9).

1277 1495 1318 1550 Ab
1333 1496 1468 1567 bisigitur
1483 1495 1693 1551 beatitudinibus
1709 1495 1782 1550 omni
1808 1491 1891 1548 modo
1918 1485 2039 1558 separati

1241 1583 1343 1638 luimus
1357 1601 1407 1656 per
1421 1585 1677 1655 praevaricationem
1692 1584 1776 1639 nostri
1801 1581 1882 1653 primi
1907 1576 2038 1649 parentis,

1241 1680 1267 1727 et
1282 1675 1391 1743 utrique
1410 1674 1527 1728 miseriae
1552 1673 1696 1729 infeliciter
1721 1672 1832 1727 obnoxii
1854 1669 1931 1724 lacti.
1960 1667 2040 1720 Mora

1242 1778 1361 1832 namque
1374 1766 1579 1835 perpeccotom
1588 1763 1654 1818 adae
1664 1763 1785 1818 intrauit
1799 1761 1831 1816 in
1845 1757 1996 1819 mirandam,
2007 1759 2037 1810 et

395 1853 450 1902 tem
463 1863 573 1904 serrare
587 1865 642 1905 nou
656 1848 740 1905 raluit
754 1853 768 1905 ‘l
783 1853 812 1906 lu
822 1852 971 1907 artemitate
985 1850 1092 1908 consilii
1107 1849 1189 1905 lixum
1239 1851 1283 1906 ιιιι
1294 1851 1562 1907 inorrruesbominea
1569 1851 1760 1920 pertransivit
1774 1849 1863 1912 (itam.
1881 1863 1909 1913 v,
1920 1846 1974 1912 tat,
1987 1857 2040 1898 nec

394 1936 486 1992 statuit
500 1952 560 1992 eam
574 1937 782 1996 dominatricem
798 1949 825 1995 et
839 1940 961 2013 reginam
991 1941 1048 1995 lore
1075 1940 1189 2012 angelo-

1245 1938 1341 2008 aliquis
1360 1939 1577 1994 auteadtentum
1593 1939 1639 1993 lilii
1656 1945 1754 2013 sauctae
1775 1937 1867 1992 blariae
1895 1935 1959 1989 inde
1986 1947 2040 2004 po-

391 2041 465 2093 rum,
481 2033 508 2081 et
520 2042 591 2082 nunc
601 2026 764 2082 inferiorem
780 2029 885 2101 angelis
899 2038 1001 2096 natam,
1030 2030 1057 2084 in
1083 2043 1190 2084 consor·
1204 2054 1231 2114 B
1247 2035 1316 2082 terat
1328 2027 1448 2082 liberari.
1465 2029 1497 2083 Et
1508 2045 1569 2098 quae
1583 2045 1658 2084 mors
1672 2030 1686 2083 l
1701 2029 1775 2083 blors
1789 2025 2042 2094 enimaeprimoque

394 2112 459 2168 tium
476 2123 615 2184 acceptam
631 2131 691 2170 esse
706 2116 849 2172 credemus
861 2118 982 2173 omnium
992 2121 1191 2188 peccatorum?

394 2201 537 2258 Existimet
552 2205 613 2272 hoc,
625 2210 652 2260 et
665 2206 833 2278 argumentis
853 2207 909 2262 suis
937 2207 1033 2277 probet
1048 2207 1094 2278 qui
1122 2207 1188 2276 vult,

397 2307 450 2362 ego
469 2291 557 2349 donec
572 2294 695 2350 ostendat
711 2295 775 2349 milri
796 2296 870 2350 Deus
884 2295 986 2367 aliquid
1005 2295 1112 2367 dignius
1139 2312 1190 2350 ex-

393 2379 523 2436 cellentia
537 2380 655 2438 domina
669 2389 770 2439 nostrae
784 2399 865 2453 posse
881 2383 945 2452 dici,
958 2400 1017 2455 quae
1031 2385 1097 2453 diri,
1114 2385 1188 2448 dico;

396 2485 457 2540 quae
472 2470 569 2539 scripsi
584 2486 639 2526 aon
655 2478 728 2526 muto
745 2491 752 2538 ;
769 2481 897 2528 ceterum
913 2489 955 2528 me
970 2481 995 2528 et
1010 2473 1189 2529 intentionem

395 2573 486 2616 meam
500 2556 558 2614 lilio
573 2560 641 2628 ejus,
658 2567 683 2616 et
698 2560 737 2614 illi
752 2561 901 2618 committo.

429 2646 504 2702 Nihil
530 2647 588 2714 tibi,
604 2647 726 2718 domina,
751 2651 868 2722 aequale,
897 2650 962 2706 nibil
1004 2653 1192 2722 comparabile

396 2743 437 2792 est
453 2754 459 2791 :
476 2738 639 2794 omneeuim
655 2739 727 2810 quod
739 2747 965 2811 est,aotsupmte
981 2749 1029 2810 est,
1046 2743 1192 2797 autsubtus

397 2833 423 2880 te
437 2833 480 2880 est
496 2843 503 2880 τ
522 2826 594 2896 qood
609 2843 691 2897 snpra
705 2835 730 2883 te
744 2835 794 2894 est,
810 2829 884 2885 solus
898 2831 971 2886 Deus
984 2839 1024 2885 cst
1042 2848 1048 2893 ;
1065 2830 1135 2900 quod
1147 2831 1192 2884 iu-

395 2912 578 2980 lrute‚omue
594 2915 665 2986 quod
684 2918 757 2972 Deus
771 2934 824 2974 uon
846 2925 894 2973 est.
925 2918 966 2973 nd
995 2926 1067 2973 tuam
1090 2927 1192 2974 tautam

394 3001 585 3058 excellentiam
601 3005 662 3074 quis
676 3005 813 3075 aspicietl
829 3007 888 3076 quis
902 3007 1015 3078 attinget
1029 3007 1043 3063 ‘l
1058 3009 1092 3062 Et
1119 3016 1193 3063 certe

396 3094 425 3142 ut
451 3090 486 3146 ad
500 3092 570 3148 irone
595 3091 783 3150 excellentiam
809 3096 974 3164 pervenires,
991 3096 1018 3150 iu
1039 3096 1192 3151 humillimo

397 3176 468 3247 loco,
478 3179 504 3232 id
520 3181 603 3235 estin
619 3189 697 3237 utero
712 3182 807 3238 matris
827 3191 890 3252 tuae,
913 3183 1058 3253 purissima
1081 3184 1192 3240 orieba-

398 3264 444 3321 ris.
472 3265 551 3338 Quod
581 3269 603 3324 si
630 3269 675 3324 tali
700 3270 783 3328 modo
802 3281 933 3343 coucepta
949 3280 975 3328 et
1002 3272 1193 3328 ordinatancn

1245 2117 1328 2171 horno
1342 2117 1461 2187 perdidit
1474 2117 1558 2170 ritem
1574 2126 1715 2184 aternam,
1743 2116 1830 2170 Deum
1854 2112 1985 2167 videlicet
2007 2109 2043 2164 ed

1245 2206 1322 2275 atejus
1337 2205 1541 2259 similitudinem
1556 2204 1645 2262 lactus
1661 2205 1757 2260 luerat.
1786 2202 1885 2258 lulelix
1913 2200 2040 2272 perdere,

1244 2294 1359 2364 perdere
1367 2294 1439 2364 quod
1454 2309 1559 2348 summe
1570 2301 1610 2348 est
1625 2301 1651 2347 et
1665 2309 1741 2357 rere,
1763 2299 1790 2347 et
1819 2291 1879 2346 sine
1892 2305 1947 2359 quo
1973 2287 2041 2342 nibil

1244 2398 1362 2452 unquam
1378 2382 1446 2438 bene
1462 2382 1575 2438 babetur
1589 2384 1631 2437 vel
1647 2390 1687 2436 est
1703 2384 1709 2435 ι
1728 2382 1806 2435 Hanc
1820 2379 1948 2434 miseram
1964 2393 2040 2432 ruor-

1246 2478 1299 2525 tem
1326 2479 1350 2525 et
1370 2470 1443 2526 omni
1466 2472 1538 2527 malo
1564 2470 1804 2541 incomparabilem
1829 2483 1904 2522 mors
1932 2481 2040 2538 qnoque

1245 2560 1542 2630 corporissequebatur
1557 2602 1563 2626 ,
1579 2575 1723 2629 perquam
1742 2557 1841 2626 anima,
1866 2571 1927 2626 quae
1950 2555 2042 2609 adhue

1246 2649 1273 2702 iu
1288 2664 1401 2718 corpore
1416 2649 1519 2720 degens
1544 2648 1607 2703 ritae
1633 2647 1753 2703 caelestis
1779 2647 1871 2700 ilatum
1899 2644 2040 2706 amiserat,

1246 2737 1461 2793 nudtomisen'or
1474 2737 1603 2793 claustris
1615 2736 1715 2791 iuierni
1729 2736 1870 2790 submersa
1884 2733 2037 2800 deperibat.

1245 2825 1548 2881 Hancinestimabitem
1568 2825 1768 2880 damnationem
1796 2839 1877 2878 nemo
1904 2822 1950 2891 qui
1974 2837 2043 2876 eva-

1246 2916 1331 2982 deret,
1346 2915 1391 2985 qui
1415 2915 1654 2970 indeliberaretur
1678 2929 1760 2967 nemo
1801 2919 1869 2976 erat,
1907 2909 2042 2964 liberandi

1245 3011 1366 3073 potestas
1393 3004 1421 3057 iu
1436 3007 1491 3058 tota
1516 3009 1642 3058 creatura
1660 3001 1727 3057 nulli
1754 3002 1793 3056 rei
1815 2999 1977 3063 accidebat;
1992 2998 2045 3052 soli

1246 3092 1305 3146 Deo
1320 3093 1364 3162 qui
1375 3092 1514 3148 bominem
1544 3091 1653 3158 lecerat,
1679 3100 1705 3146 et
1732 3099 1825 3147 contra
1853 3105 1933 3161 quem
1961 3088 2044 3143 homo

1245 3180 1405 3251 deliquerat,
1435 3181 1492 3237 lraeo
1515 3180 1648 3236 liberandi
1675 3187 1793 3250 potestas
1808 3183 1957 3247 supererat.
1989 3174 2044 3230 Sed

1247 3270 1335 3341 quisi
1351 3269 1408 3339 ipse
1423 3267 1552 3337 offensus,
1565 3269 1623 3339 ipse
1638 3269 1789 3338 despectus,
1806 3268 1865 3337 ipse
1877 3274 1906 3320 ut
1919 3271 2045 3336 parceret

396 3353 503 3421 luisses,
527 3357 562 3413 ad
591 3365 693 3414 tantam
708 3359 896 3417 celsitudinem
907 3378 961 3417 non
977 3364 1168 3419 succrevisses.
1249 3359 1353 3413 anullo
1381 3359 1465 3429 digne
1487 3358 1642 3430 petebatur,
1659 3357 1694 3412 de.
1722 3356 1767 3412 die
1794 3356 1823 3411 iu
1850 3355 1923 3410 diem
1938 3353 2045 3409 seelera

433 3444 563 3517 Quisquis
577 3446 661 3520 igitur
673 3447 708 3504 de
720 3450 849 3505 crementi
869 3450 905 3505 tui
921 3451 1106 3523 magnitudine
1120 3468 1192 3523 gau·
1249 3448 1508 3516 multiplicabantur,
1538 3455 1563 3502 et
1591 3446 1630 3501 ira
1654 3446 1703 3501 Dei
1725 3442 2045 3516 adpunieudumpotius

397 3532 443 3589 det
467 3550 499 3589 ec
528 3535 644 3603 laetatur,
673 3536 708 3592 de
750 3538 919 3594 ordinatione
955 3539 1040 3609 ipsius
1064 3541 1195 3597 crementi
1248 3553 1329 3606 quem
1359 3536 1392 3591 ad
1416 3537 1584 3607 parcendum
1611 3536 1823 3606 provocabatur.
1838 3536 1871 3589 tt
1899 3532 2044 3600 illecujus

398 3638 506 3693 aequurn
528 3631 568 3679 est
594 3632 624 3679 ut
645 3625 819 3681 exhilaretur.
849 3627 899 3696 Qui
915 3643 982 3699 orgo
1010 3629 1084 3684 adie
1107 3630 1194 3684 beatae
1248 3627 1336 3696 pietus
1347 3641 1401 3680 nou
1412 3625 1577 3693 exhauritur,
1601 3626 1679 3695 cujus
1706 3622 1891 3677 misericordia
1918 3635 1973 3675 noo
1995 3634 2040 3674 ex-

399 3711 584 3781 conceptionis
600 3719 651 3769 tuse
661 3715 791 3786 gaudium
807 3715 929 3784 ejusdem
940 3718 1126 3787 conceptionis
1141 3720 1195 3773 tol·
1250 3715 1379 3779 inanitur,
1395 3716 1473 3785 quus
1487 3714 1593 3769 bouitas
1608 3728 1746 3783 nunquam
1761 3711 1859 3780 deficit,
1883 3712 1962 3781 eujrrs
1982 3725 2039 3764 ma·

400 3796 651 3867 litltcdesieltei,
666 3810 779 3857 autnon
798 3802 867 3859 benc
882 3804 1003 3873 attendit,
1033 3814 1078 3860 aut
1106 3814 1196 3860 otten-
1247 3802 1599 3873 jestasquodvuitefficit,
1620 3802 1758 3857 bominem
1780 3800 1814 3856 ad
1840 3798 2044 3854 similitudinem

402 3883 466 3941 dere
481 3886 605 3958 negligit,
622 3889 664 3943 rel
678 3891 763 3945 nescit
778 3889 880 3945 bonum
897 3892 969 3963 quod
984 3892 1046 3947 inde
1067 3894 1199 3964 processit

403 3971 477 4027 omni
491 3982 624 4030 creaturae
638 3976 698 4031 Dei.
712 3978 765 4033 Sed
793 3978 1000 4034 immensitatem
1025 3981 1089 4035 boni
1115 3982 1199 4051 ipsius

404 4060 466 4129 quis
480 4060 653 4130 explicabit?
669 4064 766 4119 Fateor
780 4082 834 4120 non
849 4082 902 4137 ego
917 4087 926 4133 ,·
943 4068 1023 4139 longe
1038 4069 1110 4123 enim
1124 4086 1139 4123 a
1155 4086 1199 4126 me

404 4148 498 4204 etmel
513 4148 660 4218 similibus,
678 4152 729 4208 hoc
743 4161 784 4208 est
797 4155 996 4223 peccatoribus,
1013 4164 1086 4212 tanta
1101 4159 1174 4212 salus
1192 4176 1199 4224 ς

404 4244 603 4306 verumtamen,
620 4246 648 4294 ut
661 4248 781 4309 autumo,
793 4243 870 4311 quasi
887 4242 913 4297 iu
924 4243 1069 4315 aeuigmute
1097 4246 1203 4303 adverti

404 4324 574 4397 aliquetenus
588 4328 695 4397 poterit,
711 4328 733 4383 si
749 4330 860 4392 malum,
876 4332 904 4385 in
932 4334 1004 4403 quod
1032 4343 1127 4389 natura
1152 4334 1203 4390 hu-

406 4430 486 4469 mana
513 4430 549 4471 ex
566 4422 681 4485 peccato
708 4418 775 4473 ddae
789 4420 904 4487 corruit,
916 4430 979 4476 onte
998 4425 1095 4478 mentis
1109 4423 1203 4479 oculos

407 4501 574 4575 praefigatur,
590 4511 616 4559 et
632 4504 666 4560 ita
682 4505 708 4561 iu
723 4504 809 4576 ipsius
824 4508 885 4563 mali
897 4510 1075 4579 contrarium,
1100 4512 1202 4567 bonnm

406 4592 510 4649 scilicet
536 4594 610 4663 quod
625 4609 674 4664 per
697 4595 915 4653 baucdominem
942 4599 1044 4655 mundo
1068 4602 1202 4671 provenit,

406 4680 512 4737 animus
521 4682 693 4740 considerare
706 4684 822 4740 volentis
835 4684 980 4757 defigatur.

1252 3893 1290 3946 sui
1306 3899 1438 3957 creatum,
1454 3907 1488 3946 ue
1506 3895 1581 3946 lotos
1597 3891 1624 3945 in
1635 3900 1735 3946 aeterna
1751 3889 1924 3943 damnatione
1939 3888 2048 3958 periret,

1253 3980 1368 4035 liberare
1384 3979 1510 4047 instituit,
1540 3988 1566 4034 et
1585 3980 1692 4045 ordine,
1713 3994 1767 4049 quo
1779 3978 1885 4049 gratior
1912 3992 1973 4031 esse
1996 3990 2050 4029 uon

1253 4069 1351 4138 potuit,
1376 4068 1434 4138 ipse
1461 4068 1587 4124 videlicet
1615 4068 1660 4137 qui
1693 4069 1786 4123 bocet
1814 4083 1862 4137 per
1889 4082 1919 4121 se
1942 4065 2050 4130 laceret,

1254 4158 1337 4213 bomo
1353 4156 1411 4211 irari
1427 4157 1522 4224 uoluit,
1539 4173 1588 4211 nec
1602 4156 1663 4211 talis
1677 4166 1706 4211 ut
1720 4156 1809 4211 ceteri
1842 4154 1978 4218 homines,
2004 4151 2053 4206 sed

1255 4255 1284 4301 ut
1312 4247 1370 4317 ipse
1396 4252 1423 4301 et
1451 4254 1588 4315 assumpta
1608 4244 1783 4300 humanitatis
1806 4244 1832 4297 iu
1856 4259 1910 4298 una
1936 4256 2054 4311 persona

1257 4344 1324 4390 esset
1349 4333 1487 4405 paricolas
1504 4336 1579 4388 Deus
1589 4341 1614 4388 et
1628 4335 1764 4403 perlectus
1792 4334 1884 4399 bonno,
1901 4347 1934 4386 ex
1962 4330 2054 4383 auimo

1256 4423 1383 4478 rationali
1398 4431 1424 4477 et
1438 4423 1557 4477 bumana
1571 4422 1810 4477 caruesabsisteus
1827 4437 1833 4489 ;
1851 4420 1899 4475 sed
1922 4426 1978 4474 tuta
2007 4418 2055 4472 hu-

1257 4529 1336 4567 mano
1348 4521 1443 4566 natura
1459 4511 1485 4564 in
1497 4511 1589 4565 radice
1603 4512 1644 4566 sui
1668 4511 1760 4566 vitiata
1776 4508 1864 4565 luerat
1885 4518 1966 4579 atque
1989 4522 2054 4563 cor-

1258 4610 1347 4671 rupta,
1376 4616 1427 4655 nec
1449 4602 1521 4655 Deus
1549 4600 1714 4669 corruptioni
1729 4598 1946 4669 atritiopeccati
1966 4605 2055 4667 potest

1258 4689 1421 4746 consociari.
1442 4690 1560 4745 Necesse
1574 4689 1659 4759 igitur
1673 4689 1760 4742 luitut
1780 4696 1886 4752 natura,
1903 4686 1937 4741 de
1960 4702 2055 4754 quase

443 4768 532 4826 omne
553 4771 654 4843 quippe
677 4770 788 4839 bonum,
814 4774 849 4829 ad
878 4776 950 4845 quod
974 4776 1056 4832 homo
1080 4762 1397 4835 conditusDtromtnem
1422 4777 1512 4833 lacere
1539 4776 1658 4843 uolebat,
1684 4786 1709 4831 et
1732 4777 1851 4831 bumana
1865 4784 1891 4831 et
1905 4775 2005 4829 munda
2020 4774 2056 4829 ab

408 4857 506 4925 luerat,
535 4858 655 4928 perdidit
675 4860 703 4915 iu
721 4860 819 4927 Adam,
848 4870 874 4918 et
888 4862 961 4919 idem
984 4864 1071 4934 ipsum
1100 4866 1203 4921 bouum

410 4944 494 4999 multo
522 4946 698 5004 excellentius
725 4948 842 5005 bumana
864 4958 961 5007 natura
983 4953 1152 5025 recuperarit
1177 4954 1205 5009 iu

408 5030 501 5086 llario.
527 5032 600 5088 Duas
622 5034 756 5107 siquidem
767 5037 946 5095 beatitudines
960 5047 986 5095 et
999 5039 1068 5096 duas
1083 5040 1206 5097 miserias

407 5118 609 5176 essenorimus.
634 5122 735 5179 llarum
753 5124 950 5182 beatitudinum
977 5132 1004 5185 et
1031 5129 1204 5185 miseriarum

406 5221 490 5262 unam
502 5207 646 5277 majorem,
662 5212 775 5268 alteram
791 5214 922 5271 minorem
933 5230 991 5272 esse
1005 5224 1121 5274 constat.
1134 5220 1202 5273 Bea-

408 5294 493 5351 titudo
508 5296 607 5367 major,
624 5312 739 5371 regnum
764 5302 896 5358 coelorum
915 5322 921 5369 ;
938 5307 1038 5373 minor,
1067 5322 1121 5376 qua
1149 5307 1204 5377 pri-

404 5398 466 5439 mus
480 5383 563 5440 homo
575 5386 727 5454 potiebatur
741 5396 948 5461 antepeccetum
965 5410 971 5457 ;
988 5394 1202 5465 majormiseria,

405 5487 494 5543 poanae
506 5471 654 5530 inlemales
671 5492 677 5539 ;
694 5475 793 5543 minor,
818 5477 959 5550 inquibus
977 5480 1096 5537 vivimus
1110 5482 1202 5538 eonti-

403 5574 465 5614 nuoe
499 5559 692 5627 tribulationes,
723 5570 749 5619 et
777 5579 827 5619 uos
850 5565 967 5637 ipsarum
1004 5567 1203 5624 beatitudinum

404 5646 574 5720 experientia
588 5649 695 5719 penitus
710 5650 809 5723 ignari,
838 5655 1001 5725 experientia
1031 5657 1204 5713 miseriarum

403 5735 535 5793 sentimus
551 5752 600 5793 nos
614 5753 808 5810 usquequaque
821 5744 930 5813 gravari
945 5758 952 5813 ;
966 5744 1016 5799 sub
1031 5760 1085 5799 une
1111 5745 1204 5817 genri-

403 5839 463 5881 trrus
480 5843 486 5893 ;
503 5825 595 5894 eliam,
624 5840 660 5882 ue
682 5843 732 5884 uos
752 5829 849 5901 rapiat,
864 5830 1052 5889 lormidamus.
1070 5832 1200 5890 Conside-

1260 4868 1349 4923 omuis
1364 4867 1471 4937 peceati
1499 4865 1627 4935 contagio
1642 4873 1711 4919 esset
1727 4883 1734 4928 ;
1752 4864 1824 4935 quod
1848 4879 1902 4919 uon
1913 4863 2055 4929 inveniret,

1261 4972 1333 5024 cum,
1362 4962 1394 5008 ut
1414 4953 1481 5015 dixi,
1510 4954 1576 5007 nibil
1590 4953 1776 5022 incorruptum
1788 4952 1879 5007 vitiata
1898 4960 2057 5007 cunctorum

1260 5044 1354 5099 radice
1365 5044 1501 5108 existeret,
1514 5042 1563 5097 sed
1579 5042 1624 5113 qui
1640 5044 1767 5097 humanae
1787 5040 1932 5111 perditioni
1956 5039 2057 5095 subre-

1261 5132 1319 5187 aire
1339 5130 1509 5201 disponebat,
1526 5130 1575 5185 Dei
1586 5130 1670 5186 virtus
1684 5134 1710 5184 et
1720 5129 1769 5185 Dei
1790 5129 1923 5199 sapientie
1950 5144 2056 5184 auncu-

1260 5227 1350 5289 patur.
1366 5219 1460 5289 ltaque
1474 5219 1510 5274 ad
1526 5218 1617 5274 omnia
1632 5234 1692 5288 quac
1708 5218 1764 5272 rull
1774 5232 1853 5288 posse
1872 5216 1991 5287 suppetit
2006 5216 2055 5283 illi,

1259 5321 1311 5363 nec
1324 5307 1463 5377 sapientiae
1480 5307 1553 5361 illius
1568 5306 1638 5361 ullos
1652 5314 1693 5361 est
1700 5320 1835 5371 numerus,
1852 5321 1912 5376 quae
1927 5305 2055 5376 pertingit

1260 5395 1344 5451 afioe
1358 5410 1443 5466 usque
1463 5396 1498 5451 ad
1522 5394 1613 5461 duem,
1639 5401 1732 5450 attacta
1747 5394 1899 5465 disponens
1910 5394 1986 5466 (Sap.
1997 5409 2054 5459 rur,

1261 5486 1297 5553 ι).
1316 5485 1423 5539 Poterat
1451 5498 1517 5555 ergo
1531 5483 1566 5538 de
1586 5499 1674 5537 massa
1689 5482 1843 5553 peccatrice
1860 5488 1987 5537 naturam
2003 5483 2055 5536 bu-

1259 5587 1368 5626 mauam
1388 5572 1423 5625 ab
1444 5571 1519 5626 omni
1546 5570 1607 5626 labe
1631 5570 1736 5641 peccati
1773 5571 1925 5625 immunem
1955 5569 2053 5638 locere,

1257 5658 1330 5713 uude
1358 5659 1386 5715 in
1409 5675 1491 5713 unam
1507 5674 1651 5728 personam
1676 5659 1716 5713 sui
1739 5659 1900 5729 susciperet,
1919 5667 1949 5713 ut
1971 5658 2054 5713 bomo

1257 5746 1363 5819 integer
1377 5755 1447 5803 esset
1460 5757 1486 5802 et
1499 5746 1634 5803 diuinitati
1648 5762 1707 5801 suar
1722 5746 1789 5801 nibil
1817 5746 1961 5802 minueret.
1981 5746 2053 5802 Ptre-

1257 5834 1393 5891 destineta
1413 5835 1463 5892 luit
1487 5844 1513 5892 et
1530 5834 1713 5907 preordinata
1729 5833 1758 5889 iu
1773 5836 1824 5891 boc
1838 5850 1907 5905 opus
1918 5834 2051 5905 mirabile,
