4750 6725
429 639 484 701 695
934 636 1094 695 uacuum
1113 634 1394 695 mutuummtsts
1411 634 1575 694 XONACHI
2039 640 2095 695 696
2166 666 2167 685 ι

430 760 595 832 adversitas,
619 760 661 820 mi
680 760 804 833 libertas,
817 761 961 835 subjectio,
980 762 1008 819 in
1028 768 1134 820 secmto
1155 776 1227 832 asse,
1242 761 1268 826 Α
1284 761 1381 820 neficic
1404 762 1540 837 ingratum
1564 764 1696 832 existere,
1723 765 1797 838 iusto
1823 764 1875 821 Dei
1901 760 2010 835 judicic
2041 779 2096 819 nec

429 852 498 909 etin
512 849 636 924 publico:
660 850 691 907 in
713 850 812 925 quibus
834 851 960 926 singulis,
974 850 998 909 si
1011 868 1028 908 a
1042 850 1152 909 diabolo
1173 850 1229 908 im·
1282 851 1318 907 ud
1330 850 1373 883 ¹⁰¹⁹
1386 850 1499 908 meliora
1512 851 1647 923 proficiat,
1667 868 1719 910 nec
1743 854 1817 929 quod
1841 854 1950 925 aceepit
1973 852 2024 907 diu
2047 859 2093 909 te-

430 940 563 1017 pulaetur,
574 947 635 1013 stat,
650 956 703 997 nce
716 956 733 997 a
745 940 884 1015 proposito
898 947 1051 999 mereatur.
1282 948 1343 996 neat
1356 938 1408 1011 ¹⁶¹¹,
1420 948 1466 997 aut
1479 942 1510 997 in
1523 956 1556 998 eo
1571 942 1674 999 utiliter
1688 943 1826 1015 persistat.
1838 941 1948 1015 Quippe
1962 942 2032 997 dum
2049 941 2095 996 in-

691 1046 805 1105 cgpuq
823 1048 963 1106 cmv,
1282 1034 1422 1087 cessanter
1435 1028 1584 1087 laboriosis
1605 1032 1819 1105 cogitationibus
1832 1032 1869 1088 de
1882 1032 2029 1099 mutando,
2047 1040 2097 1085 aut

739 1138 780 1195 p,
793 1142 920 1209 unago·
1284 1116 1308 1173 si
1319 1118 1420 1174 mutmi
1430 1134 1486 1175 nou
1499 1118 1690 1189 valet,saltcm
1703 1120 1738 1177 de
1753 1119 1933 1192 improbando
1946 1118 2096 1191 proposito

465 1228 506 1285 pe
530 1234 642 1299 pem
671 1225 759 1282 ψῃ,
783 1225 874 1282 modis
901 1225 1052 1297 loquimur,
1074 1225 1231 1283 Secundum
1283 1206 1441 1275 meditatur,
1462 1223 1602 1281 nunquam
1623 1209 1730 1265 interim
1750 1209 1785 1265 ad
1807 1208 1888 1265 linem
1903 1208 2097 1279 perfectiouis

425 1318 564 1383 mem,
588 1315 617 1372 qq
640 1322 684 1372 ω
702 1314 854 1371 dispiciam
866 1314 1011 1386 justifiam,
1025 1317 1057 1371 ut
1070 1313 1137 1372 quud
1152 1332 1160 1371 ς
1177 1314 1231 1383 pgr
1284 1294 1397 1353 madere
1420 1303 1542 1353 conatur.
1564 1296 1636 1353 Nam
1660 1298 1790 1369 quoniam
1810 1296 1850 1353 illi
1864 1295 1907 1326 ω’
1921 1297 2095 1353 fundamen-

428 1405 539 1463 grum
552 1404 642 1473 mm
655 1420 716 1471 m,
731 1406 826 1473 sam,
840 1419 906 1460 m„
926 1404 984 1461 mu
1003 1402 1140 1475 gemm
1153 1402 1230 1475 ιω,
1283 1386 1342 1440 tum
1357 1384 1430 1456 qucd
1441 1385 1531 1458 posuit
1544 1386 1681 1458 displicet,
1702 1384 1854 1443 nullatenus
1871 1386 1911 1441 illi
1925 1392 2095 1443 structuram

426 1494 539 1565 (liutto.
555 1509 585 1562 v,
599 1492 656 1561 Ξῖ).
676 1492 834 1549 Secundum
848 1490 975 1564 gratiam,
988 1498 1019 1547 ut
1034 1508 1041 1547 ε
1058 1490 1229 1564 Quocmw
1282 1471 1364 1529 bona
1379 1470 1419 1502 '⁶¹'
1433 1474 1496 1531 rita
1519 1474 1741 1547 superaedificare
1763 1474 1840 1533 libet.
1865 1475 1944 1533 Unde
1959 1474 1990 1531 fir
2003 1483 2036 1532 ut
2048 1474 2092 1505 ¹⁹²⁴

427 1582 681 1655 ltoroiaqemucrit
693 1584 996 1653 pcccator,peccctum
1005 1582 1230 1637 aaumremr'tle-
1284 1562 1516 1631 luemldwdssffl
1539 1563 1693 1633 'rbulffllflr
1715 1563 1739 1620 ii
1768 1580 1841 1636 W
1862 1562 2092 1635 lfflffllssfflfllur,

427 1676 479 1729 tur
489 1674 518 1730 ei
531 1670 643 1741 (limi.
653 1669 742 1742 arm).
759 1670 810 1725 Et:
824 1668 1148 1736 Converttmtntodme,
1159 1668 1231 1726 dicit
1282 1657 1329 1748 Ψ
1343 1665 1439 1750 ΜΡΝ.
1455 1650 1575 1751 illim
1599 1650 1626 1707 5¹¹
1649 1653 1746 1709 ⁰0d0¹¹¹
1766 1652 1837 1722 ¹⁰⁰0,
1859 1652 1959 1710 erebi!
1970 1654 2092 1709 0⁰¹¹ittl·

427 1761 577 1829 pomg„,„‚
599 1760 629 1816 gg
651 1774 700 1831 490
720 1762 872 1816 mm,
890 1759 928 1815 ,g
950 1773 997 1816 ω,
1022 1758 1124 1827 (Μ,
1143 1772 1164 1827 1,
1189 1758 1228 1829 3),
1283 1752 1359 1795 stoue
1373 1736 1415 1768 ¹⁰¹⁸
1431 1745 1612 1811 rnqurctetur,
1632 1756 1805 1815 naquaquam
1829 1741 1958 1799 radicare
1981 1742 2090 1809 valens,

427 1847 584 1905 Secundum
604 1845 796 1919 dqwqpqmm,
818 1854 847 1902 ,η
866 1862 929 1903 gum
950 1846 1109 1920 praecipitur
1126 1845 1230 1903 homini
1283 1826 1436 1883 ariditatem
1470 1828 1523 1885 cito
1551 1828 1663 1886 attrabit
1689 1846 1741 1887 nec
1768 1830 1803 1887 ad
1830 1830 1950 1903 aliquam
1984 1830 2090 1887 fructus

429 1934 1229 2009 „1120qumqumpoeniqmpqmppnmsubmqq‚
1284 1914 1452 1973 fertilitatem
1466 1918 1591 1990 pervenit
1605 1932 1615 1971 .·
1630 1919 1673 1975 sic
1686 1918 1781 1976 inlelix
1802 1920 1964 1987 monachus,
1988 1919 2014 1974 si
2036 1936 2089 1976 sae-

428 2022 598 2096 quunauur
610 2022 965 2096 paramonarium
974 2022 1232 2097 perimamur
1283 2004 1346 2076 uiua
1359 2003 1395 2062 de
1408 2004 1469 2063 ¹000
1484 2007 1520 2062 ad
1534 2007 1624 2063 locum
1638 2010 1751 2082 iwrio
1764 2008 1884 2081 apparu
1899 2008 2086 2077 movuu¹·¹·.

425 2112 603 2187 qrammi,
1242 2114 1271 2175 B
1284 2099 1331 2148 aut
1345 2092 1372 2149 in
1386 2109 1442 2151 uuo
1455 2110 1629 2168 permaneus,
1645 2097 1803 2169 frequenter
1820 2099 1882 2171 ejus
1902 2097 1968 2155 odio
1981 2111 2088 2155 concu-

689 2182 800 2241 caput
817 2181 964 2241 CLXXVI.
1284 2181 1361 2237 titur.

648 2272 689 2330 lle
712 2272 905 2329 similitudine
926 2288 1009 2330 σενα.
1527 2268 1638 2328 CAPUT
1662 2270 1834 2329 ccxxvttt.

462 2360 564 2421 Videas
575 2360 717 2419 bominem
733 2359 777 2391 ¹⁰⁰⁸
790 2360 818 2418 ia
831 2360 951 2418 vanitate
965 2360 1001 2417 ab
1013 2359 1127 2417 inleutia
1139 2376 1231 2436 usque
1451 2359 1491 2415 ite
1502 2360 1601 2431 paerts
1614 2360 1723 2433 plcatoe
1735 2364 1920 2435 comparatis.

427 2453 463 2510 ad
484 2451 650 2524 profundam
670 2457 840 2507 senectutem
861 2457 1067 2522 conversatum,
1090 2449 1149 2507 sola
1172 2458 1229 2507 ter-
1321 2446 1382 2516 Dic,
1398 2462 1504 2517 queso,
1515 2446 1539 2502 si
1554 2448 1675 2519 plantam
1691 2448 1798 2506 arbon's
1811 2452 1841 2506 in
1855 2452 1935 2510 horto
1950 2459 1996 2509 tuo
2010 2454 2089 2527 plan-

428 2540 670 2614 renasapientem,
687 2546 714 2597 et
727 2540 756 2595 in
769 2540 815 2595 his
837 2538 946 2612 penitus
967 2538 1142 2595 obduratum.
1161 2538 1230 2597 Cum
1286 2535 1577 2605 tauromenitani
1601 2552 1635 2592 er
1654 2537 1821 2611 omniparis
1843 2540 1884 2597 ita
1907 2544 2089 2600 concluderes
2166 2556 2167 2573 ¹

426 2631 481 2688 boc
495 2644 547 2702 age
561 2629 596 2686 de
609 2627 809 2701 spiritualibus,
823 2627 888 2685 huic
910 2628 946 2684 da
968 2626 1115 2697 subtilitate
1129 2628 1231 2686 divinas
1286 2632 1316 2680 ut
1343 2638 1437 2680 ramos
1462 2639 1527 2679 suos
1553 2624 1707 2682 nullatenus
1733 2627 1879 2685 extendere
1902 2636 2006 2702 posset,
2026 2649 2089 2688 cum

426 2718 663 2791 contemplationis
676 2716 803 2789 loquere,
819 2718 1012 2773 buucaecreta
1031 2716 1124 2772 rimari
1144 2717 1231 2775 coele-
1287 2726 1350 2771 eam
1377 2721 1439 2785 poet
1463 2728 1550 2769 annos
1576 2715 1758 2784 excluderes,
1787 2717 1875 2788 qualis
1911 2719 1993 2777 arbor
2026 2722 2088 2777 inde

428 2808 480 2865 stia
494 2808 574 2877 doce,
590 2815 618 2863 et
631 2805 782 2878 prospicies
794 2820 857 2863 eum
870 2820 1045 2879 nequaquam
1068 2821 1149 2878 posse
1170 2808 1231 2863 hec
1286 2802 1411 2874 prodiret
1417 2799 1480 2857 ²⁶¹⁷?
1501 2801 1626 2860 Proiecto
1645 2803 1746 2860 inutilis
1760 2805 1853 2873 arbor,
1868 2822 1973 2881 rugosa
1985 2816 2015 2865 et
2028 2809 2090 2883 gib-

427 2895 589 2953 videre¹⁰“.
614 2895 672 2952 Nec
693 2894 804 2965 mirum,
828 2894 950 2950 indurata
974 2901 1016 2951 est
1042 2909 1114 2963 cera,
1130 2894 1232 2951 inistis
1287 2890 1331 2947 bis
1344 2890 1437 2962 plena,
1453 2890 1538 2947 ramis
1551 2890 1608 2947 suis
1621 2891 1741 2949 incurris
1754 2894 1894 2966 perplexa.
1923 2896 2090 2971 fluentique
2166 2928 2167 2955 r

427 2993 535 3043 retatem
550 2982 669 3055 nutrivit,
684 2984 773 3040 aliena
785 2983 822 3039 ab
836 2982 899 3039 ielis
913 2982 990 3053 aequi
1004 2982 1110 3039 didicit.
1125 2983 1147 3039 E
1160 2996 1230 3041 ccu-
1288 2980 1385 3047 facitis,
1401 2994 1419 3036 o
1433 2995 1483 3036 vos
1506 2996 1652 3051 puerorum
1674 2982 1810 3055 magistri,
1826 2983 1861 3041 de
1875 2985 1966 3056 pueris
1980 2986 2087 3056 reatris,

432 3074 649 3131 tracousiderea
670 3087 788 3143 puemm
808 3077 889 3127 aetate
912 3079 939 3127 et
961 3070 1074 3128 scientie
1097 3078 1231 3141 teuemm,
1287 3069 1335 3141 qui
1350 3068 1462 3141 plantati
1477 3073 1539 3124 sunt
1554 3084 1604 3142 per
1617 3070 1784 3129 oblationem
1799 3072 1827 3127 in
1842 3072 1974 3131 Ecclesiae
1997 3076 2088 3145 borto,
2166 3086 2167 3105 ¹

426 3177 480 3220 uec
493 3162 606 3231 bouum,
630 3176 681 3218 neo
704 3160 806 3216 malum
829 3159 988 3215 discernere
1004 3159 1156 3229 valentem,
1180 3175 1233 3218 nec
1287 3164 1317 3213 ut
1342 3156 1844 3217 omment¹·¹·etrruetttteent1tec.
1868 3163 1923 3219 Vos
1945 3172 2038 3220 autem
2060 3164 2089 3220 in

432 3258 459 3307 te
480 3249 593 3323 quidem
614 3248 767 3323 inlelligere
789 3248 825 3305 da
848 3248 1007 3318 huiuamodi
1035 3247 1229 3308 disserentem.
1288 3252 1391 3302 tantum
1420 3246 1588 3314 terroribus,
1617 3247 1745 3304 midisel
1771 3249 1932 3307 verberibus
1967 3253 2088 3325 undique

426 3340 485 3398 Nec
499 3337 610 3413 quidem
625 3336 834 3394 mimm.·biollis
847 3336 919 3394 enim
931 3343 972 3394 est
986 3352 1058 3408 cera,
1069 3346 1097 3394 et
1111 3337 1189 3409 quasi
1199 3337 1230 3395 li·
1287 3334 1350 3392 illos
1364 3334 1517 3406 coarctatis,
1531 3335 1650 3392 utnulla
1664 3338 1772 3409 penitus
1790 3337 1873 3396 deest
1892 3339 1944 3396 sibi
1963 3340 2088 3398 libertate

427 3445 524 3502 quens,
539 3443 588 3485 nec
603 3426 752 3501 imaginem
766 3425 852 3501 sigilli
867 3427 1063 3500 quoquomodo
1077 3425 1224 3499 recipiens.
1243 3473 1268 3538 C
1288 3423 1377 3497 potiri.
1406 3425 1500 3497 ltaque
1514 3425 1663 3482 indiscrete
1677 3427 1809 3498 oppressi,
1825 3443 1924 3500 proras
1944 3437 1973 3485 et
1992 3431 2089 3502 spina·

426 3516 530 3576 Medius
543 3518 640 3575 homru
655 3516 817 3574 adolescens
834 3517 862 3573 et
883 3515 994 3588 juvenis
1008 3524 1060 3584 est,
1075 3532 1111 3572 ex
1124 3517 1229 3573 teneri-
1283 3529 1344 3569 rum
1364 3527 1441 3570 more
1463 3514 1611 3586 perplexas
1634 3515 1817 3588 cogitationes
1837 3517 1909 3572 iufra
1929 3534 1960 3574 se
1982 3533 2089 3593 conge-

426 3606 520 3664 tudine
535 3614 616 3678 atque
629 3604 729 3663 duritia
743 3605 822 3678 quari
841 3621 879 3662 ex
902 3608 1043 3663 senectute
1066 3613 1093 3662 et
1115 3605 1232 3678 pucritia
1284 3609 1357 3670 runt,
1374 3602 1468 3658 ioreut
1483 3604 1510 3658 cl
1522 3602 1652 3660 nutriunt.
1668 3604 1747 3662 Unde
1761 3601 1791 3659 lit
1805 3611 1835 3660 ut
1848 3605 1911 3676 quia
1927 3606 1995 3662 nihil
2009 3622 2091 3664 ιωο-

427 3711 550 3770 oougrue
570 3703 746 3769 temperatus.
773 3694 804 3751 si
825 3709 892 3768 ergo
916 3696 988 3753 bunc
1011 3693 1180 3765 instruxeris,
1196 3694 1233 3750 ad
1285 3690 1334 3760 ris,
1356 3689 1423 3748 nihil
1444 3691 1571 3763 pictatis,
1599 3691 1667 3748 nihil
1691 3692 1891 3752 beneuolentiae
1912 3693 1988 3752 circa
2007 3711 2039 3751 se
2062 3697 2090 3751 in
2166 3753 2167 3774 χ

429 3801 617 3858 quemcunque
629 3783 754 3840 utilitatis
775 3783 930 3856 proiectum
953 3782 1040 3854 voles,
1060 3783 1120 3843 sire
1142 3784 1232 3842 boue·
1287 3779 1365 3837 nobis
1377 3779 1506 3848 sentiunt,
1523 3795 1574 3837 nec
1594 3778 1636 3837 illi
1657 3780 1770 3850 alicujus
1790 3782 1857 3839 boui
1880 3783 1909 3838 iu
1932 3784 2027 3855 robis;
2042 3785 2090 3842 sed
2166 3807 2167 3830 ι

429 3873 517 3944 rude,
532 3881 596 3947 apte
612 3872 764 3956 iulormare
777 3871 891 3928 valebis.
1287 3868 1419 3942 quidquid
1443 3877 1485 3925 est
1507 3869 1575 3939 odii,
1599 3869 1755 3942 impietatis,
1771 3870 1977 3940 malevolentia,
1997 3882 2091 3944 postea
2166 3867 2167 3888 ¹

685 3986 802 4044 cqpqpp
818 3986 975 4042 quxqqq
1287 3971 1365 4026 spem
1384 3956 1514 4013 babeant.
1538 3956 1677 4030 Contingit
1699 3958 1791 4030 itaque
1802 3959 1950 4016 miserabili
1964 3963 2048 4018 modo
2061 3970 2091 4017 ut

552 4077 592 4133 ῃ,
606 4079 714 4134 cmg„
726 4073 832 4132 Mon
846 4078 947 4132 mm,
961 4074 1113 4134 mmm·
1288 4047 1359 4103 sicut
1373 4060 1488 4118 corpore
1502 4055 1638 4115 crescunt,
1653 4046 1694 4105 sic
1705 4054 1731 4103 et
1744 4047 1772 4104 in
1786 4047 1827 4105 eis
1841 4048 1923 4105 timor
1935 4057 2050 4120 tantum,
2065 4059 2090 4106 et

469 4163 538 4220 Cum
566 4162 695 4220 diabolus
722 4163 818 4236 aequit
846 4163 1011 4220 monachum
1037 4163 1152 4220 obruere
1173 4163 1236 4221 ritae
1289 4133 1403 4204 invidi&
1429 4143 1458 4192 9‘
1476 4134 1598 4235 {⁰⁸9⁵‚050
1619 4135 1711 4193 Μὴ
1731 4137 1798 4194 ΜΠ
1821 4145 1926 4196 θηθωῑ
1943 4155 1976 4196 ⁰¹
2000 4140 2089 4210 V⁰bi⁵r

434 4269 515 4325 quum
531 4252 675 4326 profem,
689 4259 731 4309 a,
745 4250 821 4322 odio,
836 4251 933 4308 „imur
946 4248 988 4281 rar
1001 4267 1067 4308 gum
1086 4267 1237 4309 mmm,
1290 4238 1401 4294 semper
1414 4238 1493 4295 prout
1506 4231 1533 4279 et
1547 4225 1652 4282 incurri
1673 4224 1709 4282 ad
1720 4224 1805 4326 ‘rit-iau,
1826 4242 1919 4282 secum
1942 4229 2091 4299 premedi-

435 4340 516 4400 50255
537 4342 564 4398 i„
588 4357 643 4416 qua
664 4348 707 4398 ω
729 4340 876 4409 subm,
906 4339 1026 4398 fastidio·
1057 4341 1093 4398 Et
1112 4340 1176 4398 licet
1199 4340 1239 4397 iffi
1290 4319 1380 4368 lantes
1393 4321 1440 4368 aut
1453 4313 1592 4385 quomodo
1602 4320 1707 4370 uestras
1719 4313 1835 4370 rnsrdras
1843 4323 1870 4371 et
1880 4315 2092 4374 machinationes

437 4430 627 4488 monachicum
649 4430 817 4504 propositum
832 4427 873 4458 ιω
887 4429 1034 4486 tenendum
1048 4429 1126 4503 quasi
1136 4444 1239 4487 conoe,
1291 4401 1401 4458 raleaut
1414 4400 1526 4471 evitare,
1542 4409 1588 4458 aut
1600 4401 1701 4460 deiude
1715 4403 1817 4460 seculo
1830 4403 1929 4460 redire.

437 4517 495 4589 det,
511 4523 606 4576 tamen
624 4519 677 4577 boc
697 4519 762 4592 quia
783 4517 833 4574 sub
855 4518 972 4588 talibus,
993 4526 1041 4574 aut
1062 4518 1146 4575 etiam
1169 4518 1241 4574 iuter
1550 4517 1663 4576 CAPUT
1684 4519 1834 4576 CLXXIX.

438 4607 517 4678 talea,
532 4607 620 4665 autin
635 4607 684 4664 tali
707 4607 769 4665 luco
792 4606 894 4680 incepit
908 4605 959 4676 Μ,
974 4606 1053 4662 illum
1071 4605 1180 4663 stultum
1195 4605 1283 4678 ni-1]
1475 4607 1644 4679 Exemplum
1660 4606 1694 4664 dc
1711 4609 1819 4666 lumino
1834 4610 1909 4666 auri.

436 4696 490 4753 mia
503 4695 761 4769 imprudentemque
781 4695 952 4751 multimodis
976 4695 1102 4752 versutiis
1123 4710 1240 4768 arguere
1332 4693 1453 4766 Vidistis,
1469 4710 1563 4766 quaeso
1577 4692 1629 4765 ω’,
1643 4711 1764 4768 uuquam
1782 4695 1913 4754 artificem
1935 4712 1970 4754 er
1992 4697 2092 4756 lamina

437 4801 493 4844 nou
507 4791 610 4844 cassu.
625 4784 739 4846 utrum
762 4781 802 4842 illi
822 4783 973 4856 persuadet
992 4783 1112 4857 iacoepto
1125 4784 1176 4842 Dei
1190 4783 1243 4841 be-
1297 4783 1358 4842 turi
1373 4785 1415 4842 rel
1436 4784 1545 4856 argenti
1568 4783 1633 4841 solis
1656 4785 1878 4859 percussionibus
1891 4785 1932 4818 ¹⁰*
1944 4786 2090 4862 imaginem

1085 5015 1202 5074 VARIAE
1229 5015 1443 5074 cucurbitus.

477 5168 518 5199 rer
533 5165 639 5226 Videas
650 5167 790 5226 bominem
804 5186 873 5227 rasa.
889 5173 917 5228 cl
931 5170 1008 5228 Edit.
1027 5168 1089 5228 Cot.
1105 5169 1198 5227 rideas
1211 5169 1361 5227 bominem.
1403 5168 1444 5199 ¹⁰⁰⁸
1458 5171 1499 5226 td
1515 5170 1575 5228 baec
1586 5169 1679 5228 ridere
1693 5187 1760 5227 mre.
1776 5169 1836 5228 haec
1849 5171 1944 5228 videre
1954 5188 2011 5228 oar.
2026 5173 2090 5228 Vict.

441 5240 495 5295 hcc
508 5237 617 5295 ridere.
658 5237 700 5321 req
711 5239 778 5297 Cum
793 5241 919 5298 diabolus
931 5241 1025 5315 nequit
1039 5243 1231 5298 monachatum
1245 5241 1325 5298 alicui
1340 5240 1404 5297 dare
1419 5239 1492 5306 odio,
1506 5241 1599 5298 nititur
1613 5259 1666 5298 mr.
1682 5242 1759 5299 Geor.
1777 5239 1812 5297 G.
1827 5243 1873 5298 lc.
1889 5243 1956 5299 Cum
1971 5242 2092 5299 diabolus

441 5310 605 5367 monachum
620 5314 716 5393 nequit
729 5311 845 5368 obruere
858 5311 922 5368 ritae
937 5329 1018 5384 quam
1033 5311 1173 5385 professus
1187 5319 1229 5368 est
1242 5311 1315 5376 odio,
1327 5313 1433 5368 nititur.
1475 5311 1516 5342 ¹⁰⁴⁸
1530 5314 1721 5369 Monccbatum
1736 5311 1906 5385 propositum
1919 5331 1988 5371 mer.
2004 5329 2092 5370 mccc-

443 5380 552 5438 chicum
566 5386 748 5452 propositum.
788 5379 830 5414 ¹*
845 5382 917 5440 Loco
929 5383 1047 5455 suscepit
1057 5399 1110 5439 cta.
1127 5383 1204 5440 dem.
1220 5382 1281 5440 loco
1294 5383 1410 5456 incepit.
1451 5379 1493 5413 ¹⁰¹⁰
1506 5383 1694 5440 Multimodis..
1710 5399 1762 5440 uec
1775 5383 1876 5441 adura
1892 5383 1976 5441 Gem.
2002 5383 2035 5440 G.
2059 5387 2090 5440 tu

441 5451 518 5507 illum
531 5451 643 5534 stultum
654 5449 749 5534 nimis,
763 5451 1019 5525 impmdentemquo
1032 5453 1203 5511 mtrltiruodis
1212 5454 1339 5511 versutiis
1351 5469 1464 5554 arguere
1478 5469 1533 5509 non
1545 5463 1648 5521 cessat;
1664 5453 1766 5510 utdum
1777 5455 1817 5510 illi
1827 5454 1972 5527 persuadet
1985 5456 2089 5528 incepto

441 5521 491 5579 Dei
505 5519 639 5579 benefiuo
653 5529 792 5596 ingratum
806 5524 1141 5596 existere;justcjudicio
1155 5525 1206 5580 ilci
1221 5525 1334 5582 necad.
1375 5523 1479 5597 ¹¹¹,lliu
1495 5533 1650 5582 teneatmr.
1664 5525 1871 5594 Gemomittit,
1885 5525 1943 5581 diu.
1986 5524 2090 5581 ¹⁸¹’lm-

441 5593 586 5666 probando
620 5592 879 5676 repastinaretur.
896 5594 1595 5669 dant.impmbendoinitiomeditatur;namquam
1619 5597 1656 5652 ad
1678 5595 1759 5652 tinam
1784 5595 1961 5667 perfectiouis
1984 5597 2090 5652 tendere

440 5673 563 5723 conatur.
606 5679 650 5721 am
665 5679 793 5736 qucum
808 5664 861 5720 illr.
902 5662 943 5695 ”¹⁸
959 5666 1128 5723 structuram
1144 5666 1225 5722 bonae
1238 5683 1291 5722 mr.
1311 5667 1379 5723 Vicl.
1396 5668 1513 5723 lruclum
1529 5667 1621 5723 boum.
1663 5665 1704 5697 ¹⁶²⁴
1718 5667 1753 5724 Ut
1767 5667 1990 5725 litutmr.unde
2014 5667 2044 5722 iit
2064 5675 2091 5724 ut

441 5733 485 5768 Μ·
504 5733 715 5794 conculcatione
729 5751 783 5791 ma.
801 5734 881 5792 Geor.
897 5737 1087 5820 convulsione.
1129 5736 1169 5768 ¹⁸¹⁸
1182 5737 1312 5820 lippetitu
1327 5745 1451 5820 moretur
1463 5755 1502 5794 m.
1526 5739 1601 5820 dam.
1625 5737 1744 5810 appetitu
1765 5745 1896 5795 mutatur.
1937 5735 1980 5768 ²⁶¹⁷
1992 5737 2089 5808 Quales

438 5815 521 5936 ιιι
534 5805 802 5936 auertitur
816 5806 1474 5952 territuria-traucitant:
1490 5807 2089 5953 {ttr.⁰t·trutrut,trruirrrrt

439 5964 493 6005 rar.
513 5949 584 6008 tter.
604 5947 686 6006 cort.
705 5951 735 6007 ct
749 5919 824 6006 etti.
839 5948 904 6008 Col.
922 5948 991 6006 solis
1000 5921 1235 6020 percussionibus.
1473 5921 1480 5950 ¹
