4750 6725
340 606 388 668 ist
881 599 1047 666 historus
1061 599 1251 666 Novoutlnr.
1272 639 1309 650 -
1321 603 1385 664 nra.
1401 603 1463 681 lv,¹
1937 606 2008 679 oq*

337 739 409 794 tione
423 734 545 810 episcopi
555 735 726 792 advertentes
739 735 866 792 comitem
881 735 951 792 velle
971 735 1134 790 calumniam
1150 735 1177 794 Α
1191 733 1289 789 collata
1303 743 1547 806 corrumperentur,
1576 736 1773 809 scinderentur,
1802 744 1990 812 annihilaren-

336 841 455 895 movere,
472 841 526 898 que
540 841 588 882 eos
603 826 686 898 regiae
702 825 838 896 maiestati
864 824 998 880 obnoxios
1025 825 1135 892 laceret,
1191 829 1245 877 tur.
1262 823 1472 894 nequieritistis
1489 841 1547 894 rex,
1578 834 1604 881 et
1629 828 1710 896 jussit
1737 830 1860 900 ipserum
1888 850 1994 907 quoque

336 915 432 971 remoti
456 928 473 970 s
500 914 681 980 multitudine,
712 912 804 969 habito
836 913 960 983 consilio,
989 920 1138 968 statuerunt
1191 911 1292 981 scripte
1329 913 1529 983 auctoritatum,
1557 932 1620 986 quse
1647 917 1770 975 Ecclesia
1793 919 1994 981 Cantuariensis

337 1004 410 1076 apud
423 1019 453 1059 sc
467 1003 523 1058 suis
538 1002 673 1068 omnibus,
689 1002 711 1058 si
727 1003 799 1074 regie
831 1003 963 1058 sententia
991 1005 1042 1058 hoc
1066 1003 1137 1058 lorta
1192 1000 1646 1071 habehat,subeeleritateafferri,
1662 1005 1744 1061 allata
1764 1010 1884 1066 recitari.
1914 1014 1993 1083 Quod

339 1091 445 1149 comitis
459 1091 587 1148 instinctu
603 1092 724 1160 dictaret,
741 1107 769 1146 se
784 1091 866 1146 melle
881 1090 1026 1162 despoliari
1054 1106 1137 1163 quarn
1191 1088 1237 1142 ubi
1250 1089 1351 1142 lactum
1365 1097 1414 1158 est,
1431 1091 1541 1148 intulit:
1560 1117 1572 1138 «
1590 1093 1662 1162 Quid
1689 1097 1807 1167 amplius
1834 1102 1991 1172 quaeritur?

335 1181 368 1236 iis
383 1197 443 1252 quae
466 1181 610 1238 Anselmus
639 1181 672 1234 de
697 1181 824 1250 praesenti
855 1179 966 1252 querela
992 1196 1136 1251 praecepe-
1189 1178 1377 1246 auctoritates,
1412 1179 1558 1253 privilegia
1585 1183 1741 1252 apostolica
1768 1188 1842 1242 sedis
1872 1195 1900 1245 et
1933 1211 1995 1265 quae

332 1278 374 1326 rat
391 1285 447 1326 non
460 1269 661 1340 obtemperare.
696 1271 777 1325 lirant
805 1276 895 1325 autem
920 1268 957 1338 hi,
985 1269 1136 1326 llicherdus
1189 1265 1374 1336 inpraesentia
1388 1268 1509 1337 patriset
1541 1271 1634 1326 matris
1657 1289 1735 1340 meaa,
1765 1276 1816 1332 sub
1839 1279 1992 1338 testimonio

340 1359 549 1426 lundoniensis,
564 1357 737 1414 willhelmus
768 1357 972 1426 wintoniensis,
1003 1359 1137 1414 liebertus
1190 1354 1436 1412 olconfirmetionc
1450 1357 1649 1429 episcoporum,
1674 1362 1814 1434 abbatam,
1845 1374 1871 1423 et
1897 1385 1993 1440 proce

334 1446 523 1516 Lincoliensis,
551 1446 700 1503 lierbertus
716 1445 911 1515 Norwicensis,
927 1447 1059 1519 hogerius
1072 1447 1138 1502 Ser·
1189 1457 1249 1497 rum
1264 1443 1342 1516 regni
1356 1442 1466 1502 definite
1480 1454 1543 1502 sunt
1556 1455 1586 1503 ut
1599 1452 1676 1522 quasi
1690 1451 1725 1506 de
1739 1452 1989 1522 epistoteamehni

332 1535 476 1603 berlensis,
494 1535 653 1605 hadulphus
669 1534 814 1604 hallensis,
831 1534 986 1591 Reinclmus
1004 1537 1135 1592 Herelor-
1188 1531 1296 1603 penitus
1310 1540 1441 1604 taceatur,
1457 1551 1509 1606 ego
1522 1536 1550 1592 in
1564 1539 1741 1609 questionem
1768 1542 1914 1618 mitterem,
1939 1563 1992 1620 ego

335 1623 438 1693 densis,
455 1623 589 1680 llobertus
604 1622 763 1686 Castrensis,
792 1623 910 1680 ioannes
937 1624 1134 1691 bathoniensis,
1189 1620 1270 1674 noris
1283 1621 1446 1694 ambagibus
1456 1624 1554 1696 agitari
1582 1628 1767 1696 permitterem
1794 1632 1808 1686 i
1836 1633 1894 1690 lmo
1922 1637 1991 1694 sciet

334 1711 467 1768 liedulfus
481 1711 672 1780 cicestrensis,
689 1710 863 1766 Willhelmus
877 1711 1047 1768 Exoniensis.
1076 1713 1136 1768 lstis
1188 1705 1351 1765 Thomassc
1366 1712 1624 1784 autsubiectionem
1640 1724 1666 1771 et
1688 1716 1871 1775 obedientiam
1895 1724 1991 1781 Eccle-

333 1817 412 1874 crgo,
427 1799 532 1857 firmato
547 1799 670 1869 oonsilio,
691 1808 719 1855 ut
731 1800 861 1867 diximus,
881 1801 953 1856 inter
979 1817 1018 1869 se,
1048 1801 1136 1858 risum
1189 1796 1237 1851 ⁸³ae
1252 1797 1439 1856 Cantauriensi
1453 1802 1565 1874 ejusque
1579 1804 1747 1874 primatibus,
1762 1815 1792 1863 ut
1805 1816 1993 1872 antecessores

333 1897 376 1946 cst
389 1889 549 1946 samsonem
565 1889 781 1962 Wigornenscm
804 1888 961 1960 episcopum
993 1905 1135 1946 eccersrn-
1187 1883 1228 1939 sui
1243 1885 1356 1956 professi
1380 1895 1451 1957 sunt,
1467 1889 1652 1960 professurum
1673 1901 1719 1948 aut
1733 1897 1982 1972 archiepiscopatui

333 1979 411 2048 dum,
423 1985 450 2036 et
463 1993 544 2051 quam
560 1977 594 2034 de
610 1979 722 2048 negotio
751 1978 913 2033 sententiam
941 1977 1025 2034 ferret
1053 1980 1133 2034 etiam
1188 1973 1354 2030 Eboraocnsi
1369 1992 1402 2031 ex
1416 1984 1473 2034 toto
1487 1994 1636 2034 cessumm.
1649 1981 1738 2054 Eligat
1749 1999 1817 2058 ergo
1832 1988 1906 2056 quod
1919 1990 1985 2044 vult,

333 2083 394 2140 ipse
425 2065 648 2138 perquirendum.
685 2067 796 2122 Factum
824 2074 877 2136 est,
902 2074 930 2123 et
955 2066 1097 2139 respondit
1125 2061 1383 2148 :BConsideretis
1404 2061 1495 2137 itaque
1527 2067 1646 2123 Thomas
1672 2073 1875 2130 auctoritatibus
1897 2078 1995 2148 quibus

335 2155 440 2212 «Licet
471 2157 543 2211 bunc
579 2154 623 2226 qui
657 2154 684 2210 in
717 2153 902 2226 pontificatum
938 2156 1137 2213 Eboracensem

333 2245 436 2300 electus
450 2251 499 2310 est,
511 2243 577 2300 olim
592 2259 627 2299 ex
641 2244 758 2316 conjuge
773 2242 859 2300 filiurn
873 2245 1047 2317 susceperim,
1059 2247 1138 2317 cique

330 2334 410 2405 juxta
424 2332 553 2390 saeculum
568 2341 595 2388 et
609 2332 697 2388 carnis
712 2339 835 2388 naturam
858 2335 971 2390 honoris
985 2350 1017 2390 ac
1044 2334 1138 2407 digni-

333 2421 397 2478 tatis
408 2421 545 2493 pmlectus
557 2421 602 2494 jus
612 2421 768 2493 aeqnissimc
779 2421 903 2492 debeam,
916 2423 1001 2479 multo
1021 2423 1138 2480 maxime

333 2518 427 2568 temen
440 2510 468 2567 id
483 2510 560 2567 matri
576 2527 644 2567 meac
670 2510 797 2566 Ecclesiae
826 2511 1010 2568 Cantauriensi
1038 2512 1137 2582 debeo,

333 2617 397 2673 qnae
411 2599 494 2656 mein
510 2617 582 2670 eunr,
597 2600 626 2655 in
640 2615 694 2674 quo
709 2616 780 2668 sum,
796 2603 928 2657 honorem
942 2601 1077 2673 prorexit,
1112 2609 1139 2657 et

333 2689 432 2762 gratias
446 2705 528 2762 quem
544 2705 560 2744 e
575 2687 685 2746 Christo
704 2689 821 2746 Domino
837 2690 935 2746 meruit
949 2707 992 2747 me
1006 2707 1056 2761 per
1067 2705 1138 2762 pon·

333 2775 436 2834 tilicalc
459 2777 638 2834 ministerium
666 2777 828 2849 participem
857 2779 930 2835 iecit.
968 2778 1140 2851 Quapropter

334 2875 432 2923 notum
447 2865 574 2924 omnibus
587 2882 649 2924 esse
664 2866 726 2923 rolo
741 2883 785 2923 rna
801 2875 827 2924 et
840 2865 935 2924 litteris
950 2867 1040 2924 Patris
1054 2867 1139 2925 nostri

333 2955 457 3012 llnselmi
474 2955 508 3012 de
522 2971 603 3012 cause
616 2971 675 3026 qua
691 2955 841 3012 nuncinter
867 2972 917 3012 nos
944 2955 1034 3028 egitur
1061 2956 1140 3014 lectis

334 3043 427 3100 modis
439 3043 758 3113 omnibusobediturum,
773 3060 823 3100 nec
849 3060 969 3118 unquam
997 3060 1140 3102 assensum

334 3132 524 3204 praebiturum,
541 3139 570 3188 ut
585 3132 608 3188 is
631 3132 676 3203 qui
702 3133 803 3188 electus
831 3141 871 3189 est
894 3133 922 3190 in
951 3133 1140 3206 episcopatum

335 3221 538 3278 Eborecensem
566 3220 737 3293 aliquatenus
765 3230 947 3291 consecretur,
986 3221 1073 3280 donec
1107 3224 1141 3278 de

1195 2150 1348 2207 Ecclesiam
1375 2152 1608 2212 Dorobcmensem
1640 2158 1689 2215 niti
1726 2165 1754 2216 et
1795 2163 1996 2222 circumvallari

1191 2238 1311 2308 ridebat,
1328 2242 1426 2312 spretis
1441 2243 1547 2300 clericis
1562 2247 1618 2301 suis
1631 2264 1747 2318 quorum
1761 2268 1791 2306 se
1804 2254 1919 2310 consilio
1932 2272 1994 2312 cre·

1192 2326 1293 2382 didisse
1309 2345 1369 2385 sero
1388 2331 1510 2398 dolebat,
1534 2350 1567 2390 so
1596 2345 1688 2391 contre
1715 2337 1789 2409 ipsas
1818 2343 1996 2400 auctoritates

1193 2416 1266 2473 nolle
1295 2426 1379 2483 stare,
1414 2421 1463 2476 sed
1503 2437 1607 2481 morem
1644 2434 1848 2484 antecessorum
1884 2447 1995 2487 suorum

1193 2506 1343 2576 sequendo,
1355 2516 1380 2562 et
1394 2507 1459 2579 ipsis
1472 2512 1645 2582 acquiescere
1671 2522 1698 2569 et
1732 2516 1878 2574 Ecclesiam
1907 2519 1994 2591 ipsam

1194 2589 1324 2660 deinceps
1344 2606 1451 2662 semper
1473 2594 1587 2667 diligere
1614 2598 1683 2653 uelle
1712 2600 1781 2657 dixit
1804 2610 1831 2658 et
1849 2603 1994 2662 honorare.

1194 2679 1324 2750 l’raecepit
1337 2678 1422 2751 icitur
1434 2698 1484 2738 rex
1499 2691 1528 2738 ut
1538 2685 1672 2754 professio
1687 2704 1769 2759 quam
1795 2691 1914 2748 Thomas
1937 2702 1996 2751 erat

1195 2767 1315 2822 lecturus
1329 2767 1357 2822 in
1372 2769 1413 2824 sui
1432 2773 1576 2841 praesentia
1603 2775 1761 2845 dictaretur,
1790 2780 1953 2838 scriberetur
1985 2801 1993 2846 ;

1194 2854 1330 2927 sigiloque
1353 2873 1401 2913 sno
1415 2859 1580 2930 charactere,
1602 2871 1630 2919 ot
1657 2873 1765 2934 rooaut,
1792 2867 1909 2926 rotundo
1931 2878 1990 2927 erat

1194 2944 1384 3016 imprimenda,
1400 2949 1512 3018 nequid
1527 2950 1555 3004 in
1578 2967 1612 3007 ee
1635 2954 1731 3024 quovis
1749 2957 1899 3026 molimine,
1921 2967 1995 3015 ante

1194 3048 1276 3104 quam
1290 3049 1350 3089 eam
1377 3034 1531 3106 profitendo
1559 3040 1677 3097 Thomas
1703 3043 1808 3116 legeret
1834 3053 1994 3118 mutaretur,

1195 3131 1351 3178 seruaretur
1365 3122 1480 3182 incluse.
1498 3149 1509 3176 ι
1523 3126 1603 3196 Quod
1617 3138 1643 3186 et
1658 3131 1823 3190 factumest.

1231 3211 1375 3268 Dominiae
1389 3228 1454 3285 ergo
1469 3215 1513 3270 die
1523 3233 1586 3289 quae
1601 3216 1650 3274 init
1663 3235 1680 3276 v
1694 3219 1756 3276 Kal.
1774 3222 1885 3292 (autulii
1900 3239 1996 3282 conve·

334 3309 505 3381 subjectione
519 3324 570 3365 sua
585 3308 712 3366 Ecclesia
737 3309 922 3368 Cantuariensi
951 3309 1070 3367 debitam
1115 3321 1142 3368 et
1195 3301 1423 3372 ssssfflsshillb‘fllfl
1437 3319 1512 3377 “³3²2
1529 3305 1895 3379 Richtldusistlssdoni0118582
1918 3313 1993 3369 Wil-

335 3396 498 3453 canonicam
513 3394 695 3453 obedientiam
709 3396 878 3467 proliteetur.
898 3398 959 3469 lpse
973 3399 1044 3453 enirn
1069 3414 1141 3469 prae.
1197 3389 1313 3444 lbelmus
1326 3392 1533 3461 wintoniensis,
1550 3395 1862 3471 hadulphusliollensis,
1873 3401 1995 3457 Herbar-

335 3501 401 3541 scns
413 3484 453 3539 sui
467 3485 575 3555 quoodo
593 3484 678 3541 [palor
693 3501 769 3541 mous
785 3487 902 3541 Thomas
925 3486 1144 3558 archiepiscopus
1198 3484 1240 3532 ius
1252 3478 1445 3547 NOTWissellsiS‚
1457 3481 1617 3555 liudulphus
1632 3486 1817 3557 Cicestrensis,
1833 3489 1994 3561 Ranulpbus

336 3574 522 3630 Eboraceusis
559 3581 614 3629 tum
650 3572 770 3645 antiquis
804 3574 1057 3643 consuetudinibus,
1087 3584 1143 3631 tum
1197 3565 1398 3636 Dunelmensis,
1421 3576 1448 3623 θῑ
1470 3570 1592 3627 ΗθῑὟθῦἓ
1619 3573 1819 3646 Pangomensis
1832 3578 1953 3649 episcopi
1967 3580 1996 3633 in

348 3662 549 3719 invincibilibus
563 3662 771 3735 allegationibus
789 3671 878 3731 actus,
894 3664 1018 3719 eamdem
1033 3664 1142 3733 proles·
1197 3653 1313 3710 ecclesia
1337 3655 1408 3710 beili
1429 3658 1503 3712 Pauli
1532 3658 1681 3716 Lundooiae
1709 3679 1760 3733 pro
1793 3666 1996 3722 consecratione

345 3751 452 3809 sionem
479 3750 631 3808 Lonsrooco
654 3750 857 3823 archiepiscopo
886 3751 1088 3819 Coniugi-icosi,
1118 3762 1144 3808 ci
1197 3743 1317 3799 Thomae.
1334 3746 1410 3800 Iniel'
1422 3745 1531 3801 soiiiam
1545 3763 1612 3819 ergo
1622 3750 1863 3819 examinalionem,
1874 3769 1923 3809 suo
1933 3753 1995 3815 1000

340 3840 449 3897 cunctis
463 3838 522 3909 ejus
536 3838 737 3895 successoribus
751 3839 824 3895 lecit.
854 3840 930 3895 »llis
957 3838 1048 3908 dictis,
1068 3840 1142 3897 illico
1200 3829 1400 3901 Pt⁰f0⁵³i⁰tlem
1416 3834 1451 3889 de
1465 3833 1633 3905 subiectione
1664 3846 1689 3894 et
1715 3840 1869 3897 obedientis
1896 3851 1997 3899 sancire

338 3928 421 3985 simul
432 3944 527 3984 omncs
536 3928 657 3999 episcopi
668 3928 703 3983 od
712 3943 804 4001 regom
816 3929 916 3984 reversi
926 3937 997 3999 suhi,
1011 3938 1141 3985 consign-
1163 3989 1165 3994 .
1197 3919 1325 3976 Ecciesiae
1339 3921 1540 3979 D0r0bel'tlellsi
1554 3926 1707 3983 exhibenda
1721 3929 1872 3987 Richardus
1891 3931 1997 3994 buada·

340 4026 382 4073 ter
395 4026 422 4073 et
437 4015 539 4073 litteras
554 4032 633 4089 super
648 4016 746 4093 quibus
770 4033 862 4073 comes
877 4017 1030 4075 sciscitatus
1044 4018 1141 4090 luerat,
1197 4009 1299 4065 niensis
1312 4009 1465 4082 episeopus,
1482 4012 1527 4083 qui
1541 4014 1675 4073 Thomam
1696 4026 1753 4074 eret
1779 4029 1943 4090 sacraturus,
1963 4022 1998 4077 ab

338 4122 370 4161 se
383 4106 542 4177 suscepisse,
559 4108 586 4161 et
600 4113 751 4161 contraeas
765 4106 839 4160 nulla
854 4106 957 4162 ratione
995 4107 1143 4179 quidquem
1196 4097 1244 4153 illo
1255 4098 1349 4171 exigit.
1366 4100 1500 4158 Pmlessio
1514 4102 1610 4176 igitur,
1623 4105 1692 4162 sicut
1713 4115 1772 4163 erat
1785 4107 1916 4183 sigillata,
1943 4110 1996 4167 sihi

342 4202 450 4251 acturos
460 4202 617 4251 asserentes.
634 4194 672 4247 lld
690 4210 760 4265 quae,
776 4210 837 4250 cum
853 4194 925 4250 idem
942 4212 1034 4251 comes
1062 4203 1145 4267 ceput
1197 4202 1290 4243 coram
1306 4188 1432 4243 omnibns
1444 4190 1536 4247 oblate
1551 4202 1603 4261 est,
1623 4194 1764 4267 fractoque
1784 4198 1876 4271 sigillo
1890 4199 1999 4257 evoluta

342 4282 469 4355 agitamt,
487 4282 698 4353 autumensjam
712 4282 740 4337 iu
755 4281 818 4339 illos
846 4282 920 4355 quasi
935 4282 969 4339 de
988 4292 1144 4357 contemptu
1197 4274 1390 4333 illleclssbeo
1402 4281 1443 4334 tali
1457 4279 1495 4335 ila
1515 4297 1522 4334 τ
1545 4303 1557 4330 ·
1585 4282 1647 4354 Ego
1673 4284 1792 4341 Thomas
1820 4286 1998 4345 Eborecensis

343 4372 418 4444 regis
432 4371 543 4426 crimem
559 4370 743 4441 injiciendum,
759 4370 825 4426 dixit
840 4387 890 4429 rex
908 4388 914 4426 r
934 4392 944 4423 ι
962 4370 1101 4445 Quidquid
1117 4374 1145 4429 in
1198 4364 1327 4421 Ecclesia
1336 4368 1534 4423 consecrandus
1544 4372 1777 4441 metropolitanus,
1791 4374 1923 4445 profiteor
1935 4378 1999 4433 sub-

340 4460 375 4515 iis
390 4459 508 4516 eliorum
518 4460 650 4516 sententia
665 4458 743 4527 leret,
759 4459 793 4515 de
807 4474 852 4515 me
865 4467 967 4517 constat
992 4461 1054 4531 quia
1081 4478 1144 4519 cum
1194 4451 1343 4521 Ῐθῦῑῑθῡθῑῐὶ
1358 4456 1556 4512 elsstssllssifflm
1571 4458 1755 4516 obedientiam
1778 4471 1880 4521 sanctas
1906 4464 1999 4523 Doro-

341 4546 481 4619 episcopis
493 4547 589 4615 seatio,
606 4564 656 4604 nec
669 4547 712 4605 vel
732 4547 768 4604 ad
778 4549 872 4605 horam
888 4548 1147 4607 excommunicatio·
1198 4539 1324 4596 hetssfflli
1339 4541 1480 4613 Ecclesiaes
1495 4553 1521 4600 0¹
1535 4546 1659 4615 ejusdem
1673 4548 1801 4605 Eoelflsiffl
1819 4552 1928 4621 primati
1950 4568 1999 4609 ⁰²·

340 4653 403 4693 nem
418 4636 537 4692 llnselmi
552 4635 695 4709 subiacere
710 4637 879 4707 aliquetenus
893 4639 965 4694 volo.
1000 4663 1010 4687 a
1042 4638 1146 4709 Quibus
1198 4629 1389 4686 noniceelectc
1413 4639 1440 4687 et
1459 4641 1627 4699 consecrato,
1659 4643 1686 4691 et
1712 4638 1913 4694 successoribus
1940 4638 2001 4698 suis

339 4725 448 4793 auditis,
474 4723 560 4797 carisi
583 4728 646 4781 sunl
681 4741 784 4783 omnes.
823 4726 856 4781 Et
885 4735 997 4799 egentes
1027 4726 1144 4785 Domino
1198 4719 1328 4776 canonice
1351 4720 1537 4777 inthronizatis
1570 4724 1647 4780 salre
1666 4722 1793 4782 fidelitate
1820 4727 1922 4783 domini
1946 4727 2001 4787 mei

340 4818 434 4888 orales
447 4813 552 4885 pariter
565 4813 972 4872 conclamaveruntlnselmum
987 4815 1093 4886 edesse,
1114 4804 1181 4873 etD
1197 4807 1269 4880 regis
1289 4807 1400 4865 Hessrici
1431 4809 1594 4883 Anglorum,
1625 4820 1652 4867 el
1674 4812 1750 4870 salva
1778 4814 1935 4872 obedientia
1965 4830 2000 4872 ex

341 4918 426 4976 quam
440 4918 495 4959 non
508 4909 614 4973 potemt
628 4902 656 4958 in
674 4918 788 4977 corpore
815 4902 929 4977 degens,
955 4902 1013 4973 jem
1042 4902 1144 4960 mundo

344 4992 486 5048 absentem
521 5007 630 5047 ceumm
679 4992 807 5049 Ecclesiae
843 5009 900 5047 sure
938 4992 1141 5049 detemrinesse.

340 5079 448 5138 Deinde
461 5076 490 5135 in
505 5080 632 5136 laudibus
646 5080 739 5137 eximii
752 5080 887 5152 principis
902 5082 1073 5137 demoratum
1092 5089 1143 5153 est,

343 5168 491 5240 acutipse
518 5166 680 5241 dignitatem
706 5168 839 5239 primatus
867 5168 996 5226 Ecclesiae
1025 5169 1144 5226 Cantus·

342 5256 444 5313 riensis
470 5256 606 5313 humiliari
648 5272 663 5313 e
687 5256 762 5313 nullo
790 5258 958 5327 permitteret
984 5257 1143 5329 postulatus,

343 5344 480 5417 siquidem
494 5344 595 5415 inboc,
612 5345 713 5413 dicunt,
743 5346 951 5403 consuetudines
978 5343 1096 5417 antiqoae
1119 5354 1146 5403 et

342 5448 437 5492 earum
451 5431 677 5500 confirmationes,
695 5433 884 5507 astipulatione
895 5432 976 5491 totius
990 5434 1067 5507 regni
1095 5434 1145 5489 sub

342 5538 447 5597 macno
460 5538 527 5597 rece
541 5520 701 5581 Willhelmo
716 5522 807 5595 iactae,
820 5539 905 5579 necne
919 5518 1062 5597 privilegia
1086 5538 1146 5594 quae

343 5608 386 5671 bis
400 5612 492 5688 pn'ora
504 5612 621 5669 existunt
634 5608 669 5669 ab
683 5606 833 5689 apostolica
847 5608 913 5669 sede
938 5610 990 5686 lpsi
1016 5609 1146 5669 Ecclesia

1199 4904 1277 4967 parte
1306 4912 1368 4953 mee
1401 4897 1527 4966 tenenda,
1570 4915 1654 4969 quam
1690 4901 1807 4958 Thomas
1849 4910 2003 4962 antecessor

1199 5001 1275 5041 meus
1284 4994 1385 5043 mactas
1398 4986 1529 5045 Romanae
1543 4987 1671 5044 Ecclesiae
1685 5005 1719 5045 ex
1738 5000 1817 5063 perte
1826 5009 1876 5049 sue
1888 4988 1954 5066 prof
1982 5025 1998 5037 -

1198 5090 1246 5130 sus
1259 5081 1343 5129 est.u

1235 5162 1435 5221 intererathuic
1444 5158 1531 5222 officio
1545 5161 1622 5236 prior
1643 5164 1774 5227 Ecclesia
1786 5166 2003 5232 [lorobernensis

1199 5250 1354 5324 (Conredus
1377 5252 1499 5326 nomine)
1519 5262 1547 5311 et
1574 5271 1609 5312 ex
1636 5257 1777 5314 monachis
1801 5258 1925 5332 ejusdem
1947 5263 2001 5321 loci

1201 5341 1393 5413 quamplures;
1410 5343 1456 5413 qni
1483 5358 1536 5414 pro
1554 5344 1606 5400 boc
1632 5345 1701 5417 ipso,
1731 5347 1860 5419 qnommn
1888 5365 1932 5408 res
1955 5366 2003 5411 eos

1201 5429 1317 5487 maxime
1331 5430 1506 5503 respiciebat,
1522 5430 1570 5489 illo
1584 5443 1777 5493 convenerant.
1792 5435 1902 5495 Lectam
1911 5440 2003 5512 iteqne

1201 5516 1403 5591 professionem
1411 5536 1474 5576 cum
1489 5536 1506 5576 a
1520 5518 1625 5579 Thema
1645 5521 1696 5579 sibi
1712 5524 1831 5582 oblatam
1846 5526 1999 5587 llicberdns

1202 5608 1312 5666 antistes
1334 5603 1532 5666 lundoniensis
1572 5612 1732 5686 accepisset,
1772 5629 1834 5672 eam
1858 5617 1999 5677 nominato

997 5783 1213 5847 HENSCHENll
1231 5782 1347 5847 ΝΟΜ.

386 5910 427 5992 (a)
442 5912 510 5976 Erat
523 5928 666 5993 perperam
681 5924 810 5977 sacuam
825 5932 852 5977 rr
866 5913 927 5976 ltol.
939 5916 1010 5977 lulli
1021 5931 1068 5993 qm
1083 5924 1154 5974 enno
1169 5914 1240 5975 ilos
1252 5913 1341 5973 littere
1353 5910 1498 5973 Dominica
1512 5912 1533 5972 c
1546 5908 1642 5973 incidit
1655 5910 1683 5971 in
1698 5909 1793 5974 leriam
1802 5910 1959 5979 mandam.
