4750 6725
273 636 327 695 'iib
937 644 1017 703 Vll‘d
1031 644 1064 706 S·
1077 645 1264 710 DUNSTANI.
1430 667 1435 679 ·
1873 648 1925 713 'lid

273 787 600 881 ssfltlsoefllssbwctfflssl
613 791 641 845 ei
660 788 809 863 eomplosis
818 787 1073 861 manibulucubres
1086 779 1116 843 Α
1130 798 1254 869 suspiriis
1268 807 1348 873 atque
1374 796 1500 858 lamentis
1531 800 1656 875 permisti
1677 818 1741 859 aera
1773 798 1923 872 complent.

273 871 391 941 eJulatus
412 872 547 930 emittunt.
567 877 643 933 Inter
661 894 729 949 quos
749 886 839 934 tamen
854 878 951 949 trepidi
967 894 999 935 ec
1023 896 1074 952 ge·
1128 888 1186 943 llos
1202 886 1271 945 inter
1284 888 1407 947 acerbior
1425 890 1503 947 lletus
1530 894 1678 949 monachos
1704 900 1731 948 et
1754 890 1849 962 inopes
1863 906 1927 946 eru-

274 970 380 1017 mentes
394 962 643 1037 examimecorpns
660 966 808 1038 accipiunt,
828 966 919 1025 cilicie
937 976 1073 1035 sternunt,
1128 976 1237 1039 proban
1254 978 1305 1034 1105
1319 979 1382 1049 quia
1396 988 1541 1051 poserem,
1558 984 1660 1052 patrem
1690 988 1716 1037 ep
1744 980 1926 1047 advocatum

274 1057 399 1127 abluunt,
410 1059 634 1129 sacerdotalibus,
655 1064 694 1117 uti
715 1064 803 1120 moris
820 1071 870 1128 est,
891 1063 1012 1121 vestibus
1030 1064 1075 1120 in·
1128 1064 1190 1121 illos
1203 1066 1268 1137 quie
1281 1083 1311 1123 se
1324 1068 1352 1123 in
1367 1084 1399 1125 eo
1413 1068 1564 1139 perdidisse
1584 1070 1759 1139 ,adverterant
1772 1068 1853 1125 totius
1867 1067 1929 1123 vile

274 1146 371 1201 cluunt.
383 1146 539 1219 Perciperes
557 1150 593 1205 ad
611 1152 672 1207 heo
689 1152 798 1223 pietatis
816 1150 916 1221 officia,
935 1153 1075 1225 quampio
1128 1154 1289 1223 subsidium,
1304 1171 1380 1228 spem
1396 1166 1423 1213 et
1436 1159 1661 1215 consolationem.
1691 1158 1733 1213 Fit
1746 1158 1827 1230 igitur
1839 1156 1928 1210 luctus

273 1232 373 1289 effectu
384 1235 478 1292 vivens
487 1245 606 1307 pastura
625 1240 683 1295 suis
702 1240 798 1296 oribus
820 1239 993 1313 diligebatur,
1012 1257 1075 1297 cum
1129 1243 1249 1298 omnium
1265 1244 1472 1313 inestimabilis,
1489 1256 1517 1303 et
1530 1247 1648 1303 adunata
1675 1245 1818 1301 multitudo
1846 1244 1929 1299 innu-

272 1320 303 1377 in
317 1322 454 1379 exstinctu
467 1327 627 1397 procederet
647 1335 729 1384 tante
747 1328 885 1386 charitatis
902 1329 1019 1386 ostentm
1046 1340 1077 1386 ut
1128 1331 1280 1387 morabilis.
1296 1331 1356 1401 Qus
1370 1334 1561 1391 circumstante
1575 1351 1687 1408 seseque
1701 1350 1784 1406 super
1811 1333 1929 1389 invicem

274 1409 368 1467 nullus
381 1411 422 1467 illi
431 1421 571 1484 putaretur
588 1415 657 1472 satis
680 1416 792 1473 honoris
810 1417 949 1485 detulisse,
965 1417 1076 1491 quinon
1130 1420 1335 1490 comprimente,
1382 1422 1551 1493 sepeliuntur
1592 1423 1769 1480 sacratissimi
1801 1419 1927 1493 presulis

271 1498 482 1559 lacrimantibus
497 1504 582 1560 oculu
596 1506 795 1577 manibusejus
813 1521 848 1563 sc
875 1506 991 1578 pedibus
1022 1509 1075 1565 de·
1129 1514 1203 1563 artus
1217 1507 1244 1564 in
1260 1510 1375 1579 prelata
1388 1510 1564 1567 nobilissime
1589 1510 1708 1585 Virginis
1728 1510 1798 1578 ede,
1815 1510 1874 1565 loce
1889 1507 1927 1563 vi·

274 1596 342 1644 uota
355 1590 449 1646 escula
463 1590 657 1663 impressisset.
675 1594 746 1650 lline
769 1595 957 1667 superpositus
967 1595 1076 1665 leretro,
1129 1596 1223 1652 dilicet
1237 1597 1367 1655 divinitus
1380 1598 1486 1671 pridem
1501 1600 1655 1673 designate.
1671 1600 1734 1655 Post
1747 1600 1806 1655 bec
1820 1612 1929 1652 annun·

273 1676 369 1731 lertur
380 1677 415 1734 ad
430 1680 580 1737 ecclesiam
593 1682 757 1739 beatissime
789 1682 907 1756 Virginis
928 1683 1075 1757 cuprum,
1132 1682 1214 1737 tiator
1227 1682 1353 1754 deposito
1367 1684 1430 1755 eius
1444 1682 1486 1739 lais
1500 1692 1526 1739 et
1540 1684 1604 1752 illis,
1619 1684 1647 1740 id
1661 1691 1703 1739 est
1731 1682 1775 1740 uel
1802 1696 1870 1752 ques
1884 1696 1932 1736 re-

272 1780 370 1836 quam,
385 1766 454 1823 sicut
467 1785 549 1841 supra
563 1771 682 1838 memini,
698 1788 715 1826 a
733 1770 911 1829 fundamento
934 1772 993 1843 ipse
1007 1789 1076 1831 eon·
1130 1770 1238 1843 gendos
1252 1769 1304 1827 sub
1321 1772 1452 1843 pastorali
1487 1788 1551 1828 cura
1581 1778 1746 1843 susceperat,
1775 1770 1820 1826 vel
1834 1784 1932 1840 quosa

271 1855 382 1910 struxit.
399 1855 433 1911 lit
445 1872 510 1914 ecce
525 1858 591 1915 dum
608 1860 637 1915 in
650 1859 764 1915 sublimi
778 1869 939 1932 gestaretur,
955 1877 989 1917 ac
1003 1877 1076 1933 pre-
1131 1856 1254 1913 seculari
1268 1860 1474 1916 conversatione
1488 1860 1637 1916 abstractos
1665 1858 1779 1933 qualiter
1801 1858 1888 1913 Deum
1903 1856 1933 1909 in

273 1942 437 1999 cedentibus
454 1946 498 2013 iis,
513 1948 560 2020 qui
573 1948 680 2004 senous
709 1949 884 2005 concentibus
902 1950 960 2007 Deo
982 1950 1079 2007 landes
1131 1946 1291 2003 monachico
1307 1947 1400 2003 babitu
1415 1953 1593 2019 sequerentur
1607 1949 1781 2003 instruxerat.
1806 1944 1885 2001 Unde
1900 1957 1933 1999 ex

275 2039 304 2087 et
319 2047 415 2102 preces
429 2032 591 2103 offerebant,
603 2036 785 2108 subsequente
799 2046 889 2095 autem
903 2038 1015 2111 pupulo,
1031 2038 1078 2110 qui
1132 2032 1276 2091 dulcedine
1292 2036 1489 2094 recordationis
1514 2038 1584 2108 ejus,
1600 2036 1706 2093 cunctis
1733 2034 1780 2106 qui
1795 2031 1934 2105 iutellige-

275 2120 406 2176 amissum
428 2130 564 2193 pastorem
589 2141 643 2181 ana
669 2142 731 2183 oum
755 2126 896 2183 monachis
925 2122 1201 2193 miserandaBbant
1214 2138 1245 2179 se
1260 2122 1344 2180 luisse
1357 2123 1428 2181 filios
1441 2125 1501 2194 ejus
1515 2124 1642 2181 indicitur
1655 2125 1742 2179 luctus
1763 2120 1929 2179 communis.

273 2224 345 2265 uoce
361 2210 540 2285 plangebant,
556 2216 682 2285 apparuit
714 2215 801 2288 glorie
816 2216 876 2281 liei,
898 2232 960 2289 que
990 2216 1086 2273 doctas
1138 2210 1191 2268 Ubi
1205 2220 1294 2269 aulem
1310 2228 1385 2283 sepe
1399 2212 1755 2270 memoratusdllhelwinus
1777 2210 1832 2265 dux
1847 2209 1935 2265 resci-

277 2307 387 2355 mentes
401 2300 494 2357 docuit
507 2301 662 2374 intelligere
677 2304 803 2361 meritum
816 2306 929 2361 mortui.
956 2305 1086 2362 Viderunt
1137 2301 1177 2357 vit
1189 2300 1338 2373 gloriosum
1354 2300 1510 2357 Oswaldum
1537 2302 1598 2357 huic
1624 2301 1687 2357 rite
1713 2299 1826 2355 modum
1841 2298 1934 2369 impo-

276 2388 390 2456 etenim,
407 2390 452 2459 qui
466 2399 663 2461 conuenerant,
678 2393 788 2448 niueam
802 2393 958 2450 columbam
974 2394 1010 2449 de
1035 2410 1083 2449 su·
1137 2387 1233 2457 saissa,
1251 2406 1307 2461 pre
1334 2390 1419 2446 nimia
1442 2390 1568 2463 angustia
1589 2390 1679 2445 cerdis
1701 2386 1843 2443 infirmitas
1870 2400 1934 2441 ccr-

275 2477 353 2547 peris
367 2477 522 2535 venientem
537 2480 665 2551 expensis
678 2480 729 2537 alis
742 2481 816 2538 lento
830 2482 923 2539 relatu
938 2490 1084 2555 protegere
1136 2477 1221 2549 poris,
1236 2494 1297 2550 que
1310 2478 1388 2535 illum
1401 2486 1465 2536 tunc
1494 2480 1563 2536 lorte
1592 2476 1744 2551 premebat,
1774 2476 1802 2531 in
1830 2481 1934 2529 tantum

276 2581 380 2636 corpus
394 2568 535 2624 antistitis.
556 2570 669 2641 igneam
684 2586 794 2641 quoque
818 2571 954 2642 spheram
966 2572 1001 2627 ad
1013 2570 1082 2628 scuti
1135 2566 1272 2623 convaluit
1285 2576 1314 2625 ut
1341 2574 1404 2639 post
1431 2566 1570 2624 modicum
1599 2564 1731 2638 temporis
1758 2572 1853 2620 saneto
1881 2560 1936 2617 line

276 2656 371 2710 teretis
385 2656 471 2712 instar
483 2674 538 2713 una
558 2658 628 2714 celo
660 2660 806 2730 delapsum
836 2675 919 2731 super
950 2660 1081 2716 feretrum
1135 2655 1280 2725 quiescens
1293 2657 1429 2714 universe
1441 2658 1532 2713 cernis
1546 2658 1619 2713 uiam
1634 2655 1757 2721 intraret,
1772 2652 1893 2722 sepultus
1906 2650 1936 2706 in

278 2744 463 2801 intuebantur.
478 2746 514 2801 llt
528 2746 694 2804 admirantes
707 2764 792 2803 unum
820 2757 847 2805 el
860 2748 933 2803 aliud
960 2748 1079 2821 signum,
1134 2744 1252 2801 ecclesia
1266 2760 1349 2817 quam
1364 2746 1391 2800 in
1407 2746 1550 2803 liameseia
1573 2744 1633 2815 ipse
1648 2750 1675 2799 et
1691 2744 1770 2798 Pater
1792 2739 1937 2798 oswaldus

277 2842 397 2905 regnant
411 2843 440 2889 ut
454 2835 500 2907 qui
514 2851 569 2891 uon
583 2836 755 2893 adverterent
780 2836 941 2894 intueantur.
971 2838 1081 2894 lnsonst
1132 2832 1167 2888 de
1180 2848 1230 2889 suo
1245 2833 1425 2891 fabricarent.

279 2922 387 2977 clamor
399 2922 462 2978 hinc
477 2922 584 2993 eliade,
600 2924 682 2997 litque
698 2924 815 2996 diruptio
829 2941 927 2983 recum
941 2924 1078 2982 laudatio·
1168 2922 1276 2978 Transit
1290 2930 1382 2979 autem
1409 2922 1578 2979 venerandus
1605 2922 1717 2996 Deoque
1746 2919 1865 2977 dilectus
1879 2936 1931 2975 an-

277 3011 324 3066 nis
338 3010 454 3073 disine3
471 3011 532 3067 laus
545 3021 635 3069 eutem
650 3013 710 3083 ipsa
724 3029 777 3085 quo
790 3014 880 3087 magis
904 3013 1077 3087 dirumpitur,
1131 3010 1206 3067 tistes
1221 3011 1364 3068 Oswaldus
1391 3013 1426 3069 ab
1454 3014 1505 3068 bac
1531 3012 1588 3069 vita
1601 3011 1637 3067 ad
1663 3010 1751 3067 ritem
1765 3016 1895 3065 eternam
1910 3024 1930 3064 u

272 3099 367 3171 magis
382 3108 512 3172 augetur;
523 3102 659 3172 rumpitur
667 3100 695 3157 in
705 3102 815 3159 canoris
829 3102 950 3170 vocibus,
962 3110 1078 3175 augetur
1131 3098 1316 3155 Kalendarum
1331 3100 1429 3169 llertii,
1443 3100 1599 3157 Transactis
1626 3100 1661 3155 ab
1688 3099 1859 3170 episcopatu,
1874 3112 1930 3169 qao

271 3188 300 3242 in
318 3186 403 3255 jubilo
418 3188 516 3244 cordis.
532 3188 650 3246 lubilant
681 3205 801 3263 namque
833 3191 890 3246 Deo
913 3206 963 3263 pm
975 3189 1075 3263 grafia,
1128 3187 1218 3258 prime
1252 3188 1358 3245 iunctus
1389 3195 1457 3257 erat,
1487 3189 1601 3262 triginta
1632 3188 1675 3245 vel
1702 3186 1819 3259 amplius
1832 3184 1927 3247 annis:

271 3291 356 3347 mam
371 3277 399 3331 in
414 3285 486 3333 tanta
501 3278 671 3336 multitudine
685 3287 837 3336 monstrare
864 3279 893 3333 in
920 3281 999 3335 Patre
1025 3294 1074 3336 suo
1127 3276 1326 3348 conditumque
1341 3284 1384 3333 est
1398 3276 1553 3335 venerabile
1567 3292 1664 3348 corpus
1692 3276 1773 3343 illius,
1800 3274 1838 3329 uti
1853 3290 1928 3347 pre·

270 3365 401 3438 dignatus
415 3374 475 3436 est;
490 3383 541 3433 per
550 3368 706 3424 columbam
716 3368 844 3426 videlicet
854 3370 998 3426 osteudens
1008 3370 1073 3424 sim·
1126 3365 1257 3436 diximus,
1274 3367 1426 3440 Wigome,
1448 3367 1477 3422 in
1505 3367 1619 3424 ecclesis
1646 3363 1851 3438 gloriosissime
1879 3362 1929 3418 liei

269 3453 424 3526 plioitstem
439 3463 468 3511 et
481 3455 663 3512 muscentism
678 3457 796 3528 pectoris
808 3457 885 3527 ejus;
899 3473 950 3528 per
963 3458 1072 3530 igneam
1086 3485 1112 3550 C
1126 3455 1267 3528 genitricis
1280 3465 1307 3512 et
1321 3463 1463 3528 perpetue
1477 3455 1591 3528 virginis
1600 3455 1701 3510 llarie.
1712 3454 1784 3510 Saue
1795 3459 1825 3508 ut
1839 3450 1931 3524 grstia

270 3543 422 3614 spheram,
438 3543 550 3600 feruens
564 3544 684 3601 studium
698 3561 752 3618 quo
765 3546 899 3616 preditus
914 3555 972 3601 erat
985 3547 1013 3600 in
1027 3545 1073 3601 ‹ti-
1131 3541 1233 3600 Cbristi
1246 3543 1373 3616 designet
1387 3543 1547 3600 mortslibus
1561 3541 1719 3600 oswaldum
1730 3539 1831 3595 mundo
1850 3552 1928 3594 mor-

268 3631 388 3688 leotione
402 3631 452 3688 Dei
466 3640 494 3688 et
507 3632 624 3705 proximi
638 3634 747 3690 animm
760 3636 831 3706 eius.
857 3635 969 3690 luterim
989 3650 1076 3691 sene-
1130 3639 1206 3688 tuum
1220 3630 1275 3686 sibi
1289 3631 1394 3699 virere,
1410 3631 1455 3704 qui
1470 3647 1533 3688 eum
1562 3646 1616 3687 uon
1644 3629 1719 3700 quasi
1733 3627 1841 3699 penitus
1855 3639 1935 3682 mor-

269 3719 358 3776 rabile
371 3735 471 3793 corpus
485 3721 607 3778 oratorio
622 3721 745 3791 infertur,
775 3730 873 3794 cepte
899 3722 1077 3793 protectionis
1130 3724 1206 3774 tuum
1220 3719 1370 3792 requirunt,
1385 3735 1450 3776 vere
1478 3719 1594 3774 virentis
1622 3726 1649 3773 et
1662 3723 1724 3772 unte
1752 3731 1783 3772 se
1815 3712 1930 3768 multum

269 3807 376 3878 prelati
390 3808 464 3881 ignis
477 3816 559 3880 atque
578 3811 713 3868 columbe
740 3811 944 3867 continuatione
958 3810 1076 3866 comita·
1129 3807 1246 3864 salenlis
1260 3806 1360 3864 indicia
1375 3808 1403 3864 in
1417 3823 1450 3866 co
1465 3807 1611 3880 reperiunt.
1624 3805 1704 3875 Quod
1713 3811 1742 3860 ut
1756 3801 1931 3860 evidentibus

269 3904 341 3951 tum.
357 3899 391 3952 m
405 3897 467 3968 ipso
482 3898 606 3970 deposito
620 3915 714 3956 coram
728 3899 819 3968 altari,
835 3898 904 3955 risio
917 3914 979 3971 que
992 3914 1076 3970 apps-
1129 3897 1279 3968 probemus
1293 3896 1473 3971 argumentis,
1488 3913 1550 3968 que
1565 3912 1615 3967 per
1627 3911 1690 3952 eum
1718 3902 1781 3966 post
1816 3898 1930 3948 mortem

272 3985 328 4041 rnit
342 3985 369 4040 iu
385 3985 531 4043 australem
547 3987 668 4044 ecclesie
695 3988 806 4062 plegem
821 4003 907 4060 prope
925 3987 1013 4043 altare
1032 3988 1075 4043 di·
1128 4001 1207 4042 suam
1222 3987 1294 4043 lacta
1310 3993 1337 4042 et
1364 3987 1399 4042 ul
1427 3994 1547 4042 nostram
1574 3984 1697 4040 notitiam
1725 3989 1790 4038 sunt
1814 3980 1929 4053 perlata,

271 4073 363 4140 vertit,
379 4074 456 4144 quasi
469 4074 559 4131 locum
591 4074 739 4148 designans
769 4076 893 4147 corporis
906 4075 1069 4148 sepeliendi.
1127 4075 1222 4145 paucis
1236 4075 1393 4131 subnectere
1407 4075 1457 4130 rati
1473 4090 1577 4130 sumus:
1593 4073 1648 4130 Sed
1677 4087 1710 4128 ne
1722 4071 1878 4143 judicemur
1892 4068 1927 4124 dc

270 4159 334 4230 Quo
349 4160 697 4220 lactoiutnentiumoculis
715 4164 814 4220 selum
827 4179 954 4220 nmmos
983 4162 1074 4236 elapsa
1126 4163 1313 4237 percipiendis
1326 4164 1441 4238 indigni,
1471 4163 1493 4218 si
1514 4163 1669 4220 invenimur
1683 4161 1718 4218 de
1731 4158 1866 4232 perceptis
1880 4157 1928 4213 in·

268 4258 323 4305 est.
1126 4253 1206 4326 grati,
1222 4268 1273 4324 prc
1287 4252 1321 4308 iis
1336 4252 1435 4325 quibus
1462 4251 1612 4308 scribendis
1640 4250 1759 4306 animum
1787 4247 1926 4314 dedimus,

304 4339 390 4394 Fama
403 4338 486 4413 igitur
498 4339 589 4396 obitus
608 4339 668 4411 ejus
682 4341 882 4413 circunquaque
913 4340 1072 4414 perlabiturs
1127 4341 1225 4411 etiem
1239 4339 1375 4409 effectum,
1391 4347 1471 4412 prout
1484 4340 1558 4396 Deus
1572 4339 1657 4406 dedit,
1673 4337 1748 4393 nacti
1776 4350 1877 4402 sumus,
1893 4333 1929 4387 sit

265 4436 293 4483 et
306 4427 356 4483 illo
369 4428 416 4484 die
429 4444 462 4484 ao
475 4435 555 4485 nocte
568 4428 751 4500 subsequente
778 4429 876 4501 quibus
897 4444 915 4484 a
937 4429 1074 4500 sepultura
1127 4431 1178 4500 ,psi
1193 4428 1371 4501 omnipotenti
1385 4429 1454 4496 Deo,
1470 4427 1554 4496 Patri,
1569 4427 1638 4483 Filio
1652 4431 1680 4482 cl
1707 4423 1819 4496 Spiritui
1833 4427 1927 4476 sonmo

264 4530 366 4588 corpus
379 4517 561 4589 suspenditur,
576 4518 697 4588 undique
711 4518 788 4590 parri
803 4535 835 4575 uc
857 4517 950 4590 magui
972 4517 1072 4574 utrius-
1126 4518 1185 4573 laus
1198 4522 1226 4574 et
1239 4517 1387 4590 gratiarum
1401 4515 1472 4574 ectio
1486 4532 1537 4588 per
1551 4513 1715 4572 immortulia
1729 4510 1828 4568 seems
1841 4524 1924 4564 secu

264 4621 319 4678 que
334 4620 418 4660 sexus
431 4605 555 4662 homines
587 4607 731 4675 adsolant,
760 4622 911 4679 eorumque
938 4606 1071 4662 clamores
1127 4605 1227 4663 lorum.
1245 4609 1344 4664 Amen.

700 4747 830 4821 Explicit
843 4749 904 4805 l'ito
916 4745 1035 4805 Orrooldr'
1045 4747 1250 4820 archiepiscopi
1260 4751 1288 4806 et
1308 4749 1490 4821 confessoris.

663 5021 886 5168 VITA
916 5019 1002 5170 S.
1049 5021 1521 5173 DUNSTANl

805 5245 1072 5304 nucflrsrtscoel
1087 5247 1384 5306 esurusfflnrrsts.

542 5371 869 5468 AUCTORE
908 5373 1240 5467 EADMERO
1279 5374 1632 5470 MONACHO.

790 5667 1025 5772 lNClPl'l'
1052 5669 1389 5779 PROLOGUS

304 5879 377 5949 Quia
391 5882 478 5938 Deum
493 5880 520 5938 in
534 5879 705 5938 sanctissuis
729 5879 880 5936 mirabilem
905 5879 1070 5952 prophetice
1118 5879 1179 5935 que
1193 5868 1326 5926 intentio
1341 5867 1479 5926 Dunstanc
1508 5869 1602 5940 prime
1637 5863 1794 5936 metropolis
1808 5860 1917 5932 ungro-

268 5985 338 6028 voce
350 5969 465 6028 laudam
474 5969 604 6042 jubemur
629 5967 720 6040 (Psoi.
736 5983 826 6041 sxvn,
841 5970 898 6041 36),
914 5983 978 6026 eum
991 5965 1020 6026 iu
1033 5966 1069 6026 iis
1122 5976 1182 6019 rum
1198 5957 1324 6034 pontiliae
1338 5957 1502 6018 mirabiliter
1515 5955 1621 6032 operari
1635 5954 1762 6026 dimum
1776 5958 1827 6022 0⁸³,
1843 5964 1917 6020 (llll-
